{"gold_per_floor":[113,113,124,144,158,184,184,242,242,242,417,45,62,78,78,176,176,195,110,141,161,161,161,195,195,195,209,209,222,222,12,12,116,116,133,144,244,3,17,17,17,17,85,97,97,115,42,59,59,59],"floor_reached":50,"playtime":1208,"items_purged":["Doubt"],"score":487,"play_id":"1dafe492-d325-4b19-b7f0-7f1cd54bfb78","local_time":"20190907201653","is_ascension_mode":false,"campfire_choices":[{"data":"Whirlwind","floor":7,"key":"SMITH"},{"floor":10,"key":"REST"},{"data":"1","floor":15,"key":"LIFT"},{"data":"2","floor":23,"key":"LIFT"},{"data":"3","floor":25,"key":"LIFT"},{"data":"Searing Blow","floor":28,"key":"SMITH"},{"data":"Searing Blow+1","floor":30,"key":"SMITH"},{"data":"Searing Blow+2","floor":32,"key":"SMITH"},{"data":"Searing Blow+3","floor":40,"key":"SMITH"},{"data":"Searing Blow+4","floor":42,"key":"SMITH"},{"data":"Searing Blow+5","floor":45,"key":"SMITH"},{"floor":49,"key":"REST"}],"neow_cost":"NONE","seed_source_timestamp":685937097485700,"circlet_count":0,"master_deck":["Defend_R","Defend_R","Defend_R","Defend_R","Bash","Shrug It Off","Blood for Blood","Spot Weakness","Twin Strike","Whirlwind+1","Searing Blow+6","Reaper","Flex","Heavy Blade+1","Bite","Bite","Bite","Bite","Bite","Cleave","Cleave","Double Tap","Cleave","Madness","Madness","Bloodletting+1","Ghostly Armor","Inflame+1"],"relics":["Black Blood","Bag of Preparation","Singing Bowl","Orichalcum","Girya","Omamori","Red Mask","Magic Flower","Regal Pillow","Ancient Tea Set","Mark of Pain","Pear","Bottled Flame"],"potions_floor_usage":[3,6,6,8,8,16,18,20,33,33,50,50],"damage_taken":[{"damage":1,"enemies":"2 Louse","floor":1,"turns":3},{"damage":8,"enemies":"Jaw Worm","floor":3,"turns":3},{"damage":5,"enemies":"Small Slimes","floor":4,"turns":4},{"damage":18,"enemies":"Blue Slaver","floor":5,"turns":4},{"damage":6,"enemies":"Gremlin Nob","floor":6,"turns":3},{"damage":36,"enemies":"Lagavulin Event","floor":8,"turns":5},{"damage":12,"enemies":"Exordium Thugs","floor":13,"turns":5},{"damage":4,"enemies":"Looter","floor":14,"turns":2},{"damage":32,"enemies":"Slime Boss","floor":16,"turns":7},{"damage":12,"enemies":"3 Byrds","floor":18,"turns":4},{"damage":29,"enemies":"Masked Bandits","floor":20,"turns":4},{"damage":18,"enemies":"Spheric Guardian","floor":21,"turns":4},{"damage":26,"enemies":"Slavers","floor":24,"turns":3},{"damage":14,"enemies":"Centurion and Healer","floor":27,"turns":7},{"damage":9,"enemies":"Snake Plant","floor":29,"turns":2},{"damage":78,"enemies":"Automaton","floor":33,"turns":8},{"damage":0,"enemies":"3 Darklings","floor":35,"turns":1},{"damage":2,"enemies":"Orb Walker","floor":36,"turns":2},{"damage":40,"enemies":"Spire Growth","floor":39,"turns":4},{"damage":15,"enemies":"4 Shapes","floor":44,"turns":1},{"damage":0,"enemies":"3 Darklings","floor":46,"turns":1},{"damage":57,"enemies":"Writhing Mass","floor":48,"turns":5},{"damage":98,"enemies":"Time Eater","floor":50,"turns":7}],"seed_played":"1215872363919724979","potions_obtained":[{"floor":0,"key":"Energy Potion"},{"floor":0,"key":"Swift Potion"},{"floor":0,"key":"EntropicBrew"},{"floor":1,"key":"Poison Potion"},{"floor":5,"key":"Swift Potion"},{"floor":8,"key":"SkillPotion"},{"floor":13,"key":"Swift Potion"},{"floor":16,"key":"SkillPotion"},{"floor":24,"key":"FairyPotion"},{"floor":27,"key":"GamblersBrew"},{"floor":44,"key":"GamblersBrew"},{"floor":46,"key":"Strength Potion"}],"is_trial":false,"path_per_floor":["M","?","M","M","M","E","R","?","T","R","?","$","M","M","R","B",null,"M","?","?","M","?","R","E","R","T","M","R","M","R","$","R","B",null,"M","M","?","$","M","R","?","R","T","M","R","M","$","M","R","B"],"character_chosen":"IRONCLAD","items_purchased":["Girya","Ancient Tea Set","Cleave","Pear","Ghostly Armor"],"campfire_rested":2,"item_purchase_floors":[12,31,31,38,47],"current_hp_per_floor":[80,80,78,79,67,67,67,39,39,63,63,63,59,61,61,35,84,82,82,65,57,57,57,60,60,60,62,62,64,64,64,64,27,64,66,68,68,78,59,59,49,49,49,51,51,66,66,41,80,0],"gold":59,"neow_bonus":"THREE_SMALL_POTIONS","is_prod":false,"is_daily":false,"chose_seed":false,"campfire_upgraded":7,"win_rate":0,"timestamp":1567880213,"path_taken":["M","?","M","M","M","E","R","?","T","R","?","$","M","M","R","BOSS","M","?","?","M","?","R","E","R","T","M","R","M","R","$","R","BOSS","M","M","?","?","M","R","?","R","T","M","R","M","?","?","R","BOSS"],"build_version":"2019-07-17","purchased_purges":1,"victory":false,"max_hp_per_floor":[80,80,80,80,80,80,80,82,82,82,82,82,84,84,84,84,84,84,84,86,86,60,60,60,60,60,62,62,64,64,64,64,64,64,66,68,68,78,78,78,78,78,78,80,80,80,80,80,80,80],"card_choices":[{"not_picked":["Evolve","Armaments"],"picked":"Shrug It Off","floor":1},{"not_picked":["Wild Strike","Metallicize"],"picked":"Blood for Blood","floor":3},{"not_picked":["Rage","Sword Boomerang"],"picked":"Spot Weakness","floor":4},{"not_picked":["Sever Soul","Armaments"],"picked":"Twin Strike","floor":5},{"not_picked":["Disarm","Clothesline"],"picked":"Whirlwind","floor":6},{"not_picked":["Exhume","Perfected Strike","Carnage"],"picked":"Singing Bowl","floor":8},{"not_picked":["Pommel Strike","Headbutt","True Grit"],"picked":"Singing Bowl","floor":13},{"not_picked":["Intimidate","Rampage"],"picked":"Searing Blow","floor":14},{"not_picked":["Barricade","Offering"],"picked":"Reaper","floor":16},{"not_picked":["Clothesline","Pommel Strike"],"picked":"Flex","floor":18},{"not_picked":["Exhume","Armaments","Clash"],"picked":"Singing Bowl","floor":20},{"not_picked":["Rupture","Reaper"],"picked":"Heavy Blade+1","floor":21},{"not_picked":["Combust","Rupture"],"picked":"Cleave","floor":24},{"not_picked":["Clothesline+1","Uppercut","Fire Breathing"],"picked":"Singing Bowl","floor":27},{"not_picked":["Pummel","Rage+1","Clothesline"],"picked":"Singing Bowl","floor":29},{"not_picked":["Immolate","Brutality"],"picked":"Double Tap","floor":33},{"not_picked":["Havoc","Clothesline","Armaments"],"picked":"Singing Bowl","floor":35},{"not_picked":["Sever Soul","Pommel Strike+1","Infernal Blade"],"picked":"Singing Bowl","floor":36},{"not_picked":["Havoc","Warcry"],"picked":"Cleave","floor":39},{"not_picked":["Power Through","Wild Strike+1","Evolve+1"],"picked":"Singing Bowl","floor":44},{"not_picked":["Metallicize","Warcry+1"],"picked":"Bloodletting+1","floor":46},{"not_picked":["Clothesline","Sever Soul"],"picked":"Inflame+1","floor":48}],"player_experience":210462,"relics_obtained":[{"floor":6,"key":"Bag of Preparation"},{"floor":8,"key":"Singing Bowl"},{"floor":9,"key":"Orichalcum"},{"floor":20,"key":"Red Mask"},{"floor":24,"key":"Magic Flower"},{"floor":26,"key":"Regal Pillow"},{"floor":43,"key":"Bottled Flame"}],"event_choices":[{"damage_healed":0,"gold_gain":0,"player_choice":"Ignored","damage_taken":0,"max_hp_gain":0,"max_hp_loss":0,"event_name":"Golden Wing","floor":2,"gold_loss":0},{"damage_healed":0,"gold_gain":30,"player_choice":"Searched \u00272\u0027 times","damage_taken":0,"max_hp_gain":0,"max_hp_loss":0,"event_name":"Dead Adventurer","floor":8,"gold_loss":0},{"damage_healed":0,"gold_gain":175,"player_choice":"AGREE","damage_taken":0,"max_hp_gain":0,"max_hp_loss":0,"event_name":"Liars Game","floor":11,"gold_loss":0,"cards_obtained":["Doubt"]},{"damage_healed":0,"gold_gain":0,"player_choice":"Obtained Relic","damage_taken":0,"relics_obtained":["Omamori"],"max_hp_gain":0,"max_hp_loss":0,"event_name":"Addict","floor":19,"gold_loss":85},{"damage_healed":0,"gold_gain":0,"player_choice":"Fought Bandits","damage_taken":0,"max_hp_gain":0,"max_hp_loss":0,"event_name":"Masked Bandits","floor":20,"gold_loss":0},{"damage_healed":0,"gold_gain":0,"player_choice":"Became a vampire","damage_taken":0,"max_hp_gain":0,"max_hp_loss":26,"event_name":"Vampires","floor":22,"gold_loss":0,"cards_obtained":["Bite","Bite","Bite","Bite","Bite"]},{"damage_healed":0,"gold_gain":100,"player_choice":"Pray","damage_taken":0,"max_hp_gain":0,"max_hp_loss":0,"event_name":"Golden Shrine","floor":37,"gold_loss":0},{"damage_healed":0,"gold_gain":0,"player_choice":"Embrace Madness","damage_taken":10,"max_hp_gain":0,"max_hp_loss":0,"event_name":"Winding Halls","floor":41,"gold_loss":0,"cards_obtained":["Madness","Madness"]}],"is_beta":false,"boss_relics":[{"not_picked":["Empty Cage","Eternal Feather"],"picked":"Black Blood"},{"not_picked":["Busted Crown","Snecko Eye"],"picked":"Mark of Pain"}],"items_purged_floors":[12],"is_endless":false,"potions_floor_spawned":[1,5,8,13,16,24,27,29,44,46],"killed_by":"Time Eater","ascension_level":0}