{"gold_per_floor":[115,129,146,160,9,42,42,59,86,101,114,45,71,88,88,185,185,203,219,232,251,251,251,251],"floor_reached":24,"playtime":1406,"items_purged":["Strike_R"],"score":282,"play_id":"7d1ed4d8-5778-4856-81e1-5a680f1ed04e","local_time":"20190909202059","is_ascension_mode":true,"campfire_choices":[{"data":"Double Tap","floor":7,"key":"SMITH"},{"floor":15,"key":"REST"},{"floor":23,"key":"REST"}],"neow_cost":"NONE","seed_source_timestamp":2423895786567900,"circlet_count":0,"master_deck":["Strike_R","Strike_R","Strike_R","Strike_R","Defend_R","Defend_R","Defend_R","Defend_R","Bash","Pommel Strike","Pommel Strike","Double Tap+1","Shrug It Off","Shockwave","Metallicize","Thunderclap","Headbutt","Headbutt","Flame Barrier","Ghostly Armor","Cleave","Berserk","Shrug It Off","Armaments","Cleave","Iron Wave"],"relics":["Burning Blood","Pantograph","Boot","Anchor","Runic Pyramid","Strawberry"],"potions_floor_usage":[6,13,24,24],"damage_taken":[{"damage":6,"enemies":"Cultist","floor":1,"turns":3},{"damage":4,"enemies":"Small Slimes","floor":2,"turns":3},{"damage":0,"enemies":"2 Louse","floor":3,"turns":2},{"damage":12,"enemies":"2 Fungi Beasts","floor":4,"turns":4},{"damage":13,"enemies":"3 Sentries","floor":6,"turns":9},{"damage":14,"enemies":"Looter","floor":8,"turns":4},{"damage":22,"enemies":"Gremlin Gang","floor":10,"turns":5},{"damage":12,"enemies":"3 Louse","floor":11,"turns":4},{"damage":25,"enemies":"Gremlin Nob","floor":13,"turns":5},{"damage":0,"enemies":"Blue Slaver","floor":14,"turns":4},{"damage":43,"enemies":"Slime Boss","floor":16,"turns":10},{"damage":0,"enemies":"3 Byrds","floor":18,"turns":4},{"damage":13,"enemies":"Shell Parasite","floor":19,"turns":5},{"damage":46,"enemies":"3 Cultists","floor":20,"turns":5},{"damage":35,"enemies":"Snake Plant","floor":21,"turns":5},{"damage":71,"enemies":"Book of Stabbing","floor":24,"turns":5}],"seed_played":"-7814842670800929985","potions_obtained":[{"floor":4,"key":"PowerPotion"},{"floor":8,"key":"Block Potion"},{"floor":11,"key":"BloodPotion"},{"floor":14,"key":"Explosive Potion"},{"floor":16,"key":"Dexterity Potion"},{"floor":21,"key":"Block Potion"}],"is_trial":false,"path_per_floor":["M","M","M","M","$","E","R","M","T","M","M","$","E","M","R","B",null,"M","M","M","M","?","R","E"],"character_chosen":"IRONCLAD","items_purchased":["Shockwave","Flame Barrier"],"campfire_rested":2,"item_purchase_floors":[5,12],"current_hp_per_floor":[88,88,88,82,82,75,75,67,67,51,45,45,26,32,58,46,88,88,81,41,12,19,47,0],"gold":251,"neow_bonus":"TEN_PERCENT_HP_BONUS","is_prod":false,"is_daily":false,"chose_seed":false,"campfire_upgraded":1,"win_rate":0,"timestamp":1568053259,"path_taken":["M","M","M","M","?","E","R","M","T","M","M","$","E","M","R","BOSS","M","M","M","M","?","R","E"],"build_version":"2019-07-17","purchased_purges":1,"victory":false,"max_hp_per_floor":[88,88,88,88,88,88,88,88,88,88,88,88,88,88,88,88,88,88,88,88,88,95,95,95],"card_choices":[{"not_picked":["Headbutt","Anger"],"picked":"Pommel Strike","floor":1},{"not_picked":["Wild Strike","Clothesline"],"picked":"Pommel Strike","floor":2},{"not_picked":["Clash","Clothesline"],"picked":"Double Tap","floor":3},{"not_picked":["Sever Soul","Pommel Strike"],"picked":"Shrug It Off","floor":4},{"not_picked":["Pommel Strike","Clothesline"],"picked":"Metallicize","floor":6},{"not_picked":["Cleave","Evolve"],"picked":"Thunderclap","floor":8},{"not_picked":["Barricade","Sword Boomerang"],"picked":"Headbutt","floor":10},{"not_picked":["Rampage","Rupture"],"picked":"Headbutt","floor":11},{"not_picked":["Pommel Strike","Thunderclap"],"picked":"Ghostly Armor","floor":13},{"not_picked":["Sentinel","Body Slam"],"picked":"Cleave","floor":14},{"not_picked":["Impervious","Dark Embrace"],"picked":"Berserk","floor":16},{"not_picked":["Whirlwind","Thunderclap"],"picked":"Shrug It Off","floor":18},{"not_picked":["Battle Trance","Searing Blow"],"picked":"Armaments","floor":19},{"not_picked":["Hemokinesis","Warcry"],"picked":"Cleave","floor":20},{"not_picked":["Heavy Blade","Reckless Charge+1"],"picked":"Iron Wave","floor":21}],"player_experience":106809,"relics_obtained":[{"floor":6,"key":"Pantograph"},{"floor":9,"key":"Boot"},{"floor":13,"key":"Anchor"}],"event_choices":[{"damage_healed":0,"gold_gain":0,"player_choice":"Opened","damage_taken":0,"relics_obtained":["Strawberry"],"max_hp_gain":0,"max_hp_loss":0,"event_name":"The Mausoleum","floor":22,"gold_loss":0}],"is_beta":false,"boss_relics":[{"not_picked":["Orrery","Black Blood"],"picked":"Runic Pyramid"}],"items_purged_floors":[5],"is_endless":false,"potions_floor_spawned":[4,8,11,14,16,21],"killed_by":"Book of Stabbing","ascension_level":4}