{"gold_per_floor":[116,116,66,241,241,272,272,299,381,706,723,723,623,641,641,741,741,753,766,133,150,170,196,32,32,32,32,63,78,103,103,103,198,198,215,315,315,315,382,414,414,425,449,449,461,509,563,34,34,34],"floor_reached":51,"playtime":3417,"items_purged":["Doubt"],"score":1173,"play_id":"1f1513fd-062a-4f7b-9bf6-8a5391056a29","local_time":"20190914104427","is_ascension_mode":true,"campfire_choices":[{"data":"Neutralize","floor":7,"key":"SMITH"},{"floor":12,"key":"REST"},{"floor":15,"key":"REST"},{"floor":25,"key":"REST"},{"floor":27,"key":"REST"},{"data":"Concentrate","floor":32,"key":"SMITH"},{"floor":41,"key":"REST"},{"data":"A Thousand Cuts","floor":44,"key":"SMITH"},{"data":"Infinite Blades","floor":49,"key":"SMITH"}],"neow_cost":"NONE","seed_source_timestamp":2819273773241900,"circlet_count":0,"master_deck":["Strike_G+1","Strike_G+1","Defend_G+1","Defend_G+1","Defend_G+1","Defend_G+1","Defend_G+1","Survivor","Neutralize+1","Deadly Poison","Concentrate+1","Sucker Punch","Corpse Explosion","Poisoned Stab","All Out Attack","A Thousand Cuts+1","Flying Knee","Dagger Spray+1","Infinite Blades+1","Discovery","Accuracy","Underhanded Strike","Blade Dance+1","Magnetism","Deadly Poison","Riddle With Holes+1","Deadly Poison+1","Tools of the Trade","Footwork","Heel Hook+1","HandOfGreed","Metamorphosis","Master of Strategy","Catalyst+1","Heel Hook+1","Backflip+1","Blur+1","Accuracy+1","Noxious Fumes","Catalyst","Blur","Underhanded Strike"],"relics":["Ring of the Snake","Bag of Preparation","Dead Branch","Bronze Scales","Mummified Hand","Old Coin","PreservedInsect","Black Star","Vajra","Toy Ornithopter","The Specimen","Mango","Ornamental Fan","Red Mask","Regal Pillow","Thread and Needle","Philosopher\u0027s Stone","Nunchaku","Tough Bandages","Blood Vial","Letter Opener","Strawberry","Mercury Hourglass","Ginger","Centennial Puzzle","HandDrill"],"potions_floor_usage":[10,10,23,30,33,40,50,50,50],"damage_taken":[{"damage":0,"enemies":"Cultist","floor":1,"turns":4},{"damage":27,"enemies":"3 Sentries","floor":6,"turns":16},{"damage":23,"enemies":"Gremlin Nob","floor":8,"turns":5},{"damage":2,"enemies":"3 Sentries","floor":10,"turns":6},{"damage":0,"enemies":"Jaw Worm","floor":11,"turns":4},{"damage":0,"enemies":"2 Louse","floor":14,"turns":1},{"damage":26,"enemies":"The Guardian","floor":16,"turns":9},{"damage":15,"enemies":"Spheric Guardian","floor":18,"turns":5},{"damage":17,"enemies":"Chosen","floor":19,"turns":6},{"damage":7,"enemies":"Snecko","floor":21,"turns":3},{"damage":15,"enemies":"Snake Plant","floor":22,"turns":4},{"damage":15,"enemies":"Book of Stabbing","floor":23,"turns":5},{"damage":0,"enemies":"Masked Bandits","floor":28,"turns":3},{"damage":0,"enemies":"3 Cultists","floor":29,"turns":2},{"damage":0,"enemies":"Slavers","floor":30,"turns":3},{"damage":10,"enemies":"Collector","floor":33,"turns":6},{"damage":0,"enemies":"Orb Walker","floor":35,"turns":2},{"damage":11,"enemies":"Mind Bloom Boss Battle","floor":36,"turns":6},{"damage":22,"enemies":"2 Orb Walkers","floor":39,"turns":3},{"damage":0,"enemies":"Giant Head","floor":40,"turns":4},{"damage":13,"enemies":"3 Darklings","floor":42,"turns":3},{"damage":0,"enemies":"Maw","floor":45,"turns":4},{"damage":11,"enemies":"Reptomancer","floor":46,"turns":3},{"damage":0,"enemies":"Donu and Deca","floor":50,"turns":4}],"seed_played":"7475730800314805303","potions_obtained":[{"floor":6,"key":"LiquidBronze"},{"floor":8,"key":"EssenceOfSteel"},{"floor":18,"key":"SmokeBomb"},{"floor":19,"key":"SpeedPotion"},{"floor":22,"key":"GamblersBrew"},{"floor":23,"key":"FearPotion"},{"floor":39,"key":"Swift Potion"},{"floor":40,"key":"Weak Potion"},{"floor":46,"key":"SkillPotion"}],"is_trial":false,"path_per_floor":["M","?","?","?","T","E","R","E","T","E","M","R","?","M","R","B",null,"M","M","$","M","M","E","$","R","T","R","?","M","E","?","R","B",null,"M","?","?","?","?","E","R","M","T","R","M","E","T","$","R","B",null],"character_chosen":"THE_SILENT","items_purchased":["Vajra","Infinite Blades","Toy Ornithopter","Discovery","GhostInAJar","Magnetism","HandDrill","Noxious Fumes","Catalyst","Blur","Underhanded Strike","Strength Potion","Energy Potion"],"campfire_rested":5,"item_purchase_floors":[20,20,20,20,20,24,48,48,48,48,48,48,48],"current_hp_per_floor":[77,70,70,70,70,43,43,20,20,18,18,41,41,41,64,38,77,62,45,45,38,23,27,27,54,54,81,81,81,86,86,86,81,91,91,80,70,70,48,53,91,78,85,85,87,78,78,78,78,95],"gold":34,"neow_bonus":"TEN_PERCENT_HP_BONUS","is_prod":false,"is_daily":false,"chose_seed":false,"campfire_upgraded":4,"win_rate":0,"timestamp":1568450667,"path_taken":["M","?","?","?","?","E","R","E","T","E","?","R","?","M","R","BOSS","M","M","$","M","M","E","?","R","T","R","?","?","E","?","R","BOSS","M","?","?","?","?","E","R","M","T","R","M","E","?","$","R","BOSS"],"build_version":"2019-07-17","purchased_purges":1,"victory":true,"max_hp_per_floor":[77,77,77,77,77,77,77,77,77,77,77,77,77,77,77,77,77,77,77,77,77,77,91,91,91,91,91,91,91,91,91,91,91,91,91,91,91,91,91,91,91,91,98,98,98,98,98,98,98,98],"card_choices":[{"not_picked":["Cloak And Dagger","Prepared"],"picked":"Deadly Poison","floor":1},{"not_picked":["Slice","Predator"],"picked":"Concentrate","floor":6},{"not_picked":["Blade Dance","Prepared"],"picked":"Sucker Punch","floor":8},{"not_picked":["Slice","Terror"],"picked":"Corpse Explosion","floor":10},{"not_picked":["Skewer","Flying Knee"],"picked":"Poisoned Stab","floor":11},{"not_picked":["Predator","Choke"],"picked":"All Out Attack","floor":14},{"not_picked":["Corpse Explosion","Die Die Die"],"picked":"A Thousand Cuts","floor":16},{"not_picked":["All Out Attack","Acrobatics+1"],"picked":"Flying Knee","floor":18},{"not_picked":["Deflect","Outmaneuver"],"picked":"Dagger Spray+1","floor":19},{"not_picked":["Bane","Backflip"],"picked":"Accuracy","floor":21},{"not_picked":["Endless Agony","Dash"],"picked":"Underhanded Strike","floor":22},{"not_picked":["Die Die Die","Flying Knee"],"picked":"Blade Dance+1","floor":23},{"not_picked":["Skewer","Underhanded Strike"],"picked":"Deadly Poison","floor":28},{"not_picked":["Concentrate","Quick Slash"],"picked":"Riddle With Holes+1","floor":29},{"not_picked":["Blade Dance+1","Sucker Punch"],"picked":"Deadly Poison+1","floor":30},{"not_picked":["Corpse Explosion","Wraith Form v2"],"picked":"Tools of the Trade","floor":33},{"not_picked":["Bane+1","Dagger Throw+1"],"picked":"Footwork","floor":35},{"not_picked":["Flying Knee+1","Quick Slash"],"picked":"Heel Hook+1","floor":36},{"not_picked":["Sadistic Nature","Thinking Ahead"],"picked":"HandOfGreed","floor":37},{"not_picked":["HandOfGreed","Finesse"],"picked":"Metamorphosis","floor":37},{"not_picked":["Good Instincts","PanicButton"],"picked":"Master of Strategy","floor":37},{"not_picked":["Reflex","Deadly Poison"],"picked":"Catalyst+1","floor":39},{"not_picked":["Setup","Eviscerate+1"],"picked":"Heel Hook+1","floor":40},{"not_picked":["Dagger Throw+1","Outmaneuver"],"picked":"Backflip+1","floor":42},{"not_picked":["Flying Knee+1","Reflex"],"picked":"Blur+1","floor":45},{"not_picked":["Adrenaline","Outmaneuver+1"],"picked":"Accuracy+1","floor":46}],"player_experience":186941,"relics_obtained":[{"floor":5,"key":"Bag of Preparation"},{"floor":6,"key":"Dead Branch"},{"floor":8,"key":"Bronze Scales"},{"floor":9,"key":"Mummified Hand"},{"floor":10,"key":"Old Coin"},{"floor":23,"key":"The Specimen"},{"floor":23,"key":"Mango"},{"floor":26,"key":"Ornamental Fan"},{"floor":28,"key":"Red Mask"},{"floor":30,"key":"Regal Pillow"},{"floor":30,"key":"Thread and Needle"},{"floor":36,"key":"Nunchaku"},{"floor":39,"key":"Tough Bandages"},{"floor":40,"key":"Blood Vial"},{"floor":40,"key":"Letter Opener"},{"floor":43,"key":"Strawberry"},{"floor":46,"key":"Mercury Hourglass"},{"floor":46,"key":"Ginger"},{"floor":47,"key":"Centennial Puzzle"}],"event_choices":[{"cards_removed":["Strike_G"],"damage_healed":0,"gold_gain":0,"player_choice":"Card Removal","damage_taken":7,"max_hp_gain":0,"max_hp_loss":0,"event_name":"Golden Wing","floor":2,"gold_loss":0},{"cards_removed":["Strike_G"],"damage_healed":0,"gold_gain":0,"player_choice":"Card Removal","damage_taken":0,"max_hp_gain":0,"max_hp_loss":0,"event_name":"The Cleric","floor":3,"gold_loss":50},{"damage_healed":0,"gold_gain":175,"player_choice":"AGREE","damage_taken":0,"max_hp_gain":0,"max_hp_loss":0,"event_name":"Liars Game","floor":4,"gold_loss":0,"cards_obtained":["Doubt"]},{"damage_healed":0,"gold_gain":0,"player_choice":"Paid Gold","damage_taken":0,"relics_obtained":["PreservedInsect"],"max_hp_gain":0,"max_hp_loss":0,"event_name":"WeMeetAgain","floor":13,"gold_loss":100},{"damage_healed":0,"gold_gain":0,"player_choice":"Fought Bandits","damage_taken":0,"max_hp_gain":0,"max_hp_loss":0,"event_name":"Masked Bandits","floor":28,"gold_loss":0},{"damage_healed":0,"gold_gain":0,"player_choice":"Simplicity","damage_taken":0,"max_hp_gain":0,"max_hp_loss":0,"event_name":"Back to Basics","floor":31,"gold_loss":0,"cards_upgraded":["Strike_G","Strike_G","Strike_G","Defend_G","Defend_G","Defend_G","Defend_G","Defend_G"]},{"damage_healed":0,"gold_gain":0,"player_choice":"Fight","damage_taken":0,"max_hp_gain":0,"max_hp_loss":0,"event_name":"MindBloom","floor":36,"gold_loss":0},{"damage_healed":0,"gold_gain":0,"player_choice":"Memory 3","damage_taken":10,"max_hp_gain":0,"max_hp_loss":0,"event_name":"SensoryStone","floor":37,"gold_loss":0},{"cards_removed":["Strike_G"],"damage_healed":0,"gold_gain":0,"player_choice":"Removed Attack","damage_taken":0,"max_hp_gain":0,"max_hp_loss":0,"event_name":"Falling","floor":38,"gold_loss":0},{"damage_healed":0,"gold_gain":0,"player_choice":"Fight","damage_taken":0,"max_hp_gain":0,"max_hp_loss":0,"event_name":"Mysterious Sphere","floor":39,"gold_loss":0}],"is_beta":false,"boss_relics":[{"not_picked":["Orrery","Busted Crown"],"picked":"Black Star"},{"not_picked":["Coffee Dripper","Calling Bell"],"picked":"Philosopher\u0027s Stone"}],"items_purged_floors":[20],"is_endless":false,"potions_floor_spawned":[6,8,18,19,22,23,39,40,46],"ascension_level":4}