{"gold_per_floor":[211,100,100,32,32,76,76,114,114,114],"floor_reached":10,"playtime":376,"items_purged":[],"score":79,"play_id":"e80574f2-59cf-49ab-8ff1-ecb341baac06","local_time":"20190912202102","is_ascension_mode":true,"campfire_choices":[{"floor":7,"key":"REST"}],"neow_cost":"NONE","seed_source_timestamp":2684130035439200,"circlet_count":0,"master_deck":["Strike_B","Strike_B","Strike_B+1","Strike_B+1","Defend_B","Defend_B","Defend_B","Defend_B","Zap","Dualcast","Sweeping Beam","Defragment","FTL","White Noise","Sweeping Beam","Buffer"],"relics":["Cracked Core","Golden Idol","Gremlin Horn","Pantograph","Mummified Hand","Whetstone"],"potions_floor_usage":[10],"damage_taken":[{"damage":3,"enemies":"Small Slimes","floor":1,"turns":4},{"damage":20,"enemies":"Gremlin Nob","floor":6,"turns":5},{"damage":31,"enemies":"Lagavulin","floor":8,"turns":7},{"damage":31,"enemies":"3 Sentries","floor":10,"turns":4}],"seed_played":"-5683534484285271458","potions_obtained":[{"floor":1,"key":"Weak Potion"},{"floor":6,"key":"Swift Potion"}],"is_trial":false,"path_per_floor":["M","$","?","$","?","E","R","E","T","E"],"character_chosen":"DEFECT","items_purchased":["Defragment","FTL","White Noise"],"campfire_rested":1,"item_purchase_floors":[2,2,4],"current_hp_per_floor":[72,72,54,54,54,34,56,25,25,0],"gold":114,"neow_bonus":"HUNDRED_GOLD","is_prod":false,"is_daily":false,"chose_seed":false,"campfire_upgraded":0,"win_rate":0,"timestamp":1568312462,"path_taken":["M","$","?","?","?","E","R","E","T","E"],"build_version":"2019-07-17","purchased_purges":0,"victory":false,"max_hp_per_floor":[75,75,75,75,75,75,75,75,75,75],"card_choices":[{"not_picked":["Auto Shields","Barrage"],"picked":"Sweeping Beam","floor":1},{"not_picked":["Gash","Compile Driver"],"picked":"Sweeping Beam","floor":6},{"not_picked":["Scrape","Static Discharge"],"picked":"Buffer","floor":8}],"player_experience":153328,"relics_obtained":[{"floor":6,"key":"Pantograph"},{"floor":8,"key":"Mummified Hand"},{"floor":9,"key":"Whetstone"}],"event_choices":[{"damage_healed":0,"gold_gain":0,"player_choice":"Take Damage","damage_taken":18,"relics_obtained":["Golden Idol"],"max_hp_gain":0,"max_hp_loss":0,"event_name":"Golden Idol","floor":3,"gold_loss":0},{"damage_healed":0,"gold_gain":0,"player_choice":"Gave Potion","damage_taken":0,"relics_obtained":["Gremlin Horn"],"max_hp_gain":0,"max_hp_loss":0,"event_name":"WeMeetAgain","floor":5,"gold_loss":0}],"is_beta":false,"boss_relics":[],"items_purged_floors":[],"is_endless":false,"potions_floor_spawned":[1,6],"killed_by":"3 Sentries","ascension_level":2}