{"gold_per_floor":[118,134,149,149,166,166,194,194,221,221,72,72,105,105,105,226,226,242,257,257,271,271],"floor_reached":22,"playtime":824,"items_purged":[],"score":252,"play_id":"a0ed1a71-b245-441e-ab76-7bee1b038a00","local_time":"20190922105805","is_ascension_mode":true,"campfire_choices":[{"data":"Bash","floor":6.0,"key":"SMITH"},{"data":"Rampage","floor":8.0,"key":"SMITH"},{"data":"Iron Wave","floor":10.0,"key":"SMITH"},{"data":"Seeing Red","floor":12.0,"key":"SMITH"},{"floor":15.0,"key":"REST"}],"neow_cost":"NONE","seed_source_timestamp":3513622151447500,"circlet_count":0,"master_deck":["Strike_R","Strike_R","Strike_R","Strike_R","Defend_R","Defend_R","Defend_R","Defend_R","Bash+1","Iron Wave+1","Cleave","Seeing Red+1","Wild Strike","Shrug It Off","Rampage+1","Shockwave","Feed","Body Slam","Rampage"],"special_seed":0,"relics":["Burning Blood","Anchor","Potion Belt","Lantern","Boot","Golden Idol","Fusion Hammer","Gremlin Horn"],"potions_floor_usage":[22],"damage_taken":[{"damage":3.0,"enemies":"2 Louse","floor":1.0,"turns":4.0},{"damage":0.0,"enemies":"Cultist","floor":2.0,"turns":4.0},{"damage":0.0,"enemies":"Small Slimes","floor":3.0,"turns":4.0},{"damage":13.0,"enemies":"Exordium Wildlife","floor":5.0,"turns":4.0},{"damage":15.0,"enemies":"Lagavulin","floor":7.0,"turns":6.0},{"damage":21.0,"enemies":"Gremlin Nob","floor":13.0,"turns":4.0},{"damage":55.0,"enemies":"The Guardian","floor":16.0,"turns":14.0},{"damage":20.0,"enemies":"Spheric Guardian","floor":18.0,"turns":4.0},{"damage":0,"enemies":"Chosen","floor":19,"turns":3},{"damage":33,"enemies":"Snake Plant","floor":21,"turns":4},{"damage":38,"enemies":"Shelled Parasite and Fungi","floor":22,"turns":5}],"seed_played":"7965340189532332721","potions_obtained":[{"floor":2.0,"key":"Energy Potion"},{"floor":3.0,"key":"SkillPotion"},{"floor":5.0,"key":"Block Potion"},{"floor":16.0,"key":"Energy Potion"},{"floor":19,"key":"Weak Potion"}],"is_trial":false,"path_per_floor":["M","M","M","?","M","R","E","R","T","R","$","R","E","?","R","B",null,"M","M","?","M","M"],"character_chosen":"IRONCLAD","items_purchased":["Lantern"],"campfire_rested":1,"item_purchase_floors":[11],"current_hp_per_floor":[83,88,88,88,81,81,72,72,72,72,72,72,57,35,61,12,69,55,61,61,37,0],"gold":271,"neow_bonus":"TEN_PERCENT_HP_BONUS","is_prod":false,"is_daily":false,"chose_seed":false,"campfire_upgraded":4,"win_rate":0,"timestamp":1569142685,"path_taken":["M","M","M","?","M","R","E","R","T","R","?","R","E","?","R","BOSS","M","M","?","?","M"],"build_version":"2019-07-17","purchased_purges":0,"victory":false,"max_hp_per_floor":[88,88,88,88,88,88,88,88,88,88,88,88,88,88,88,88,88,88,88,88,91,91],"card_choices":[{"not_picked":["Anger","Flex"],"picked":"Iron Wave","floor":1.0},{"not_picked":["Clothesline","Shrug It Off"],"picked":"Cleave","floor":2.0},{"not_picked":["Combust","Heavy Blade"],"picked":"Seeing Red","floor":3.0},{"not_picked":["Pommel Strike","Reckless Charge"],"picked":"Shrug It Off","floor":5.0},{"not_picked":["Sentinel","Barricade"],"picked":"Rampage","floor":7.0},{"not_picked":["Dropkick","Headbutt"],"picked":"Shockwave","floor":13.0},{"not_picked":["Bludgeon","Immolate"],"picked":"Feed","floor":16.0},{"not_picked":["Rage","Searing Blow"],"picked":"Body Slam","floor":18.0},{"not_picked":["Headbutt","Body Slam"],"picked":"Rampage","floor":19},{"not_picked":["Wild Strike","Pommel Strike","Heavy Blade"],"picked":"SKIP","floor":21}],"player_experience":295244,"relics_obtained":[{"floor":7.0,"key":"Anchor"},{"floor":9.0,"key":"Potion Belt"},{"floor":13.0,"key":"Boot"}],"event_choices":[{"damage_healed":0.0,"max_hp_gain":0.0,"max_hp_loss":0.0,"gold_gain":0.0,"cards_transformed":["Strike_R"],"event_name":"Transmorgrifier","player_choice":"Transformed","floor":4.0,"gold_loss":0.0,"damage_taken":0.0,"cards_obtained":["Wild Strike"]},{"damage_healed":0.0,"max_hp_gain":0.0,"max_hp_loss":0.0,"gold_gain":0.0,"event_name":"Golden Idol","player_choice":"Take Damage","floor":14.0,"gold_loss":0.0,"damage_taken":22.0,"relics_obtained":["Golden Idol"]},{"damage_healed":0,"gold_gain":0,"player_choice":"Gave Potion","damage_taken":0,"relics_obtained":["Gremlin Horn"],"max_hp_gain":0,"max_hp_loss":0,"event_name":"WeMeetAgain","floor":20,"gold_loss":0}],"is_beta":false,"boss_relics":[{"not_picked":["Orrery","Sozu"],"picked":"Fusion Hammer"}],"items_purged_floors":[],"is_endless":false,"potions_floor_spawned":[2,3,5,16,19],"killed_by":"Shelled Parasite and Fungi","ascension_level":6}