{"gold_per_floor":[114,114,64,239,258,258,58,96,96,115,153,153,191,210,210,335,335,354,354,373,41,60,98,117,136,136,136],"floor_reached":27,"playtime":1760,"items_purged":["Doubt"],"score":253,"play_id":"44b8036e-d807-4cb3-b910-bcebdccb71a7","local_time":"20190910180152","daily_mods":["Allstar","ControlledChaos","Lethality"],"is_ascension_mode":false,"campfire_choices":[{"data":"Transmutation","floor":6,"key":"SMITH"},{"floor":12,"key":"REST"},{"floor":15,"key":"REST"}],"neow_cost":"","seed_source_timestamp":0,"circlet_count":0,"master_deck":["Strike_B","Strike_B","Strike_B","Strike_B","Defend_B","Defend_B","Defend_B","Defend_B+1","Zap","Dualcast","Dark Shackles","Chrysalis","Thinking Ahead","Transmutation+1","Turbo+1","FTL","Sunder","Conserve Battery","Aggregate","Gash","Double Energy","Buffer","Gash","Heatsinks","Storm","Tempest","Turbo+1","Gash+1","Turbo","Coolheaded+1"],"special_seed":18149,"relics":["Cracked Core","Frozen Eye","Golden Idol","Membership Card","Sundial","Ginger","War Paint","Omamori","Cursed Key","Mercury Hourglass","Art of War","Regal Pillow","DataDisk"],"potions_floor_usage":[11,16,23,23,25,25,25],"damage_taken":[{"damage":3,"enemies":"Cultist","floor":1,"turns":4},{"damage":0,"enemies":"Small Slimes","floor":5,"turns":4},{"damage":3,"enemies":"Lagavulin","floor":8,"turns":7},{"damage":0,"enemies":"2 Louse","floor":10,"turns":1},{"damage":26,"enemies":"3 Sentries","floor":11,"turns":6},{"damage":30,"enemies":"Gremlin Nob","floor":13,"turns":4},{"damage":11,"enemies":"Blue Slaver","floor":14,"turns":4},{"damage":45,"enemies":"Hexaghost","floor":16,"turns":7},{"damage":24,"enemies":"Spheric Guardian","floor":18,"turns":4},{"damage":13,"enemies":"2 Thieves","floor":20,"turns":4},{"damage":6,"enemies":"Snecko","floor":22,"turns":3},{"damage":47,"enemies":"Slavers","floor":23,"turns":4},{"damage":0,"enemies":"Snake Plant","floor":24,"turns":2},{"damage":16,"enemies":"Centurion and Healer","floor":25,"turns":3},{"damage":7,"enemies":"Sentry and Sphere","floor":27,"turns":2}],"seed_played":"-2019091919032284285","potions_obtained":[{"floor":8,"key":"Regen Potion"},{"floor":11,"key":"FocusPotion"},{"floor":16,"key":"FearPotion"},{"floor":18,"key":"LiquidBronze"},{"floor":23,"key":"Poison Potion"},{"floor":24,"key":"AttackPotion"}],"is_trial":false,"path_per_floor":["M","?","?","?","M","R","$","E","T","M","E","R","E","M","R","B",null,"M","?","M","$","M","E","M","M","T","M"],"character_chosen":"DEFECT","items_purchased":["Membership Card","Mercury Hourglass","Storm","Art of War","Tempest","Regen Potion"],"campfire_rested":2,"item_purchase_floors":[7,21,21,21,21,21],"current_hp_per_floor":[72,72,72,72,72,72,72,69,69,69,58,75,45,34,56,11,75,51,75,62,62,56,21,21,5,5,0],"gold":136,"neow_bonus":"","is_prod":false,"is_daily":true,"chose_seed":false,"campfire_upgraded":1,"win_rate":0,"timestamp":1568131312,"path_taken":["M","?","?","?","M","R","?","E","T","M","E","R","E","?","R","BOSS","M","?","M","$","M","E","M","?","T","?"],"build_version":"2019-07-17","purchased_purges":1,"victory":false,"max_hp_per_floor":[75,75,75,75,75,75,75,75,75,75,75,75,75,75,75,75,75,75,75,75,75,75,75,75,75,75,75],"card_choices":[{"not_picked":["Compile Driver","Leap"],"picked":"Turbo","floor":1},{"not_picked":["Cold Snap","Redo"],"picked":"FTL","floor":5},{"not_picked":["Auto Shields","Steam"],"picked":"Sunder","floor":8},{"not_picked":["Sweeping Beam","Go for the Eyes"],"picked":"Conserve Battery","floor":10},{"not_picked":["Barrage","Ball Lightning"],"picked":"Aggregate","floor":11},{"not_picked":["Core Surge","Coolheaded"],"picked":"Gash","floor":13},{"not_picked":["Ball Lightning","Steam"],"picked":"Double Energy","floor":14},{"not_picked":["Hyperbeam","Thunder Strike"],"picked":"Buffer","floor":16},{"not_picked":["Steam Power","Go for the Eyes"],"picked":"Gash","floor":18},{"not_picked":["Conserve Battery","Barrage"],"picked":"Heatsinks","floor":20},{"not_picked":["Steam","Undo"],"picked":"Turbo+1","floor":22},{"not_picked":["Rebound","Sweeping Beam"],"picked":"Gash+1","floor":23},{"not_picked":["Fusion","Beam Cell"],"picked":"Turbo","floor":24},{"not_picked":["Biased Cognition","Beam Cell"],"picked":"Coolheaded+1","floor":25}],"player_experience":118589,"relics_obtained":[{"floor":8,"key":"Sundial"},{"floor":9,"key":"Ginger"},{"floor":11,"key":"War Paint"},{"floor":13,"key":"Omamori"},{"floor":23,"key":"Regal Pillow"},{"floor":26,"key":"DataDisk"}],"event_choices":[{"damage_healed":0,"gold_gain":0,"player_choice":"Take Wound","damage_taken":0,"relics_obtained":["Golden Idol"],"max_hp_gain":0,"max_hp_loss":0,"event_name":"Golden Idol","floor":2,"gold_loss":0,"cards_obtained":["Injury"]},{"cards_removed":["Injury"],"damage_healed":0,"gold_gain":0,"player_choice":"Card Removal","damage_taken":0,"max_hp_gain":0,"max_hp_loss":0,"event_name":"The Cleric","floor":3,"gold_loss":50},{"damage_healed":0,"gold_gain":175,"player_choice":"AGREE","damage_taken":0,"max_hp_gain":0,"max_hp_loss":0,"event_name":"Liars Game","floor":4,"gold_loss":0,"cards_obtained":["Doubt"]},{"cards_removed":["Purity"],"damage_healed":24,"gold_gain":0,"player_choice":"Offered Uncommon","damage_taken":0,"max_hp_gain":0,"max_hp_loss":0,"event_name":"Bonfire Elementals","floor":19,"gold_loss":0}],"is_beta":false,"boss_relics":[{"not_picked":["Pandora\u0027s Box","Velvet Choker"],"picked":"Cursed Key"}],"items_purged_floors":[21],"is_endless":false,"potions_floor_spawned":[8,11,16,18,23,24],"killed_by":"Sentry and Sphere","ascension_level":0}