{"gold_per_floor":[109,128,128,144,160,195,212,212,212,227,227,244,344,359,359,457,457,476,495,495],"floor_reached":20,"playtime":1588,"items_purged":[],"score":230,"play_id":"4778089b-ff3c-4dae-afa6-f4b0f3125f23","local_time":"20190710133024","is_ascension_mode":false,"campfire_choices":[{"floor":11,"key":"REST"},{"floor":15,"key":"REST"}],"neow_cost":"NONE","seed_source_timestamp":559153786435046,"circlet_count":0,"master_deck":["Strike_R","Strike_R","Strike_R","Defend_R","Defend_R","Defend_R","Defend_R","Combust","Iron Wave","Pain","Headbutt","Hemokinesis","Armaments","Seeing Red","Searing Blow","Ghostly Armor","Rupture","Demon Form","Inflame+1","Shockwave+1","Combust+1","Armaments+1","Flex+1"],"relics":["Burning Blood","WarpedTongs","Happy Flower","Calipers","Kunai","Astrolabe"],"potions_floor_usage":[16,16,20],"damage_taken":[{"damage":0,"enemies":"Small Slimes","floor":1,"turns":4},{"damage":1,"enemies":"Cultist","floor":2,"turns":3},{"damage":15,"enemies":"2 Louse","floor":4,"turns":2},{"damage":11,"enemies":"2 Fungi Beasts","floor":5,"turns":3},{"damage":36,"enemies":"Lagavulin","floor":6,"turns":5},{"damage":16,"enemies":"3 Louse","floor":7,"turns":3},{"damage":19,"enemies":"Red Slaver","floor":10,"turns":3},{"damage":18,"enemies":"Large Slime","floor":12,"turns":3},{"damage":14,"enemies":"3 Louse","floor":14,"turns":3},{"damage":19,"enemies":"Hexaghost","floor":16,"turns":10},{"damage":22,"enemies":"3 Byrds","floor":18,"turns":4},{"damage":28,"enemies":"Spheric Guardian","floor":19,"turns":5},{"damage":42,"enemies":"Shelled Parasite and Fungi","floor":20,"turns":6}],"seed_played":"-1693882975987132690","potions_obtained":[{"floor":1,"key":"Block Potion"},{"floor":2,"key":"LiquidBronze"},{"floor":12,"key":"SteroidPotion"},{"floor":14,"key":"EssenceOfSteel"},{"floor":16,"key":"Strength Potion"},{"floor":19,"key":"Fire Potion"}],"is_trial":false,"path_per_floor":["M","M","?","M","M","E","M","T","T","M","R","M","?","M","R","B",null,"M","M","M"],"character_chosen":"IRONCLAD","items_purchased":[],"campfire_rested":2,"item_purchase_floors":[],"current_hp_per_floor":[80,80,80,71,66,36,26,26,26,13,37,25,25,17,41,28,80,64,42,0],"gold":495,"neow_bonus":"TRANSFORM_CARD","is_prod":false,"is_daily":false,"chose_seed":false,"campfire_upgraded":0,"win_rate":0,"timestamp":1562758224,"path_taken":["M","M","?","M","M","E","?","?","T","M","R","M","?","M","R","BOSS","M","M","?"],"build_version":"2019-07-05","purchased_purges":0,"victory":false,"max_hp_per_floor":[80,80,80,80,80,80,80,80,80,80,80,80,80,80,80,80,80,80,80,80],"card_choices":[{"not_picked":["Twin Strike","Iron Wave"],"picked":"Combust","floor":1},{"not_picked":["Body Slam","Twin Strike"],"picked":"Iron Wave","floor":2},{"not_picked":["Anger","Pommel Strike"],"picked":"Headbutt","floor":4},{"not_picked":["Perfected Strike","Battle Trance"],"picked":"Hemokinesis","floor":5},{"not_picked":["Combust","Cleave"],"picked":"Armaments","floor":6},{"not_picked":["Cleave","Thunderclap"],"picked":"Seeing Red","floor":7},{"not_picked":["Dual Wield","Perfected Strike"],"picked":"Searing Blow","floor":10},{"not_picked":["Heavy Blade","Whirlwind"],"picked":"Ghostly Armor","floor":12},{"not_picked":["Flame Barrier","True Grit"],"picked":"Rupture","floor":14},{"not_picked":["Impervious","Double Tap"],"picked":"Demon Form","floor":16},{"not_picked":["Flame Barrier","Rampage"],"picked":"Armaments+1","floor":18},{"not_picked":["Carnage","Sword Boomerang+1"],"picked":"Flex+1","floor":19}],"player_experience":25155,"relics_obtained":[{"floor":6,"key":"Happy Flower"},{"floor":8,"key":"Calipers"},{"floor":9,"key":"Kunai"}],"event_choices":[{"damage_healed":0,"gold_gain":0,"player_choice":"Rummage","damage_taken":0,"relics_obtained":["WarpedTongs"],"max_hp_gain":0,"max_hp_loss":0,"event_name":"Accursed Blacksmith","floor":3,"gold_loss":0,"cards_obtained":["Pain"]},{"damage_healed":0,"gold_gain":100,"player_choice":"Pray","damage_taken":0,"max_hp_gain":0,"max_hp_loss":0,"event_name":"Golden Shrine","floor":13,"gold_loss":0}],"is_beta":false,"boss_relics":[{"not_picked":["Snecko Eye","Velvet Choker"],"picked":"Astrolabe"}],"items_purged_floors":[],"is_endless":false,"potions_floor_spawned":[1,2,12,14,16,19],"killed_by":"Shelled Parasite and Fungi","ascension_level":0}