{"gold_per_floor":[112,112,387,405,126,126,1,1,27,87,107,7,37,66,66,143,143,158,158,173,183,183,212,212,244,244,244,18,30,57,73,73,147,147,157,257,273,288,299,299,299,299,325,338,354,354,370,23,23,23],"floor_reached":51,"playtime":2836,"items_purged":["Regret","Clumsy"],"score":1283,"play_id":"3b23e716-6ddb-40c7-9113-7c09bdb863da","local_time":"20191001205726","is_ascension_mode":true,"campfire_choices":[{"floor":6.0,"key":"DIG"},{"floor":8.0,"key":"DIG"},{"floor":15.0,"key":"DIG"},{"floor":24.0,"key":"REST"},{"floor":27.0,"key":"REST"},{"floor":32.0,"key":"REST"},{"floor":40.0,"key":"REST"},{"floor":46.0,"key":"REST"},{"floor":49,"key":"REST"}],"neow_cost":"CURSE","seed_source_timestamp":253349926249800,"circlet_count":0,"master_deck":["AscendersBane","Strike_G+1","Strike_G","Strike_G","Strike_G","Defend_G","Defend_G","Defend_G","Defend_G","Defend_G+1","Survivor","Neutralize","Backflip","Bouncing Flask","Footwork","Backflip","Slice+1","Deadly Poison","Caltrops","PiercingWail","After Image","Crippling Poison","PiercingWail+1","Crippling Poison+1","Distraction","Crippling Poison","Finesse","Blade Dance+1","Noxious Fumes","Footwork","A Thousand Cuts","Poisoned Stab","Poisoned Stab+1","Slice","Cloak And Dagger","Heel Hook","Sadistic Nature","Footwork","Leg Sweep","Dodge and Roll"],"special_seed":0,"relics":["Ring of the Snake","Shovel","Lee\u0027s Waffle","Potion Belt","Snake Skull","Strawberry","Tiny Chest","Odd Mushroom","Bronze Scales","Omamori","Sozu","WarpedTongs","Whetstone","Regal Pillow","Paper Crane","Ancient Tea Set","Happy Flower","Busted Crown","Thread and Needle","Tough Bandages","War Paint"],"potions_floor_usage":[],"damage_taken":[{"damage":0.0,"enemies":"2 Louse","floor":1.0,"turns":3.0},{"damage":1.0,"enemies":"Small Slimes","floor":4.0,"turns":6.0},{"damage":4.0,"enemies":"Lagavulin","floor":10.0,"turns":8.0},{"damage":0.0,"enemies":"Cultist","floor":11.0,"turns":4.0},{"damage":7.0,"enemies":"The Mushroom Lair","floor":13.0,"turns":7.0},{"damage":26.0,"enemies":"Gremlin Nob","floor":14.0,"turns":5.0},{"damage":24.0,"enemies":"Slime Boss","floor":16.0,"turns":6.0},{"damage":27.0,"enemies":"3 Byrds","floor":18.0,"turns":5.0},{"damage":0.0,"enemies":"Chosen","floor":20.0,"turns":4.0},{"damage":13.0,"enemies":"Sentry and Sphere","floor":21.0,"turns":5.0},{"damage":0.0,"enemies":"Book of Stabbing","floor":23.0,"turns":5.0},{"damage":40.0,"enemies":"Gremlin Leader","floor":25.0,"turns":6.0},{"damage":7.0,"enemies":"Snecko","floor":29.0,"turns":5.0},{"damage":15.0,"enemies":"Slavers","floor":30.0,"turns":6.0},{"damage":1.0,"enemies":"Snake Plant","floor":31.0,"turns":4.0},{"damage":16.0,"enemies":"Champ","floor":33.0,"turns":12.0},{"damage":11.0,"enemies":"Orb Walker","floor":35.0,"turns":4.0},{"damage":14.0,"enemies":"Mind Bloom Boss Battle","floor":36.0,"turns":7.0},{"damage":14.0,"enemies":"3 Darklings","floor":37.0,"turns":4.0},{"damage":7.0,"enemies":"4 Shapes","floor":38.0,"turns":4.0},{"damage":9.0,"enemies":"Sphere and 2 Shapes","floor":39.0,"turns":5.0},{"damage":2.0,"enemies":"Jaw Worm Horde","floor":44.0,"turns":3.0},{"damage":6.0,"enemies":"Writhing Mass","floor":45.0,"turns":6.0},{"damage":16.0,"enemies":"Spire Growth","floor":47.0,"turns":5.0},{"damage":51,"enemies":"Awakened One","floor":50,"turns":14}],"seed_played":"-161834273826899307","potions_obtained":[{"floor":11.0,"key":"FearPotion"},{"floor":13.0,"key":"SteroidPotion"},{"floor":16.0,"key":"Ancient Potion"}],"is_trial":false,"path_per_floor":["M","?","?","M","$","R","$","R","T","E","M","$","?","E","R","B",null,"M","?","M","M","?","E","R","E","T","R","$","M","E","M","R","B",null,"M","?","M","M","M","R","?","?","T","M","M","R","M","$","R","B",null],"character_chosen":"THE_SILENT","items_purchased":["Lee\u0027s Waffle","Footwork","Backflip","Ancient Tea Set","Finesse","Sadistic Nature","Footwork","Leg Sweep","Dodge and Roll"],"campfire_rested":6,"item_purchase_floors":[5,7,7,28,28,48,48,48,48],"current_hp_per_floor":[59,39,39,38,73,73,73,73,80,76,76,76,69,43,43,19,65,38,38,38,25,25,25,49,9,9,48,48,41,26,25,64,48,72,61,47,33,26,17,56,56,56,56,54,48,80,64,64,80,29],"gold":23,"neow_bonus":"ONE_RARE_RELIC","is_prod":false,"is_daily":false,"chose_seed":false,"campfire_upgraded":0,"win_rate":0,"timestamp":1569956246,"path_taken":["M","?","?","?","$","R","?","R","T","E","M","$","?","E","R","BOSS","M","?","M","?","?","E","R","E","T","R","?","?","E","M","R","BOSS","M","?","M","M","M","R","?","?","T","M","M","R","M","$","R","BOSS"],"build_version":"2019-07-17","purchased_purges":2,"victory":true,"max_hp_per_floor":[66,66,66,66,73,73,73,73,80,80,80,80,80,80,80,80,80,80,80,80,80,80,80,80,80,80,80,80,80,80,80,80,80,80,80,80,80,80,80,80,80,80,80,80,80,80,80,80,80,80],"card_choices":[{"not_picked":["Blade Dance","Underhanded Strike"],"picked":"Backflip","floor":1.0},{"not_picked":["Blur","Sucker Punch"],"picked":"Bouncing Flask","floor":4.0},{"not_picked":["Eviscerate","Backflip"],"picked":"Slice","floor":10.0},{"not_picked":["Cloak And Dagger","Quick Slash"],"picked":"Deadly Poison","floor":11.0},{"not_picked":["Dodge and Roll","Sucker Punch"],"picked":"Caltrops","floor":13.0},{"not_picked":["Bane","Bullet Time"],"picked":"PiercingWail","floor":14.0},{"not_picked":["Phantasmal Killer","Bullet Time"],"picked":"After Image","floor":16.0},{"not_picked":["Sucker Punch","Dash"],"picked":"Crippling Poison","floor":18.0},{"not_picked":["Flying Knee+1","Dodge and Roll"],"picked":"PiercingWail+1","floor":20.0},{"not_picked":["Deadly Poison+1","Quick Slash+1"],"picked":"Crippling Poison","floor":21.0},{"not_picked":["Underhanded Strike","PiercingWail"],"picked":"Distraction","floor":23.0},{"not_picked":["Backflip","Underhanded Strike"],"picked":"Crippling Poison","floor":25.0},{"not_picked":["Dodge and Roll","Poisoned Stab"],"picked":"Blade Dance","floor":29.0},{"not_picked":["Slice","Heel Hook"],"picked":"Noxious Fumes","floor":30.0},{"not_picked":["Underhanded Strike","Doppelganger"],"picked":"Footwork","floor":31.0},{"not_picked":["Storm of Steel","Adrenaline"],"picked":"A Thousand Cuts","floor":33.0},{"not_picked":["Dagger Throw"],"picked":"SKIP","floor":35.0},{"not_picked":[],"picked":"Poisoned Stab","floor":36.0},{"not_picked":[],"picked":"Poisoned Stab+1","floor":37.0},{"not_picked":["Concentrate"],"picked":"SKIP","floor":38.0},{"not_picked":["Dagger Throw"],"picked":"SKIP","floor":39.0},{"not_picked":[],"picked":"Slice","floor":44.0},{"not_picked":[],"picked":"Cloak And Dagger","floor":45.0},{"not_picked":[],"picked":"Heel Hook","floor":47.0}],"player_experience":399046,"relics_obtained":[{"floor":6.0,"key":"Potion Belt"},{"floor":8.0,"key":"Snake Skull"},{"floor":9.0,"key":"Strawberry"},{"floor":10.0,"key":"Tiny Chest"},{"floor":13.0,"key":"Odd Mushroom"},{"floor":14.0,"key":"Bronze Scales"},{"floor":15.0,"key":"Omamori"},{"floor":23.0,"key":"Whetstone"},{"floor":25.0,"key":"Regal Pillow"},{"floor":26.0,"key":"Paper Crane"},{"floor":30.0,"key":"Happy Flower"},{"floor":36.0,"key":"Thread and Needle"},{"floor":43.0,"key":"War Paint"}],"event_choices":[{"damage_healed":0.0,"max_hp_gain":0.0,"max_hp_loss":0.0,"gold_gain":0.0,"event_name":"Shining Light","player_choice":"Entered Light","floor":2.0,"gold_loss":0.0,"damage_taken":20.0,"cards_upgraded":["Defend_G","Strike_G"]},{"damage_healed":0.0,"max_hp_gain":0.0,"max_hp_loss":0.0,"gold_gain":275.0,"event_name":"Golden Shrine","player_choice":"Desecrate","floor":3.0,"gold_loss":0.0,"damage_taken":0.0,"cards_obtained":["Regret"]},{"damage_healed":0.0,"max_hp_gain":0.0,"max_hp_loss":0.0,"gold_gain":0.0,"event_name":"Mushrooms","player_choice":"Fought Mushrooms","floor":13.0,"gold_loss":0.0,"damage_taken":0.0},{"damage_healed":0.0,"max_hp_gain":0.0,"max_hp_loss":0.0,"gold_gain":0.0,"event_name":"Accursed Blacksmith","player_choice":"Rummage","floor":19.0,"gold_loss":0.0,"damage_taken":0.0,"relics_obtained":["WarpedTongs"],"cards_obtained":["Pain"]},{"damage_healed":0.0,"max_hp_gain":0.0,"max_hp_loss":0.0,"gold_gain":0.0,"event_name":"Beggar","player_choice":"Ignored","floor":22.0,"gold_loss":0.0,"damage_taken":0.0},{"damage_healed":0.0,"max_hp_gain":0.0,"max_hp_loss":0.0,"gold_gain":0.0,"event_name":"MindBloom","player_choice":"Fight","floor":36.0,"gold_loss":0.0,"damage_taken":0.0},{"cards_removed":["Strike_G"],"damage_healed":0.0,"max_hp_gain":0.0,"max_hp_loss":0.0,"gold_gain":0.0,"event_name":"Falling","player_choice":"Removed Attack","floor":41.0,"gold_loss":0.0,"damage_taken":0.0},{"damage_healed":0.0,"max_hp_gain":0.0,"max_hp_loss":0.0,"gold_gain":0.0,"event_name":"WeMeetAgain","player_choice":"Gave Potion","floor":42.0,"gold_loss":0.0,"damage_taken":0.0,"relics_obtained":["Tough Bandages"]}],"is_beta":false,"boss_relics":[{"not_picked":["Fusion Hammer","Eternal Feather"],"picked":"Sozu"},{"not_picked":["Lizard Tail","WristBlade"],"picked":"Busted Crown"}],"items_purged_floors":[5,12],"is_endless":false,"potions_floor_spawned":[11,13,16,23,25,29,30,31,36,38,44],"ascension_level":15}