{"gold_per_floor":[119,138,154,79,90,125,125,138,161,189,110,128,128,93,93,168,168,182,182,193,193],"floor_reached":21,"playtime":1281,"items_purged":["Strike_B","Strike_B"],"score":382,"play_id":"a4b24d28-22fb-4c50-8134-48ceead8a1bc","local_time":"20191007185532","is_ascension_mode":true,"campfire_choices":[{"floor":7.0,"key":"REST"},{"floor":13.0,"key":"REST"},{"data":"Loop","floor":15.0,"key":"SMITH"}],"neow_cost":"NONE","seed_source_timestamp":766223649499800,"circlet_count":0,"master_deck":["AscendersBane","Strike_B","Strike_B","Defend_B","Defend_B","Defend_B","Defend_B","Zap","Dualcast","Coolheaded","Hello World","Loop+1","Melter","Hologram","BootSequence","Undo","Hologram","Stack","Buffer","Streamline","White Noise","Coolheaded"],"special_seed":0,"relics":["Cracked Core","Smiling Mask","Blood Vial","PreservedInsect","Inserter"],"potions_floor_usage":[],"damage_taken":[{"damage":2.0,"enemies":"Cultist","floor":1.0,"turns":4.0},{"damage":2.0,"enemies":"Jaw Worm","floor":2.0,"turns":5.0},{"damage":10.0,"enemies":"2 Louse","floor":3.0,"turns":3.0},{"damage":13.0,"enemies":"Exordium Thugs","floor":5.0,"turns":5.0},{"damage":34.0,"enemies":"3 Sentries","floor":6.0,"turns":12.0},{"damage":1.0,"enemies":"Looter","floor":8.0,"turns":3.0},{"damage":26.0,"enemies":"Lagavulin","floor":10.0,"turns":9.0},{"damage":0.0,"enemies":"Red Slaver","floor":12.0,"turns":3.0},{"damage":52.0,"enemies":"Hexaghost","floor":16.0,"turns":13.0},{"damage":16.0,"enemies":"Shell Parasite","floor":18.0,"turns":11.0},{"damage":13.0,"enemies":"Chosen","floor":20.0,"turns":6.0},{"damage":39,"enemies":"Sentry and Sphere","floor":21,"turns":4}],"seed_played":"6745833644561589580","potions_obtained":[{"floor":1.0,"key":"SpeedPotion"},{"floor":3.0,"key":"PowerPotion"},{"floor":6.0,"key":"Block Potion"},{"floor":10.0,"key":"Energy Potion"},{"floor":18.0,"key":"FearPotion"}],"is_trial":false,"path_per_floor":["M","M","M","$","M","E","R","M","T","E","$","M","R","?","R","B",null,"M","?","M","M"],"character_chosen":"DEFECT","items_purchased":["Hologram"],"campfire_rested":2,"item_purchase_floors":[11],"current_hp_per_floor":[69,67,57,57,44,10,33,32,32,8,8,10,33,52,52,2,59,45,45,34,0],"gold":193,"neow_bonus":"TEN_PERCENT_HP_BONUS","is_prod":false,"is_daily":false,"chose_seed":false,"campfire_upgraded":1,"win_rate":0,"timestamp":1570467332,"path_taken":["M","M","M","?","M","E","R","M","T","E","$","M","R","?","R","BOSS","M","?","M","M"],"build_version":"2019-07-17","purchased_purges":2,"victory":false,"max_hp_per_floor":[78,78,78,78,78,78,78,78,78,78,78,78,78,78,78,78,78,78,78,78,78],"card_choices":[{"not_picked":["Melter","Chaos"],"picked":"Coolheaded","floor":1.0},{"not_picked":["Conserve Battery","Coolheaded"],"picked":"Hello World","floor":2.0},{"not_picked":["Sweeping Beam","Rebound"],"picked":"Loop","floor":3.0},{"not_picked":["Steam","Compile Driver"],"picked":"Melter","floor":5.0},{"not_picked":["Compile Driver","Scrape"],"picked":"Hologram","floor":6.0},{"not_picked":["Steam","Rip and Tear"],"picked":"BootSequence","floor":8.0},{"not_picked":["Turbo","Fusion"],"picked":"Undo","floor":10.0},{"not_picked":["Leap","Redo"],"picked":"Stack","floor":12.0},{"not_picked":["Multi-Cast","Fission"],"picked":"Buffer","floor":16.0},{"not_picked":["Sunder","Leap"],"picked":"Streamline","floor":18.0},{"not_picked":["Steam Power","Redo"],"picked":"Coolheaded","floor":20.0}],"player_experience":432293,"relics_obtained":[{"floor":6.0,"key":"Smiling Mask"},{"floor":9.0,"key":"Blood Vial"},{"floor":10.0,"key":"PreservedInsect"}],"event_choices":[{"damage_healed":19.0,"max_hp_gain":0.0,"max_hp_loss":0.0,"gold_gain":0.0,"event_name":"The Cleric","player_choice":"Healed","floor":14.0,"gold_loss":35.0,"damage_taken":0.0},{"damage_healed":0.0,"max_hp_gain":0.0,"max_hp_loss":0.0,"gold_gain":0.0,"event_name":"The Library","player_choice":"Read","floor":19.0,"gold_loss":0.0,"damage_taken":0.0,"cards_obtained":["White Noise"]}],"is_beta":false,"boss_relics":[{"not_picked":["Busted Crown","Lizard Tail"],"picked":"Inserter"}],"items_purged_floors":[4,11],"is_endless":false,"potions_floor_spawned":[1,3,6,10,18],"killed_by":"Sentry and Sphere","ascension_level":20}