{"gold_per_floor":[116,116,128,141,141,173,173,200,212,258,270,309,334,346,358,472,484,514,552,12,32,46,74,74,102,177,192,192,212,212,239,239,335,335,348,348,358,12,24,24,43,77,152,182,195,227,20,32,32,32,32,32,32,57,57],"floor_reached":55,"playtime":3466,"items_purged":["Parasite"],"score":1040,"play_id":"5762a1ab-248f-44f0-bb8d-e732de9c1a0e","local_time":"20190909201626","is_ascension_mode":true,"campfire_choices":[{"floor":11,"key":"REST"},{"floor":15,"key":"REST"},{"floor":24,"key":"RECALL"},{"data":"Double Tap","floor":28,"key":"SMITH"},{"floor":32,"key":"REST"},{"floor":40,"key":"REST"},{"floor":49,"key":"REST"},{"floor":52,"key":"REST"}],"neow_cost":"NONE","seed_source_timestamp":856449322986300,"circlet_count":0,"master_deck":["Strike_R","Strike_R","Strike_R+1","Strike_R","Strike_R","Defend_R","Defend_R","Defend_R","Defend_R","Bash","Anger+1","Rage","Flex+1","Offering","Headbutt","Fire Breathing","Offering","Iron Wave","Intimidate","Double Tap+1","Iron Wave","Armaments","Barricade","Whirlwind","Cleave","Headbutt","Feed","Anger","Dropkick+1","Infernal Blade+1","Cleave","Entrench+1","Impervious","Warcry+1","Rage","Metallicize","Mayhem","Shockwave","Anger+1","Shrug It Off","Entrench+1","Anger","Feed","Flex+1","Armaments","Panacea","Flame Barrier","Inflame+1","Pommel Strike","Clothesline+1"],"relics":["Burning Blood","NeowsBlessing","Blood Vial","MawBank","Bottled Lightning","Bronze Scales","Magic Flower","Dream Catcher","Philosopher\u0027s Stone","Red Mask","Toy Ornithopter","Happy Flower","Unceasing Top","Self Forming Clay","Meat on the Bone","Potion Belt","Fusion Hammer","Lantern","Ornamental Fan","Vajra","Dead Branch","Charon\u0027s Ashes"],"potions_floor_usage":[8,10,12,16,22,23,25,31,33,42,42,46,54,55],"damage_taken":[{"damage":0,"enemies":"Cultist","floor":1,"turns":1},{"damage":0,"enemies":"Small Slimes","floor":3,"turns":1},{"damage":0,"enemies":"2 Louse","floor":4,"turns":1},{"damage":37,"enemies":"Lagavulin","floor":6,"turns":7},{"damage":25,"enemies":"Gremlin Nob","floor":8,"turns":4},{"damage":12,"enemies":"Lagavulin","floor":10,"turns":3},{"damage":20,"enemies":"Gremlin Nob","floor":12,"turns":3},{"damage":12,"enemies":"2 Fungi Beasts","floor":13,"turns":2},{"damage":58,"enemies":"The Guardian","floor":16,"turns":8},{"damage":13,"enemies":"Chosen","floor":18,"turns":3},{"damage":32,"enemies":"Masked Bandits","floor":19,"turns":4},{"damage":26,"enemies":"Spheric Guardian","floor":21,"turns":4},{"damage":20,"enemies":"Snake Plant","floor":22,"turns":3},{"damage":32,"enemies":"Book of Stabbing","floor":23,"turns":3},{"damage":35,"enemies":"Gremlin Leader","floor":25,"turns":10},{"damage":20,"enemies":"Shelled Parasite and Fungi","floor":27,"turns":4},{"damage":19,"enemies":"Snecko","floor":29,"turns":4},{"damage":24,"enemies":"Book of Stabbing","floor":31,"turns":3},{"damage":55,"enemies":"Automaton","floor":33,"turns":7},{"damage":18,"enemies":"3 Shapes","floor":35,"turns":3},{"damage":13,"enemies":"3 Darklings","floor":37,"turns":4},{"damage":50,"enemies":"Sphere and 2 Shapes","floor":39,"turns":5},{"damage":30,"enemies":"Writhing Mass","floor":41,"turns":7},{"damage":12,"enemies":"Reptomancer","floor":42,"turns":7},{"damage":14,"enemies":"Nemesis","floor":44,"turns":7},{"damage":12,"enemies":"Maw","floor":45,"turns":9},{"damage":12,"enemies":"Giant Head","floor":46,"turns":8},{"damage":6,"enemies":"3 Darklings","floor":48,"turns":2},{"damage":21,"enemies":"Donu and Deca","floor":50,"turns":10},{"damage":47,"enemies":"Shield and Spear","floor":54,"turns":4},{"damage":69,"enemies":"The Heart","floor":55,"turns":3}],"seed_played":"8146053941902770863","potions_obtained":[{"floor":6,"key":"BloodPotion"},{"floor":8,"key":"Block Potion"},{"floor":10,"key":"Poison Potion"},{"floor":12,"key":"Poison Potion"},{"floor":22,"key":"Energy Potion"},{"floor":23,"key":"Weak Potion"},{"floor":29,"key":"SteroidPotion"},{"floor":31,"key":"PowerPotion"},{"floor":37,"key":"Dexterity Potion"},{"floor":39,"key":"Strength Potion"},{"floor":44,"key":"Block Potion"},{"floor":45,"key":"Strength Potion"}],"is_trial":false,"path_per_floor":["M","T","M","M","?","E","?","E","T","E","R","E","M","?","R","B",null,"M","?","$","M","M","E","R","E","T","M","R","M","?","E","R","B",null,"M","?","M","$","M","R","M","E","T","E","M","E","$","M","R","B",null,"R","$","E","B"],"character_chosen":"IRONCLAD","items_purchased":["Barricade","Whirlwind","Toy Ornithopter","BloodPotion","Cleave","Metallicize","Mayhem","Swift Potion","Strength Potion","Armaments","Panacea"],"campfire_rested":6,"item_purchase_floors":[20,20,20,20,20,38,38,38,38,47,47],"current_hp_per_floor":[80,80,80,80,80,49,33,36,36,32,56,44,44,32,56,10,80,76,56,56,42,72,60,60,45,45,37,37,30,30,44,68,51,80,71,71,70,70,55,79,61,77,77,75,75,83,80,80,80,73,83,83,83,56,0],"gold":57,"neow_bonus":"THREE_ENEMY_KILL","is_prod":false,"is_daily":false,"chose_seed":false,"campfire_upgraded":1,"win_rate":0,"timestamp":1568052986,"path_taken":["M","?","M","M","?","E","?","E","T","E","R","E","M","?","R","BOSS","M","?","$","M","M","E","R","E","T","M","R","M","?","E","R","BOSS","M","?","?","$","M","R","M","E","T","E","M","E","$","?","R","BOSS","R","$","E","BOSS"],"build_version":"2019-07-17","purchased_purges":1,"victory":false,"max_hp_per_floor":[80,80,80,80,80,80,80,80,80,80,80,80,80,80,80,80,80,80,80,80,80,80,80,80,80,80,80,80,80,80,80,80,80,80,80,80,80,80,83,83,83,83,83,83,83,83,80,80,80,83,83,83,83,86,86],"card_choices":[{"not_picked":["Havoc","Headbutt"],"picked":"Anger","floor":1},{"not_picked":["True Grit","Havoc"],"picked":"Rage","floor":3},{"not_picked":["Heavy Blade","Pummel"],"picked":"Flex","floor":4},{"not_picked":["Hemokinesis","Thunderclap"],"picked":"Offering","floor":6},{"not_picked":["Rupture","Perfected Strike"],"picked":"Headbutt","floor":8},{"not_picked":["Havoc","Perfected Strike"],"picked":"Fire Breathing","floor":10},{"not_picked":["Havoc","True Grit"],"picked":"Offering","floor":12},{"not_picked":["Sentinel","Thunderclap"],"picked":"Iron Wave","floor":13},{"not_picked":["True Grit","Thunderclap"],"picked":"Intimidate","floor":15},{"not_picked":["Fiend Fire","Limit Break"],"picked":"Double Tap","floor":16},{"not_picked":["Twin Strike","Pummel+1"],"picked":"Iron Wave","floor":18},{"not_picked":["Thunderclap","Clothesline+1"],"picked":"Armaments","floor":19},{"not_picked":["Body Slam","True Grit"],"picked":"Headbutt","floor":21},{"not_picked":["Body Slam","Warcry"],"picked":"Feed","floor":22},{"not_picked":["Headbutt+1","Uppercut"],"picked":"Anger","floor":23},{"not_picked":["Evolve+1","Warcry"],"picked":"Dropkick+1","floor":25},{"not_picked":["Sentinel","True Grit+1","Clash"],"picked":"SKIP","floor":27},{"not_picked":["Armaments","Clothesline"],"picked":"Infernal Blade+1","floor":29},{"not_picked":["Clothesline+1","Clash"],"picked":"Cleave","floor":31},{"not_picked":["Seeing Red","Evolve+1"],"picked":"Entrench","floor":32},{"not_picked":["Feed","Limit Break"],"picked":"Impervious","floor":33},{"not_picked":["Wild Strike","Clash+1"],"picked":"Warcry+1","floor":35},{"not_picked":["Power Through","Shrug It Off"],"picked":"Rage","floor":37},{"not_picked":["Twin Strike+1","Sentinel"],"picked":"Shockwave","floor":39},{"not_picked":["Sword Boomerang+1","Shrug It Off"],"picked":"Anger+1","floor":40},{"not_picked":["Cleave","Disarm"],"picked":"Shrug It Off","floor":41},{"not_picked":["Feel No Pain+1","Body Slam"],"picked":"Entrench+1","floor":42},{"not_picked":["Pommel Strike","Havoc+1"],"picked":"Anger","floor":44},{"not_picked":["Carnage","Second Wind"],"picked":"Feed","floor":45},{"not_picked":["Uppercut+1","Rupture+1"],"picked":"Flex+1","floor":46},{"not_picked":["Infernal Blade","Cleave+1"],"picked":"Flame Barrier","floor":48},{"not_picked":["Perfected Strike","Pummel"],"picked":"Inflame+1","floor":49},{"not_picked":["Corruption","Havoc"],"picked":"Pommel Strike","floor":52},{"not_picked":["Thunderclap","Clash+1"],"picked":"Clothesline+1","floor":54}],"player_experience":232934,"relics_obtained":[{"floor":6,"key":"Blood Vial"},{"floor":8,"key":"MawBank"},{"floor":9,"key":"Bottled Lightning"},{"floor":10,"key":"Bronze Scales"},{"floor":12,"key":"Magic Flower"},{"floor":19,"key":"Red Mask"},{"floor":23,"key":"Happy Flower"},{"floor":25,"key":"Unceasing Top"},{"floor":26,"key":"Self Forming Clay"},{"floor":31,"key":"Potion Belt"},{"floor":42,"key":"Lantern"},{"floor":43,"key":"Ornamental Fan"},{"floor":44,"key":"Vajra"},{"floor":46,"key":"Dead Branch"},{"floor":54,"key":"Charon\u0027s Ashes"}],"event_choices":[{"damage_healed":0,"gold_gain":0,"player_choice":"Grow","damage_taken":0,"max_hp_gain":0,"max_hp_loss":0,"event_name":"Living Wall","floor":5,"gold_loss":0,"cards_upgraded":["Flex"]},{"damage_healed":0,"gold_gain":0,"player_choice":"Entered Light","damage_taken":16,"max_hp_gain":0,"max_hp_loss":0,"event_name":"Shining Light","floor":7,"gold_loss":0,"cards_upgraded":["Anger","Strike_R"]},{"damage_healed":0,"gold_gain":0,"player_choice":"Success","damage_taken":12,"relics_obtained":["Dream Catcher"],"max_hp_gain":0,"max_hp_loss":0,"event_name":"Scrap Ooze","floor":14,"gold_loss":0},{"damage_healed":0,"gold_gain":0,"player_choice":"Fought Bandits","damage_taken":0,"max_hp_gain":0,"max_hp_loss":0,"event_name":"Masked Bandits","floor":19,"gold_loss":0},{"damage_healed":0,"gold_gain":0,"player_choice":"Opened","damage_taken":0,"relics_obtained":["Meat on the Bone"],"max_hp_gain":0,"max_hp_loss":0,"event_name":"The Mausoleum","floor":30,"gold_loss":0},{"damage_healed":0,"gold_gain":0,"player_choice":"Upgraded","damage_taken":0,"max_hp_gain":0,"max_hp_loss":0,"event_name":"Upgrade Shrine","floor":36,"gold_loss":0,"cards_upgraded":["Entrench"]}],"is_beta":false,"boss_relics":[{"not_picked":["Tiny House","Sozu"],"picked":"Philosopher\u0027s Stone"},{"not_picked":["Black Blood","Empty Cage"],"picked":"Fusion Hammer"}],"items_purged_floors":[47],"is_endless":false,"potions_floor_spawned":[6,8,10,12,22,23,29,31,37,39,44,45],"killed_by":"The Heart","ascension_level":1}