{"gold_per_floor":[118,129,140,150,170,170,196,196,223,189,214,229,229,242,242,339,339,359,376,159,171,187,222,222,249,249,261,261,0,0,20,20,122,122,133,0,16,28,1027,1062,1072,7,7,17,17,17,17,28,28,28],"floor_reached":51,"playtime":4600,"items_purged":["Strike_G"],"score":758,"play_id":"bbb520df-121c-45a0-882c-867c4a74eafb","local_time":"20190903075327","is_ascension_mode":false,"campfire_choices":[{"floor":6,"key":"REST"},{"data":"Accuracy","floor":8,"key":"SMITH"},{"data":"Neutralize","floor":13,"key":"SMITH"},{"floor":15,"key":"REST"},{"floor":24,"key":"REST"},{"data":"1","floor":28,"key":"LIFT"},{"data":"2","floor":30,"key":"LIFT"},{"data":"3","floor":32,"key":"LIFT"},{"floor":46,"key":"REST"},{"floor":49,"key":"REST"}],"neow_cost":"PERCENT_DAMAGE","seed_source_timestamp":1857420697272900,"circlet_count":0,"master_deck":["Strike_G","Strike_G","Strike_G","Strike_G","Defend_G","Defend_G","Defend_G","Defend_G","Defend_G","Survivor","Neutralize+1","Accuracy+1","Blade Dance","Quick Slash","Quick Slash","Dagger Spray","Infinite Blades+1","Well Laid Plans+1","Dash","Dagger Spray","Envenom+1","After Image+1","Accuracy+1","Prepared","Footwork+1","Cloak And Dagger","Cloak And Dagger","Deadly Poison+1","Adrenaline","Dagger Spray+1","Blur+1","Backflip+1","Envenom+1","Blade Dance+1","Deflect+1","Footwork+1","Envenom+1","Dagger Spray+1","Accuracy+1","Crippling Poison","Die Die Die+1","Finisher+1","Dagger Spray+1","Blade Dance+1","Parasite","Burst","Sucker Punch+1"],"relics":["Ring of the Snake","Thread and Needle","Frozen Egg 2","Omamori","Dream Catcher","Fusion Hammer","Juzu Bracelet","PreservedInsect","Girya","Potion Belt","Molten Egg 2","WristBlade","Red Mask","Pantograph","Centennial Puzzle","Tingsha","Cauldron","Shuriken","Meat on the Bone"],"potions_floor_usage":[7,7,16,21,33,33,33,40,50,50,50,50],"damage_taken":[{"damage":0,"enemies":"Cultist","floor":1,"turns":4},{"damage":0,"enemies":"2 Louse","floor":2,"turns":5},{"damage":1,"enemies":"Small Slimes","floor":3,"turns":4},{"damage":0,"enemies":"Red Slaver","floor":4,"turns":4},{"damage":0,"enemies":"Blue Slaver","floor":5,"turns":4},{"damage":10,"enemies":"Gremlin Nob","floor":7,"turns":3},{"damage":6,"enemies":"Lagavulin","floor":11,"turns":6},{"damage":0,"enemies":"3 Louse","floor":12,"turns":3},{"damage":3,"enemies":"2 Fungi Beasts","floor":14,"turns":3},{"damage":38,"enemies":"The Guardian","floor":16,"turns":8},{"damage":0,"enemies":"Shell Parasite","floor":18,"turns":5},{"damage":4,"enemies":"Spheric Guardian","floor":19,"turns":4},{"damage":0,"enemies":"Centurion and Healer","floor":21,"turns":5},{"damage":10,"enemies":"Cultist and Chosen","floor":22,"turns":5},{"damage":5,"enemies":"Book of Stabbing","floor":23,"turns":5},{"damage":2,"enemies":"Gremlin Leader","floor":25,"turns":4},{"damage":0,"enemies":"Shelled Parasite and Fungi","floor":27,"turns":4},{"damage":6,"enemies":"Snecko","floor":31,"turns":4},{"damage":19,"enemies":"Champ","floor":33,"turns":9},{"damage":0,"enemies":"3 Darklings","floor":35,"turns":5},{"damage":0,"enemies":"Orb Walker","floor":37,"turns":3},{"damage":6,"enemies":"4 Shapes","floor":38,"turns":3},{"damage":6,"enemies":"Reptomancer","floor":40,"turns":5},{"damage":4,"enemies":"Maw","floor":41,"turns":6},{"damage":6,"enemies":"3 Darklings","floor":44,"turns":2},{"damage":0,"enemies":"Writhing Mass","floor":48,"turns":4},{"damage":38,"enemies":"Donu and Deca","floor":50,"turns":6}],"seed_played":"7209490951330427624","potions_obtained":[{"floor":3,"key":"SteroidPotion"},{"floor":4,"key":"SteroidPotion"},{"floor":7,"key":"Explosive Potion"},{"floor":12,"key":"LiquidBronze"},{"floor":16,"key":"GhostInAJar"},{"floor":21,"key":"SteroidPotion"},{"floor":22,"key":"AttackPotion"},{"floor":27,"key":"Ancient Potion"},{"floor":31,"key":"Weak Potion"},{"floor":33,"key":"AttackPotion"},{"floor":35,"key":"LiquidBronze"},{"floor":38,"key":"SkillPotion"},{"floor":40,"key":"SkillPotion"},{"floor":42,"key":"FairyPotion"}],"is_trial":false,"path_per_floor":["M","M","M","M","M","R","E","R","T","$","E","M","R","M","R","B",null,"M","M","$","M","M","E","R","E","T","M","R","$","R","M","R","B",null,"M","?","M","M","?","E","M","$","T","M","?","R","?","M","R","B",null],"character_chosen":"THE_SILENT","items_purchased":["Well Laid Plans+1","Footwork+1","Juzu Bracelet","Molten Egg 2","Centennial Puzzle","Tingsha","Accuracy+1","Crippling Poison","Die Die Die+1","Finisher+1","Cauldron"],"campfire_rested":5,"item_purchase_floors":[10,20,20,29,42,42,42,42,42,42,42],"current_hp_per_floor":[49,49,48,48,48,69,59,59,59,59,53,53,53,50,70,32,70,70,66,66,66,56,51,70,68,68,68,68,68,68,62,62,43,70,70,70,70,64,64,58,54,54,54,48,48,69,69,69,70,44],"gold":28,"neow_bonus":"ONE_RARE_RELIC","is_prod":false,"is_daily":false,"chose_seed":false,"campfire_upgraded":2,"win_rate":0.0,"timestamp":1567490007,"path_taken":["M","M","M","M","M","R","E","R","T","$","E","M","R","?","R","BOSS","M","M","$","M","M","E","R","E","T","M","R","$","R","M","R","BOSS","M","?","M","M","?","E","M","$","T","M","?","R","?","M","R","BOSS"],"build_version":"2019-07-17","purchased_purges":1,"victory":true,"max_hp_per_floor":[70,70,70,70,70,70,70,70,70,70,70,70,70,70,70,70,70,70,70,70,70,70,70,70,70,70,70,70,70,70,70,70,70,70,70,70,70,70,70,70,70,70,70,70,70,70,70,70,70,70],"card_choices":[{"not_picked":["Dagger Throw","All Out Attack"],"picked":"Accuracy","floor":1},{"not_picked":["Eviscerate","PiercingWail"],"picked":"Blade Dance","floor":2},{"not_picked":["Riddle With Holes","Tactician"],"picked":"Quick Slash","floor":3},{"not_picked":["Bane","Reflex"],"picked":"Quick Slash","floor":4},{"not_picked":["Skewer","Dodge and Roll"],"picked":"Dagger Spray","floor":5},{"not_picked":["Backflip","Accuracy"],"picked":"Infinite Blades","floor":7},{"not_picked":["Dodge and Roll","Flechettes"],"picked":"Dash","floor":11},{"not_picked":["Prepared","Cloak And Dagger"],"picked":"Dagger Spray","floor":12},{"not_picked":["Slice","Cloak And Dagger"],"picked":"Envenom+1","floor":14},{"not_picked":["Expertise","Blur"],"picked":"Distraction","floor":15},{"not_picked":["Die Die Die","Glass Knife"],"picked":"After Image+1","floor":16},{"not_picked":["Escape Plan","Backstab+1"],"picked":"Accuracy+1","floor":18},{"not_picked":["Sucker Punch","Caltrops+1"],"picked":"Prepared","floor":19},{"not_picked":["Acrobatics","Bane"],"picked":"Cloak And Dagger","floor":21},{"not_picked":["Catalyst","Calculated Gamble"],"picked":"Cloak And Dagger","floor":22},{"not_picked":["Bouncing Flask","Riddle With Holes"],"picked":"Deadly Poison+1","floor":23},{"not_picked":["Underhanded Strike","Heel Hook"],"picked":"Adrenaline","floor":24},{"not_picked":["Flechettes","PiercingWail"],"picked":"Dagger Spray+1","floor":25},{"not_picked":["Acrobatics","Expertise"],"picked":"Blur+1","floor":27},{"not_picked":["Eviscerate+1","Quick Slash+1"],"picked":"Backflip+1","floor":31},{"not_picked":["Doppelganger","Unload+1"],"picked":"Envenom+1","floor":33},{"not_picked":["Dagger Throw+1","All Out Attack+1"],"picked":"Blade Dance+1","floor":35},{"not_picked":["Flying Knee+1","Prepared"],"picked":"Deflect+1","floor":37},{"not_picked":["Flechettes+1","Terror"],"picked":"Footwork+1","floor":38},{"not_picked":["Phantasmal Killer","Deadly Poison"],"picked":"Envenom+1","floor":40},{"not_picked":["PiercingWail","Dagger Throw+1"],"picked":"Dagger Spray+1","floor":41},{"not_picked":["All Out Attack+1","Endless Agony+1"],"picked":"Dagger Spray+1","floor":44},{"not_picked":["Flechettes+1","Dagger Spray+1"],"picked":"Blade Dance+1","floor":46},{"not_picked":["Sucker Punch+1","Backflip"],"picked":"Burst","floor":48},{"not_picked":["Underhanded Strike+1","Heel Hook+1"],"picked":"Sucker Punch+1","floor":49}],"player_experience":46511,"relics_obtained":[{"floor":7,"key":"Frozen Egg 2"},{"floor":9,"key":"Omamori"},{"floor":11,"key":"Dream Catcher"},{"floor":23,"key":"PreservedInsect"},{"floor":25,"key":"Girya"},{"floor":26,"key":"Potion Belt"},{"floor":40,"key":"Pantograph"},{"floor":43,"key":"Shuriken"}],"event_choices":[{"damage_healed":0,"gold_gain":0,"player_choice":"Paid","damage_taken":0,"relics_obtained":["Red Mask"],"max_hp_gain":0,"max_hp_loss":0,"event_name":"Tomb of Lord Red Mask","floor":36,"gold_loss":133},{"damage_healed":0,"gold_gain":999,"player_choice":"Gold","damage_taken":0,"max_hp_gain":0,"max_hp_loss":0,"event_name":"MindBloom","floor":39,"gold_loss":0,"cards_obtained":["Normality","Normality"]},{"damage_healed":0,"gold_gain":0,"player_choice":"Ignored","damage_taken":0,"max_hp_gain":0,"max_hp_loss":0,"event_name":"SecretPortal","floor":45,"gold_loss":0},{"cards_removed":["Distraction"],"damage_healed":0,"gold_gain":0,"player_choice":"Gave Card","damage_taken":0,"relics_obtained":["Meat on the Bone"],"max_hp_gain":0,"max_hp_loss":0,"event_name":"WeMeetAgain","floor":47,"gold_loss":0}],"is_beta":false,"boss_relics":[{"not_picked":["Runic Pyramid","Philosopher\u0027s Stone"],"picked":"Fusion Hammer"},{"not_picked":["HoveringKite","Ring of the Serpent"],"picked":"WristBlade"}],"items_purged_floors":[42],"is_endless":false,"potions_floor_spawned":[3,4,7,12,16,21,22,27,31,33,35,38,40],"ascension_level":0}