{"gold_per_floor":[114,134,145,155,168,200,227,255,255,255,324,324,350,367,367,464,464,482,495,512,523,539,572,83,83,83,93,43,78,93,18,18,122,122,142,161,173,183,198,223,258,18,318,318,318,27,41,71,71,71],"floor_reached":51,"playtime":5071,"items_purged":["Strike_R"],"score":838,"play_id":"4604461a-117b-4108-a43c-f1809b6d0f7c","local_time":"20190713011904","is_ascension_mode":false,"campfire_choices":[{"floor":15,"key":"REST"},{"floor":25,"key":"REST"},{"floor":32,"key":"REST"},{"floor":45,"key":"REST"},{"floor":49,"key":"REST"}],"neow_cost":"NONE","seed_source_timestamp":127124992048879,"circlet_count":0,"master_deck":["Strike_R","Strike_R","Strike_R","Defend_R+1","Defend_R","Defend_R","Defend_R","Bash","Ghostly Armor","Cleave","Metallicize","Power Through","Power Through+1","Headbutt","Immolate","Wild Strike","Shrug It Off+1","Anger","Barricade","Wild Strike","Immolate","Second Wind+1","Armaments+1","Shrug It Off+1","Immolate","Metallicize","Shrug It Off+1","Reckless Charge","Seeing Red+1","Iron Wave+1","Armaments+1","Burning Pact+1","Demon Form","True Grit+1","Rage+1","Anger+1","True Grit+1","Parasite","Evolve","Seeing Red+1","Thunderclap+1","Metallicize","Swift Strike","Enlightenment+1","Magnetism","Double Tap+1","Apotheosis+1","Body Slam+1","Bloodletting+1"],"relics":["Burning Blood","WingedGreaves","Bronze Scales","Juzu Bracelet","Kunai","Toxic Egg 2","Fusion Hammer","Letter Opener","Shuriken","War Paint","Gremlin Horn","Runic Pyramid","Meat on the Bone","Bag of Marbles","Potion Belt","Old Coin","Pantograph"],"potions_floor_usage":[6,6,16,21,29,33,35,41,50,50,50,50],"damage_taken":[{"damage":1,"enemies":"Cultist","floor":1,"turns":3},{"damage":9,"enemies":"Jaw Worm","floor":2,"turns":7},{"damage":0,"enemies":"Small Slimes","floor":3,"turns":3},{"damage":11,"enemies":"2 Fungi Beasts","floor":4,"turns":4},{"damage":4,"enemies":"Blue Slaver","floor":5,"turns":5},{"damage":3,"enemies":"Lagavulin","floor":6,"turns":8},{"damage":27,"enemies":"3 Sentries","floor":7,"turns":11},{"damage":25,"enemies":"Gremlin Nob","floor":8,"turns":5},{"damage":18,"enemies":"Lagavulin","floor":13,"turns":6},{"damage":6,"enemies":"Exordium Thugs","floor":14,"turns":4},{"damage":27,"enemies":"Slime Boss","floor":16,"turns":10},{"damage":0,"enemies":"3 Byrds","floor":18,"turns":3},{"damage":5,"enemies":"2 Thieves","floor":19,"turns":3},{"damage":24,"enemies":"Shelled Parasite and Fungi","floor":20,"turns":9},{"damage":19,"enemies":"Centurion and Healer","floor":21,"turns":5},{"damage":10,"enemies":"3 Cultists","floor":22,"turns":4},{"damage":23,"enemies":"Book of Stabbing","floor":23,"turns":7},{"damage":12,"enemies":"Snake Plant","floor":27,"turns":5},{"damage":38,"enemies":"Slavers","floor":29,"turns":5},{"damage":0,"enemies":"Cultist and Chosen","floor":30,"turns":5},{"damage":3,"enemies":"Champ","floor":33,"turns":19},{"damage":18,"enemies":"3 Darklings","floor":35,"turns":3},{"damage":9,"enemies":"Orb Walker","floor":36,"turns":3},{"damage":9,"enemies":"Transient","floor":37,"turns":5},{"damage":6,"enemies":"Sphere and 2 Shapes","floor":38,"turns":6},{"damage":5,"enemies":"Writhing Mass","floor":39,"turns":9},{"damage":0,"enemies":"Nemesis","floor":40,"turns":11},{"damage":14,"enemies":"Reptomancer","floor":41,"turns":7},{"damage":13,"enemies":"Jaw Worm Horde","floor":47,"turns":4},{"damage":50,"enemies":"Nemesis","floor":48,"turns":7},{"damage":39,"enemies":"Time Eater","floor":50,"turns":11}],"seed_played":"-8867959882348156219","potions_obtained":[{"floor":1,"key":"AttackPotion"},{"floor":5,"key":"PowerPotion"},{"floor":13,"key":"FearPotion"},{"floor":16,"key":"Swift Potion"},{"floor":18,"key":"Explosive Potion"},{"floor":21,"key":"SpeedPotion"},{"floor":27,"key":"Poison Potion"},{"floor":33,"key":"EssenceOfSteel"},{"floor":35,"key":"AttackPotion"},{"floor":36,"key":"BloodPotion"},{"floor":47,"key":"SneckoOil"},{"floor":48,"key":"BloodPotion"}],"is_trial":false,"path_per_floor":["M","M","M","M","M","E","E","E","T","?","?","?","E","M","R","B",null,"M","M","M","M","M","E","$","R","T","M","?","E","M","$","R","B",null,"M","M","M","M","M","E","E","$","T","?","R","$","M","E","R","B",null],"character_chosen":"IRONCLAD","items_purchased":["Metallicize","Shrug It Off+1","Shuriken","Reckless Charge","Burning Pact+1","Potion Belt","PowerPotion","Metallicize","PowerPotion","Double Tap+1","Apotheosis+1"],"campfire_rested":5,"item_purchase_floors":[24,24,24,24,31,42,42,42,46,46,46],"current_hp_per_floor":[80,77,80,75,77,80,59,40,40,45,45,45,33,33,58,37,85,85,85,67,54,50,33,33,58,58,52,52,20,26,26,51,54,85,73,70,67,67,68,74,66,66,66,56,81,81,74,42,67,73],"gold":71,"neow_bonus":"REMOVE_CARD","is_prod":false,"is_daily":false,"chose_seed":false,"campfire_upgraded":0,"win_rate":0,"timestamp":1562973544,"path_taken":["M","M","?","M","M","E","E","E","T","?","?","?","E","M","R","BOSS","M","M","M","M","M","E","$","R","T","M","?","E","M","?","R","BOSS","M","M","M","M","M","E","E","$","T","?","R","$","M","E","R","BOSS"],"build_version":"2019-07-05","purchased_purges":1,"victory":true,"max_hp_per_floor":[80,80,80,80,80,80,80,80,80,85,85,85,85,85,85,85,85,85,85,85,85,85,85,85,85,85,85,85,85,85,85,85,85,85,85,85,85,85,85,85,85,85,85,85,85,85,85,85,85,85],"card_choices":[{"not_picked":["Warcry","Clothesline"],"picked":"Ghostly Armor","floor":1},{"not_picked":["Clothesline","True Grit"],"picked":"Cleave","floor":2},{"not_picked":["Dual Wield","Pummel"],"picked":"Metallicize","floor":3},{"not_picked":["Clash","Cleave"],"picked":"Power Through","floor":4},{"not_picked":["Intimidate","Flex"],"picked":"Power Through","floor":5},{"not_picked":["Body Slam","Uppercut"],"picked":"Headbutt","floor":6},{"not_picked":["Shockwave","Fire Breathing"],"picked":"Immolate","floor":7},{"not_picked":["Rampage","Infernal Blade"],"picked":"Wild Strike","floor":8},{"not_picked":["Headbutt","Twin Strike"],"picked":"Shrug It Off","floor":13},{"not_picked":["Flex+1","Cleave"],"picked":"Anger","floor":14},{"not_picked":["Exhume+1","Brutality"],"picked":"Barricade","floor":16},{"not_picked":["Clash","Iron Wave"],"picked":"Wild Strike","floor":18},{"not_picked":["Dropkick","Iron Wave"],"picked":"Immolate","floor":19},{"not_picked":["Thunderclap","Armaments+1"],"picked":"Second Wind+1","floor":20},{"not_picked":["Havoc+1","Flex+1"],"picked":"Armaments+1","floor":21},{"not_picked":["Warcry+1","Anger"],"picked":"Shrug It Off+1","floor":22},{"not_picked":["Reaper","Sword Boomerang"],"picked":"Immolate","floor":23},{"not_picked":["Cleave","Pommel Strike"],"picked":"Seeing Red+1","floor":27},{"not_picked":["Twin Strike","Havoc+1"],"picked":"Iron Wave+1","floor":29},{"not_picked":["Spot Weakness+1","Heavy Blade"],"picked":"Armaments+1","floor":30},{"not_picked":["Limit Break+1","Fiend Fire"],"picked":"Demon Form","floor":33},{"not_picked":["Flex+1","Clash+1"],"picked":"True Grit+1","floor":35},{"not_picked":["Heavy Blade","Fiend Fire"],"picked":"Rage+1","floor":36},{"not_picked":["Shockwave+1","Iron Wave"],"picked":"Anger+1","floor":37},{"not_picked":["Cleave+1","Thunderclap"],"picked":"True Grit+1","floor":38},{"not_picked":["Iron Wave+1","Clothesline+1"],"picked":"Evolve","floor":39},{"not_picked":["Entrench+1","Fire Breathing"],"picked":"Seeing Red+1","floor":40},{"not_picked":["Whirlwind","Pummel"],"picked":"Thunderclap+1","floor":41},{"not_picked":["Deep Breath+1","Impatience+1"],"picked":"Swift Strike","floor":44},{"not_picked":["Mind Blast","Finesse+1"],"picked":"Enlightenment+1","floor":44},{"not_picked":["Dramatic Entrance","Violence+1"],"picked":"Magnetism","floor":44},{"not_picked":["Perfected Strike+1","Warcry+1"],"picked":"Body Slam+1","floor":47},{"not_picked":["Pommel Strike","Cleave+1"],"picked":"Bloodletting+1","floor":48}],"player_experience":40758,"relics_obtained":[{"floor":6,"key":"WingedGreaves"},{"floor":7,"key":"Bronze Scales"},{"floor":8,"key":"Juzu Bracelet"},{"floor":9,"key":"Kunai"},{"floor":13,"key":"Toxic Egg 2"},{"floor":23,"key":"Letter Opener"},{"floor":26,"key":"War Paint"},{"floor":29,"key":"Gremlin Horn"},{"floor":40,"key":"Meat on the Bone"},{"floor":41,"key":"Bag of Marbles"},{"floor":43,"key":"Old Coin"},{"floor":48,"key":"Pantograph"}],"event_choices":[{"damage_healed":0,"gold_gain":0,"player_choice":"Donut","damage_taken":0,"max_hp_gain":5,"max_hp_loss":0,"event_name":"Big Fish","floor":10,"gold_loss":0},{"damage_healed":0,"gold_gain":69,"player_choice":"Gained Gold","damage_taken":0,"max_hp_gain":0,"max_hp_loss":0,"event_name":"Golden Wing","floor":11,"gold_loss":0},{"damage_healed":0,"gold_gain":0,"player_choice":"Ignored","damage_taken":0,"max_hp_gain":0,"max_hp_loss":0,"event_name":"Liars Game","floor":12,"gold_loss":0},{"damage_healed":0,"gold_gain":0,"player_choice":"Bet on Murderer","damage_taken":0,"max_hp_gain":0,"max_hp_loss":0,"event_name":"The Joust","floor":28,"gold_loss":50},{"damage_healed":0,"gold_gain":0,"player_choice":"Memory 3","damage_taken":10,"max_hp_gain":0,"max_hp_loss":0,"event_name":"SensoryStone","floor":44,"gold_loss":0}],"is_beta":false,"boss_relics":[{"not_picked":["Philosopher\u0027s Stone","Calling Bell"],"picked":"Fusion Hammer"},{"not_picked":["White Beast Statue","Sozu"],"picked":"Runic Pyramid"}],"items_purged_floors":[24],"is_endless":false,"potions_floor_spawned":[1,5,13,16,18,21,27,33,35,36,47,48],"ascension_level":0}