{"gold_per_floor":[11,29,29,48,65,65,91,105,105,105,130,140,140,175,175,250,250,262,273,273,273,288,288],"floor_reached":23,"playtime":1650,"items_purged":[],"score":351,"play_id":"4ab30a98-cef0-40c9-935b-4f32b80f7f5f","local_time":"20190927175741","is_ascension_mode":true,"campfire_choices":[{"data":"Poisoned Stab","floor":6,"key":"SMITH"},{"data":"Crippling Poison","floor":10,"key":"SMITH"},{"floor":13,"key":"REST"},{"floor":15,"key":"REST"}],"neow_cost":"NO_GOLD","seed_source_timestamp":3970205709726300,"circlet_count":0,"master_deck":["AscendersBane","Survivor","Neutralize","Distraction","Leg Sweep","Backflip","Poisoned Stab+1","Crippling Poison+1","Poisoned Stab","Deadly Poison","Caltrops","Infinite Blades","Tools of the Trade","Infinite Blades","Accuracy","Bane","Unload","After Image","Deadly Poison","Well Laid Plans","Underhanded Strike","Writhe","Blade Dance","Tactician","Footwork"],"special_seed":0,"relics":["Ring of the Snake","Blue Candle","Kunai","Bottled Flame","Pear","Pandora\u0027s Box","Meat on the Bone"],"potions_floor_usage":[5,7,8,14,19],"damage_taken":[{"damage":3,"enemies":"2 Louse","floor":1,"turns":4},{"damage":1,"enemies":"Cultist","floor":2,"turns":4},{"damage":0,"enemies":"Small Slimes","floor":4,"turns":6},{"damage":0,"enemies":"Looter","floor":5,"turns":4},{"damage":26,"enemies":"3 Sentries","floor":7,"turns":15},{"damage":0,"enemies":"Blue Slaver","floor":8,"turns":4},{"damage":9,"enemies":"Lagavulin","floor":11,"turns":5},{"damage":21,"enemies":"Gremlin Gang","floor":12,"turns":5},{"damage":17,"enemies":"3 Sentries","floor":14,"turns":14},{"damage":42,"enemies":"Slime Boss","floor":16,"turns":13},{"damage":14,"enemies":"3 Byrds","floor":18,"turns":4},{"damage":22,"enemies":"2 Thieves","floor":19,"turns":4},{"damage":18,"enemies":"Cultist and Chosen","floor":22,"turns":6},{"damage":22,"enemies":"Book of Stabbing","floor":23,"turns":1}],"seed_played":"-7949548934884622538","potions_obtained":[{"floor":1,"key":"SpeedPotion"},{"floor":3,"key":"Regen Potion"},{"floor":3,"key":"LiquidBronze"},{"floor":7,"key":"SpeedPotion"},{"floor":12,"key":"Dexterity Potion"},{"floor":14,"key":"GhostInAJar"},{"floor":19,"key":"SteroidPotion"},{"floor":22,"key":"FearPotion"}],"is_trial":false,"path_per_floor":["M","M","?","M","M","R","E","M","T","R","E","M","R","E","R","B",null,"M","M","?","?","M","E"],"character_chosen":"THE_SILENT","items_purchased":[],"campfire_rested":2,"item_purchase_floors":[],"current_hp_per_floor":[60,59,59,59,59,59,48,48,48,48,39,18,39,32,56,14,64,50,28,28,28,22,0],"gold":288,"neow_bonus":"REMOVE_TWO","is_prod":false,"is_daily":false,"chose_seed":false,"campfire_upgraded":2,"win_rate":0,"timestamp":1569599861,"path_taken":["M","M","?","M","?","R","E","M","T","R","E","M","R","E","R","BOSS","M","M","?","?","M","E"],"build_version":"2019-07-17","purchased_purges":0,"victory":false,"max_hp_per_floor":[70,70,70,70,70,70,70,70,70,70,70,70,70,80,80,80,80,80,80,80,80,80,80],"card_choices":[{"not_picked":["Underhanded Strike","Flying Knee"],"picked":"Distraction","floor":1},{"not_picked":["Predator","Flying Knee"],"picked":"Leg Sweep","floor":2},{"not_picked":["Cloak And Dagger","Leg Sweep"],"picked":"Backflip","floor":4},{"not_picked":["Dagger Throw","Backflip"],"picked":"Poisoned Stab","floor":5},{"not_picked":["Blade Dance","Quick Slash"],"picked":"Crippling Poison","floor":7},{"not_picked":["Cloak And Dagger","Eviscerate"],"picked":"Poisoned Stab","floor":8},{"not_picked":["Tactician","Slice"],"picked":"Deadly Poison","floor":11},{"not_picked":["Choke","Dash"],"picked":"Caltrops","floor":12},{"not_picked":["Malaise","Terror"],"picked":"Infinite Blades","floor":14},{"not_picked":["Unload","Phantasmal Killer"],"picked":"Tools of the Trade","floor":16},{"not_picked":["Poisoned Stab","Dagger Spray"],"picked":"Well Laid Plans","floor":18},{"not_picked":["Slice","Flying Knee"],"picked":"Underhanded Strike","floor":19},{"not_picked":["Sucker Punch","Tactician"],"picked":"Footwork","floor":22}],"player_experience":352733,"relics_obtained":[{"floor":7,"key":"Blue Candle"},{"floor":9,"key":"Kunai"},{"floor":11,"key":"Bottled Flame"},{"floor":14,"key":"Pear"}],"event_choices":[{"damage_healed":0,"gold_gain":0,"player_choice":"Got Potions","damage_taken":0,"max_hp_gain":0,"max_hp_loss":0,"event_name":"Lab","floor":3,"gold_loss":0},{"damage_healed":0,"gold_gain":0,"player_choice":"Opened","damage_taken":0,"relics_obtained":["Meat on the Bone"],"max_hp_gain":0,"max_hp_loss":0,"event_name":"The Mausoleum","floor":20,"gold_loss":0,"cards_obtained":["Writhe"]},{"damage_healed":0,"gold_gain":0,"cards_transformed":["Riddle With Holes","Dagger Throw"],"player_choice":"Became Test Subject","damage_taken":0,"max_hp_gain":0,"max_hp_loss":0,"event_name":"Drug Dealer","floor":21,"gold_loss":0,"cards_obtained":["Blade Dance","Tactician"]}],"is_beta":false,"boss_relics":[{"not_picked":["Runic Dome","Coffee Dripper"],"picked":"Pandora\u0027s Box"}],"items_purged_floors":[],"is_endless":false,"potions_floor_spawned":[1,7,12,14,19,22],"killed_by":"Book of Stabbing","ascension_level":13}