{"gold_per_floor":[119,134,151,161,161,161,226,241,241,257,257,277,293,468,468,468],"floor_reached":16,"playtime":636,"items_purged":[],"score":106,"play_id":"a766bd64-7760-4733-834e-ebc9705088bd","local_time":"20190729152831","is_ascension_mode":false,"campfire_choices":[{"data":"Juggernaut","floor":6,"key":"SMITH"},{"data":"Bloodletting","floor":11,"key":"SMITH"},{"floor":15,"key":"REST"}],"neow_cost":"NONE","seed_source_timestamp":8747225660245,"circlet_count":0,"master_deck":["Strike_R","Strike_R","Strike_R","Strike_R","Strike_R","Defend_R","Defend_R","Defend_R","Defend_R","Bash","Anger","Headbutt","Bloodletting+1","Juggernaut+1","Anger","Anger","Pommel Strike","Evolve","Doubt"],"relics":["Burning Blood","PreservedInsect","Tiny Chest","Bottled Tornado"],"potions_floor_usage":[7,8,12,16],"damage_taken":[{"damage":6,"enemies":"Small Slimes","floor":1,"turns":4},{"damage":2,"enemies":"2 Louse","floor":2,"turns":3},{"damage":6,"enemies":"Jaw Worm","floor":3,"turns":2},{"damage":18,"enemies":"Large Slime","floor":4,"turns":5},{"damage":36,"enemies":"Lagavulin","floor":7,"turns":5},{"damage":25,"enemies":"Lots of Slimes","floor":8,"turns":4},{"damage":5,"enemies":"Looter","floor":10,"turns":3},{"damage":12,"enemies":"3 Louse","floor":12,"turns":3},{"damage":16,"enemies":"2 Fungi Beasts","floor":13,"turns":3},{"damage":65,"enemies":"The Guardian","floor":16,"turns":8}],"seed_played":"491339779694071519","potions_obtained":[{"floor":4,"key":"BloodPotion"},{"floor":7,"key":"BloodPotion"},{"floor":8,"key":"GamblersBrew"},{"floor":10,"key":"Weak Potion"}],"is_trial":false,"path_per_floor":["M","M","M","M","?","R","E","M","T","M","R","M","M","?","R","B"],"character_chosen":"IRONCLAD","items_purchased":[],"campfire_rested":1,"item_purchase_floors":[],"current_hp_per_floor":[88,88,88,76,58,58,50,53,53,54,54,48,38,38,64,0],"gold":468,"neow_bonus":"TEN_PERCENT_HP_BONUS","is_prod":false,"is_daily":false,"chose_seed":false,"campfire_upgraded":2,"win_rate":0,"timestamp":1564406911,"path_taken":["M","M","M","M","?","R","E","M","T","M","R","M","M","?","R","BOSS"],"build_version":"2019-07-17","purchased_purges":0,"victory":false,"max_hp_per_floor":[88,88,88,88,88,88,88,88,88,88,88,88,88,88,88,88],"card_choices":[{"not_picked":["Iron Wave","Wild Strike"],"picked":"Anger","floor":1},{"not_picked":["Combust","Cleave"],"picked":"Headbutt","floor":2},{"not_picked":["Iron Wave","Wild Strike"],"picked":"Bloodletting","floor":3},{"not_picked":["Shrug It Off","Pommel Strike"],"picked":"Juggernaut","floor":4},{"not_picked":["Heavy Blade","Perfected Strike","Metallicize"],"picked":"SKIP","floor":7},{"not_picked":["Reckless Charge","Ghostly Armor"],"picked":"Anger","floor":8},{"not_picked":["Hemokinesis","Searing Blow"],"picked":"Anger","floor":10},{"not_picked":["Metallicize","Bloodletting"],"picked":"Pommel Strike","floor":12},{"not_picked":["Anger","Dual Wield"],"picked":"Evolve","floor":13}],"player_experience":143777,"relics_obtained":[{"floor":7,"key":"Tiny Chest"},{"floor":9,"key":"Bottled Tornado"}],"event_choices":[{"damage_healed":0,"gold_gain":0,"player_choice":"Success","damage_taken":18,"relics_obtained":["PreservedInsect"],"max_hp_gain":0,"max_hp_loss":0,"event_name":"Scrap Ooze","floor":5,"gold_loss":0},{"damage_healed":0,"gold_gain":175,"player_choice":"AGREE","damage_taken":0,"max_hp_gain":0,"max_hp_loss":0,"event_name":"Liars Game","floor":14,"gold_loss":0,"cards_obtained":["Doubt"]}],"is_beta":false,"boss_relics":[],"items_purged_floors":[],"is_endless":false,"potions_floor_spawned":[4,7,8,10],"killed_by":"The Guardian","ascension_level":0}