{"gold_per_floor":[110,120,120,120,137,149,184,184,184,198,198,213,223,236,236,337,337,356,356,371,371,401,413,425,447,528,572,584,611,634,658,670,682],"floor_reached":33,"playtime":2832,"items_purged":[],"score":325,"play_id":"9b67367d-cead-48ef-ab8a-4413389f77e2","local_time":"20190901171451","is_ascension_mode":false,"campfire_choices":[{"data":"Cleave","floor":8,"key":"SMITH"},{"data":"Battle Trance","floor":15,"key":"SMITH"},{"floor":24,"key":"REST"},{"floor":28,"key":"REST"},{"floor":32,"key":"REST"}],"neow_cost":"NONE","seed_source_timestamp":1720099002452700,"circlet_count":0,"master_deck":["Strike_R","Strike_R","Strike_R","Strike_R","Strike_R","Defend_R+1","Defend_R+1","Defend_R","Defend_R","Bash","Sword Boomerang","Flex","True Grit","Searing Blow","Cleave","Cleave+1","Shockwave+1","Feed","Armaments","Battle Trance+1","Feed","Anger+1","Headbutt+1","Writhe","Clothesline","Thunderclap","Pommel Strike","Heavy Blade","Armaments","Fire Breathing"],"relics":["Burning Blood","War Paint","Dodecahedron","Kunai","Red Skull","Mark of Pain","MawBank","Shuriken","Mummified Hand"],"potions_floor_usage":[16,16,27,33],"damage_taken":[{"damage":6,"enemies":"Jaw Worm","floor":1,"turns":3},{"damage":9,"enemies":"2 Louse","floor":2,"turns":2},{"damage":1,"enemies":"Cultist","floor":5,"turns":4},{"damage":8,"enemies":"Large Slime","floor":6,"turns":5},{"damage":39,"enemies":"Gremlin Nob","floor":7,"turns":5},{"damage":7,"enemies":"Gremlin Gang","floor":10,"turns":4},{"damage":2,"enemies":"Blue Slaver","floor":12,"turns":4},{"damage":4,"enemies":"Large Slime","floor":13,"turns":2},{"damage":11,"enemies":"Looter","floor":14,"turns":4},{"damage":14,"enemies":"The Guardian","floor":16,"turns":10},{"damage":10,"enemies":"3 Byrds","floor":18,"turns":4},{"damage":34,"enemies":"Shell Parasite","floor":20,"turns":8},{"damage":25,"enemies":"Snake Plant","floor":22,"turns":5},{"damage":41,"enemies":"Sentry and Sphere","floor":25,"turns":7},{"damage":11,"enemies":"Book of Stabbing","floor":27,"turns":4},{"damage":24,"enemies":"Centurion and Healer","floor":29,"turns":3},{"damage":29,"enemies":"Shelled Parasite and Fungi","floor":30,"turns":5},{"damage":6,"enemies":"Snecko","floor":31,"turns":5},{"damage":71,"enemies":"Collector","floor":33,"turns":6}],"seed_played":"6167811094483633892","potions_obtained":[{"floor":6,"key":"LiquidBronze"},{"floor":7,"key":"SkillPotion"},{"floor":10,"key":"EssenceOfSteel"},{"floor":14,"key":"SpeedPotion"},{"floor":16,"key":"Energy Potion"},{"floor":20,"key":"GamblersBrew"},{"floor":22,"key":"EssenceOfSteel"},{"floor":29,"key":"SteroidPotion"},{"floor":31,"key":"PowerPotion"}],"is_trial":false,"path_per_floor":["M","M","?","T","M","M","E","R","T","M","?","M","M","M","R","B",null,"M","$","M","?","M","?","R","M","T","E","R","M","M","M","R","B"],"character_chosen":"IRONCLAD","items_purchased":[],"campfire_rested":3,"item_purchase_floors":[],"current_hp_per_floor":[80,77,70,70,75,73,40,40,40,39,39,43,45,40,40,36,84,83,83,59,59,43,43,71,39,39,34,63,48,31,35,68,0],"gold":682,"neow_bonus":"THREE_CARDS","is_prod":false,"is_daily":false,"chose_seed":false,"campfire_upgraded":2,"win_rate":0.0,"timestamp":1567350891,"path_taken":["M","M","?","?","M","M","E","R","T","M","?","M","M","M","R","BOSS","M","$","M","?","M","?","R","M","T","E","R","?","M","M","R","BOSS"],"build_version":"2019-07-17","purchased_purges":0,"victory":false,"max_hp_per_floor":[80,80,80,80,80,80,80,80,80,80,80,80,80,80,80,84,84,87,87,91,91,94,94,94,97,97,97,97,100,106,110,110,110],"card_choices":[{"not_picked":["Pummel","Body Slam"],"picked":"Sword Boomerang","floor":0},{"not_picked":["Heavy Blade","Perfected Strike"],"picked":"Flex","floor":1},{"not_picked":["Corruption","Body Slam"],"picked":"True Grit","floor":2},{"not_picked":["Feel No Pain","Heavy Blade"],"picked":"Searing Blow","floor":5},{"not_picked":["Disarm","Corruption"],"picked":"Cleave","floor":6},{"not_picked":["Clash","Heavy Blade"],"picked":"Cleave","floor":7},{"not_picked":["Clash","Rampage"],"picked":"Shockwave","floor":10},{"not_picked":["Shrug It Off","Burning Pact"],"picked":"Feed","floor":12},{"not_picked":["Clothesline","Body Slam"],"picked":"Armaments","floor":13},{"not_picked":["Flex","Flame Barrier"],"picked":"Battle Trance","floor":14},{"not_picked":["Juggernaut","Bludgeon"],"picked":"Feed","floor":16},{"not_picked":["Twin Strike","Burning Pact"],"picked":"Anger+1","floor":18},{"not_picked":["Heavy Blade+1","Entrench"],"picked":"Headbutt+1","floor":20},{"not_picked":["Hemokinesis","Feel No Pain"],"picked":"Clothesline","floor":22},{"not_picked":["Headbutt","True Grit+1"],"picked":"Thunderclap","floor":25},{"not_picked":["True Grit","Shrug It Off+1"],"picked":"Pommel Strike","floor":27},{"not_picked":["Shrug It Off","True Grit"],"picked":"Heavy Blade","floor":29},{"not_picked":["Rampage","Battle Trance"],"picked":"Armaments","floor":30},{"not_picked":["Power Through","Body Slam"],"picked":"Fire Breathing","floor":31}],"player_experience":15263,"relics_obtained":[{"floor":4,"key":"Dodecahedron"},{"floor":7,"key":"Kunai"},{"floor":9,"key":"Red Skull"},{"floor":26,"key":"Shuriken"},{"floor":27,"key":"Mummified Hand"}],"event_choices":[{"damage_healed":0,"gold_gain":0,"player_choice":"Success","damage_taken":7,"relics_obtained":["War Paint"],"max_hp_gain":0,"max_hp_loss":0,"event_name":"Scrap Ooze","floor":3,"gold_loss":0},{"damage_healed":0,"gold_gain":0,"player_choice":"Grow","damage_taken":0,"max_hp_gain":0,"max_hp_loss":0,"event_name":"Living Wall","floor":11,"gold_loss":0,"cards_upgraded":["Shockwave"]},{"damage_healed":0,"gold_gain":0,"player_choice":"Opened","damage_taken":0,"relics_obtained":["MawBank"],"max_hp_gain":0,"max_hp_loss":0,"event_name":"The Mausoleum","floor":21,"gold_loss":0,"cards_obtained":["Writhe"]},{"damage_healed":0,"gold_gain":0,"player_choice":"Ignored","damage_taken":0,"max_hp_gain":0,"max_hp_loss":0,"event_name":"Vampires","floor":23,"gold_loss":0}],"is_beta":false,"boss_relics":[{"not_picked":["Black Blood","Empty Cage"],"picked":"Mark of Pain"}],"items_purged_floors":[],"is_endless":false,"potions_floor_spawned":[6,7,10,14,16,20,22,29,31],"killed_by":"Collector","ascension_level":0}