{"gold_per_floor":[119,119,135,135,150,150,162,195,220,250,262,307,319,344,356,489,501,528,639,651,663,691,736,762,807,842,854,880,46,84,84],"floor_reached":31,"playtime":1822,"items_purged":["Strike_R"],"score":401,"play_id":"beb720f4-2c87-47ab-9c19-992b13e6832a","local_time":"20190909205200","is_ascension_mode":true,"campfire_choices":[{"data":"Metallicize","floor":6,"key":"SMITH"},{"floor":11,"key":"REST"},{"floor":15,"key":"REST"},{"floor":27,"key":"REST"}],"neow_cost":"NONE","seed_source_timestamp":2425340204374000,"circlet_count":0,"master_deck":["Strike_R","Strike_R","Strike_R","Defend_R","Defend_R","Defend_R","Bash","Flame Barrier","Rage","Ghostly Armor+1","Metallicize+1","Headbutt","Disarm","Spot Weakness","Spot Weakness","Battle Trance","Demon Form","Armaments","Cleave","Battle Trance+1","Cleave","Bludgeon","Heavy Blade+1","Armaments","Shrug It Off","Violence","Poisoned Stab+1"],"relics":["Burning Blood","Regal Pillow","Strawberry","MawBank","Omamori","Golden Idol","Sozu","Necronomicon","Smiling Mask","Oddly Smooth Stone","Bronze Scales","Juzu Bracelet","PrismaticShard","War Paint","Orichalcum"],"potions_floor_usage":[8,10,23,25],"damage_taken":[{"damage":8,"enemies":"Jaw Worm","floor":1,"turns":6},{"damage":0,"enemies":"2 Louse","floor":3,"turns":3},{"damage":6,"enemies":"Cultist","floor":5,"turns":3},{"damage":14,"enemies":"Large Slime","floor":7,"turns":9},{"damage":24,"enemies":"Gremlin Nob","floor":8,"turns":4},{"damage":37,"enemies":"Lagavulin","floor":10,"turns":9},{"damage":29,"enemies":"3 Sentries","floor":12,"turns":11},{"damage":18,"enemies":"Blue Slaver","floor":14,"turns":4},{"damage":41,"enemies":"Hexaghost","floor":16,"turns":11},{"damage":21,"enemies":"3 Byrds","floor":18,"turns":6},{"damage":10,"enemies":"Chosen","floor":22,"turns":6},{"damage":18,"enemies":"Book of Stabbing","floor":23,"turns":6},{"damage":11,"enemies":"Shelled Parasite and Fungi","floor":24,"turns":8},{"damage":32,"enemies":"Slavers","floor":25,"turns":4},{"damage":19,"enemies":"3 Cultists","floor":28,"turns":5},{"damage":28,"enemies":"Book of Stabbing","floor":30,"turns":4},{"damage":45,"enemies":"Cultist and Chosen","floor":31,"turns":4}],"seed_played":"-3541463459552661606","potions_obtained":[{"floor":1,"key":"Poison Potion"},{"floor":5,"key":"FearPotion"},{"floor":8,"key":"Explosive Potion"},{"floor":14,"key":"SteroidPotion"},{"floor":16,"key":"Poison Potion"}],"is_trial":false,"path_per_floor":["M","?","M","?","M","R","M","E","T","E","R","E","?","M","R","B",null,"M","?","?","?","M","E","M","E","T","R","M","$","E","M"],"character_chosen":"IRONCLAD","items_purchased":["Juzu Bracelet","PrismaticShard","War Paint","Armaments","Shrug It Off","Violence"],"campfire_rested":3,"item_purchase_floors":[29,29,29,29,29,29],"current_hp_per_floor":[86,86,88,88,88,88,80,62,69,38,81,58,58,46,89,54,95,80,80,80,64,60,48,43,17,17,60,47,47,25,0],"gold":84,"neow_bonus":"TEN_PERCENT_HP_BONUS","is_prod":false,"is_daily":false,"chose_seed":false,"campfire_upgraded":1,"win_rate":0,"timestamp":1568055120,"path_taken":["M","?","M","?","?","R","M","E","T","E","R","E","?","M","R","BOSS","M","?","?","?","M","E","M","E","T","R","M","$","E","M"],"build_version":"2019-07-17","purchased_purges":1,"victory":false,"max_hp_per_floor":[88,88,88,88,88,88,88,88,95,95,95,95,95,95,95,95,95,95,95,95,95,95,95,95,95,95,95,95,95,95,95],"card_choices":[{"not_picked":["Shrug It Off","Dropkick"],"picked":"Flame Barrier","floor":1},{"not_picked":["Wild Strike","Body Slam"],"picked":"Ghostly Armor","floor":3},{"not_picked":["Body Slam","Power Through"],"picked":"Metallicize","floor":5},{"not_picked":["Bloodletting","Sword Boomerang"],"picked":"Headbutt","floor":7},{"not_picked":["Entrench","Sword Boomerang"],"picked":"Disarm","floor":8},{"not_picked":["Searing Blow","Wild Strike"],"picked":"Spot Weakness","floor":10},{"not_picked":["Sever Soul","Wild Strike"],"picked":"Spot Weakness","floor":12},{"not_picked":["Pummel","Clash"],"picked":"Battle Trance","floor":14},{"not_picked":["Offering","Dark Embrace"],"picked":"Demon Form","floor":16},{"not_picked":["Evolve+1","Body Slam+1"],"picked":"Armaments","floor":18},{"not_picked":["Heavy Blade","Anger+1"],"picked":"Cleave","floor":22},{"not_picked":["Body Slam","Offering"],"picked":"Battle Trance","floor":23},{"not_picked":["Headbutt","Havoc"],"picked":"Cleave","floor":24},{"not_picked":["Anger+1","Wild Strike"],"picked":"Bludgeon","floor":25},{"not_picked":["Entrench","Rupture"],"picked":"Heavy Blade+1","floor":28},{"not_picked":["Fusion","Conserve Battery"],"picked":"Poisoned Stab+1","floor":30}],"player_experience":108227,"relics_obtained":[{"floor":8,"key":"Regal Pillow"},{"floor":9,"key":"Strawberry"},{"floor":10,"key":"MawBank"},{"floor":12,"key":"Omamori"},{"floor":21,"key":"Necronomicon"},{"floor":23,"key":"Smiling Mask"},{"floor":25,"key":"Oddly Smooth Stone"},{"floor":26,"key":"Bronze Scales"},{"floor":30,"key":"Orichalcum"}],"event_choices":[{"damage_healed":0,"gold_gain":0,"cards_transformed":["Strike_R"],"player_choice":"Change","damage_taken":0,"max_hp_gain":0,"max_hp_loss":0,"event_name":"Living Wall","floor":2,"gold_loss":0,"cards_obtained":["Rage"]},{"cards_removed":["Defend_R"],"damage_healed":0,"gold_gain":0,"player_choice":"Purged","damage_taken":0,"max_hp_gain":0,"max_hp_loss":0,"event_name":"Purifier","floor":4,"gold_loss":0},{"damage_healed":0,"gold_gain":0,"player_choice":"Take Wound","damage_taken":0,"relics_obtained":["Golden Idol"],"max_hp_gain":0,"max_hp_loss":0,"event_name":"Golden Idol","floor":13,"gold_loss":0,"cards_obtained":["Injury"]},{"damage_healed":0,"gold_gain":99,"player_choice":"Stole From Cult","damage_taken":0,"max_hp_gain":0,"max_hp_loss":0,"event_name":"Nest","floor":19,"gold_loss":0},{"damage_healed":0,"gold_gain":0,"player_choice":"Ignored","damage_taken":0,"max_hp_gain":0,"max_hp_loss":0,"event_name":"Vampires","floor":20,"gold_loss":0},{"damage_healed":0,"gold_gain":0,"player_choice":"Obtained Book","damage_taken":16,"max_hp_gain":0,"max_hp_loss":0,"event_name":"Cursed Tome","floor":21,"gold_loss":0}],"is_beta":false,"boss_relics":[{"not_picked":["Empty Cage","Fusion Hammer"],"picked":"Sozu"}],"items_purged_floors":[29],"is_endless":false,"potions_floor_spawned":[1,5,8,14,16,18,25,28,30],"killed_by":"Cultist and Chosen","ascension_level":4}