{"gold_per_floor":[110,129,148,167,167,202,214,230,255,265,265,284,342,352,352,454,454,466,5,5,21,37,37,37,63,88,102,102,127,139,153,153,250,250,262,281,299,2,21,21,36,69,69,169,169,169,169,199,199,199,199,199,4,33,33],"floor_reached":55,"playtime":2816,"items_purged":[],"score":810,"play_id":"fee22da6-ca09-4663-b853-08837340fc7c","local_time":"20190729014139","is_ascension_mode":false,"campfire_choices":[{"floor":15,"key":"RECALL"},{"data":"Double Tap","floor":23,"key":"SMITH"},{"floor":28,"key":"REST"},{"data":"Double Tap","floor":32,"key":"SMITH"},{"data":"Perfected Strike","floor":40,"key":"SMITH"},{"floor":45,"key":"REST"},{"data":"Whirlwind","floor":49,"key":"SMITH"},{"data":"Perfected Strike","floor":52,"key":"SMITH"}],"neow_cost":"NONE","seed_source_timestamp":1033864961377516,"circlet_count":0,"master_deck":["Strike_R","Strike_R","Strike_R","Strike_R","Strike_R","Defend_R","Defend_R+1","Defend_R","Defend_R","Bash+1","Flex","Evolve+1","Iron Wave","Power Through","Sentinel","Double Tap+1","Whirlwind+1","Shrug It Off","Ghostly Armor","Wild Strike","Anger","Immolate","Pommel Strike","Magnetism","Necronomicurse","Perfected Strike+1","Entrench+1","Double Tap+1","Pommel Strike+1","Uppercut+1","Perfected Strike+1","Headbutt","Barricade","Warcry","Warcry+1","Wild Strike","Anger","Sentinel+1","Second Wind+1","Twin Strike","Parasite","Shrug It Off","Parasite","Decay","Power Through","Panache","Sever Soul"],"relics":["Burning Blood","NeowsBlessing","Pen Nib","Tiny Chest","Mark of Pain","Nunchaku","Necronomicon","Blue Candle","Orichalcum","Happy Flower","Regal Pillow","Cursed Key","Self Forming Clay","Strawberry","Singing Bowl","Pocketwatch","Darkstone Periapt","Du-Vu Doll","Dead Branch","Whetstone"],"potions_floor_usage":[6,6,13,13,16,27,29,33,42,42,54],"damage_taken":[{"damage":0,"enemies":"Cultist","floor":1,"turns":1},{"damage":0,"enemies":"Jaw Worm","floor":2,"turns":1},{"damage":0,"enemies":"2 Louse","floor":3,"turns":1},{"damage":7,"enemies":"2 Fungi Beasts","floor":4,"turns":5},{"damage":30,"enemies":"Gremlin Nob","floor":6,"turns":6},{"damage":0,"enemies":"Exordium Wildlife","floor":7,"turns":3},{"damage":9,"enemies":"Blue Slaver","floor":8,"turns":4},{"damage":7,"enemies":"Looter","floor":10,"turns":4},{"damage":11,"enemies":"Exordium Wildlife","floor":12,"turns":5},{"damage":19,"enemies":"3 Sentries","floor":13,"turns":6},{"damage":0,"enemies":"Red Slaver","floor":14,"turns":3},{"damage":15,"enemies":"Slime Boss","floor":16,"turns":17},{"damage":20,"enemies":"2 Thieves","floor":18,"turns":2},{"damage":0,"enemies":"Chosen","floor":21,"turns":4},{"damage":2,"enemies":"Centurion and Healer","floor":22,"turns":2},{"damage":32,"enemies":"Slavers","floor":25,"turns":5},{"damage":7,"enemies":"3 Cultists","floor":27,"turns":3},{"damage":0,"enemies":"Book of Stabbing","floor":29,"turns":3},{"damage":5,"enemies":"Snecko","floor":30,"turns":3},{"damage":8,"enemies":"Chosen and Byrds","floor":31,"turns":4},{"damage":61,"enemies":"Automaton","floor":33,"turns":7},{"damage":0,"enemies":"Orb Walker","floor":35,"turns":1},{"damage":9,"enemies":"3 Shapes","floor":36,"turns":1},{"damage":6,"enemies":"Transient","floor":37,"turns":5},{"damage":0,"enemies":"Spire Growth","floor":39,"turns":2},{"damage":0,"enemies":"3 Darklings","floor":41,"turns":2},{"damage":48,"enemies":"Giant Head","floor":42,"turns":8},{"damage":11,"enemies":"Mind Bloom Boss Battle","floor":44,"turns":5},{"damage":12,"enemies":"Reptomancer","floor":48,"turns":3},{"damage":49,"enemies":"Time Eater","floor":50,"turns":10},{"damage":52,"enemies":"Shield and Spear","floor":54,"turns":6},{"damage":56,"enemies":"The Heart","floor":55,"turns":2}],"seed_played":"5726743851862175583","potions_obtained":[{"floor":2,"key":"Explosive Potion"},{"floor":3,"key":"SpeedPotion"},{"floor":7,"key":"Regen Potion"},{"floor":12,"key":"Energy Potion"},{"floor":14,"key":"EssenceOfSteel"},{"floor":16,"key":"Regen Potion"},{"floor":27,"key":"Fruit Juice"},{"floor":31,"key":"Swift Potion"},{"floor":33,"key":"Dexterity Potion"},{"floor":36,"key":"Fire Potion"},{"floor":42,"key":"Block Potion"},{"floor":54,"key":"Ancient Potion"}],"is_trial":false,"path_per_floor":["M","M","M","M","?","E","M","M","T","M","?","M","E","M","R","B",null,"M","$","?","M","M","R","T","E","T","M","R","E","M","M","R","B",null,"M","M","M","$","M","R","M","E","T","?","R","T","T","E","R","B",null,"R","$","E","B"],"character_chosen":"IRONCLAD","items_purchased":["Nunchaku","Magnetism","Anger","Self Forming Clay","Panache"],"campfire_rested":2,"item_purchase_floors":[19,19,38,38,53],"current_hp_per_floor":[80,80,80,79,63,39,45,42,42,41,41,36,38,44,44,35,80,66,66,50,56,60,60,60,34,34,38,63,78,79,77,77,22,85,85,82,82,82,85,85,85,50,50,45,87,87,93,87,87,44,98,98,98,52,0],"gold":33,"neow_bonus":"THREE_ENEMY_KILL","is_prod":false,"is_daily":false,"chose_seed":false,"campfire_upgraded":5,"win_rate":0,"timestamp":1564357299,"path_taken":["M","M","M","?","?","E","M","M","T","M","?","M","E","M","R","BOSS","M","$","?","M","M","R","?","E","T","M","R","E","M","M","R","BOSS","M","M","M","$","M","R","M","E","T","?","R","?","?","E","R","BOSS","R","$","E","BOSS"],"build_version":"2019-07-17","purchased_purges":0,"victory":false,"max_hp_per_floor":[80,80,80,80,80,80,80,80,80,80,80,80,80,80,80,80,80,80,80,80,80,80,80,80,80,80,85,85,85,85,85,85,85,85,85,85,85,85,85,85,85,92,92,92,92,92,98,98,98,98,98,98,98,98,98],"card_choices":[{"not_picked":["Blood for Blood","Battle Trance"],"picked":"Flex","floor":1},{"not_picked":["Seeing Red","Sword Boomerang"],"picked":"Evolve","floor":2},{"not_picked":["Burning Pact","Sever Soul"],"picked":"Iron Wave","floor":3},{"not_picked":["Warcry","Metallicize"],"picked":"Power Through","floor":4},{"not_picked":["Iron Wave","Clothesline"],"picked":"Sentinel","floor":6},{"not_picked":["Clothesline","Hemokinesis"],"picked":"Double Tap","floor":7},{"not_picked":["Cleave","Havoc"],"picked":"Whirlwind","floor":8},{"not_picked":["Metallicize","Cleave"],"picked":"Shrug It Off","floor":10},{"not_picked":["Twin Strike","Perfected Strike"],"picked":"Ghostly Armor","floor":12},{"not_picked":["Armaments","Blood for Blood"],"picked":"Wild Strike","floor":13},{"not_picked":["Thunderclap","Pummel"],"picked":"Anger","floor":14},{"not_picked":["Double Tap","Exhume"],"picked":"Immolate","floor":16},{"not_picked":["Clash","Rupture"],"picked":"Pommel Strike","floor":18},{"not_picked":["Heavy Blade","Combust"],"picked":"Perfected Strike","floor":21},{"not_picked":["Headbutt","Body Slam"],"picked":"Entrench+1","floor":22},{"not_picked":["Cleave+1","Sword Boomerang"],"picked":"Double Tap","floor":25},{"not_picked":["Iron Wave","Wild Strike"],"picked":"Pommel Strike+1","floor":27},{"not_picked":["Heavy Blade","Pommel Strike"],"picked":"Uppercut","floor":29},{"not_picked":["Twin Strike","Brutality"],"picked":"Perfected Strike","floor":30},{"not_picked":["Rupture","Whirlwind"],"picked":"Headbutt","floor":31},{"not_picked":["Offering","Reaper"],"picked":"Barricade","floor":33},{"not_picked":["Cleave","Thunderclap+1"],"picked":"Warcry","floor":35},{"not_picked":["Seeing Red","Searing Blow+1"],"picked":"Warcry+1","floor":36},{"not_picked":["Havoc","Searing Blow+1"],"picked":"Wild Strike","floor":37},{"not_picked":["Cleave","Blood for Blood"],"picked":"Sentinel+1","floor":39},{"not_picked":["Warcry+1","Body Slam"],"picked":"Second Wind+1","floor":41},{"not_picked":["Exhume","Heavy Blade"],"picked":"Twin Strike","floor":42},{"not_picked":["Rupture+1","Clash+1"],"picked":"Shrug It Off","floor":44},{"not_picked":["Corruption","Wild Strike+1"],"picked":"Power Through","floor":48},{"not_picked":["Clothesline","Dropkick+1"],"picked":"Sever Soul","floor":54}],"player_experience":132699,"relics_obtained":[{"floor":6,"key":"Pen Nib"},{"floor":13,"key":"Tiny Chest"},{"floor":20,"key":"Necronomicon"},{"floor":24,"key":"Blue Candle"},{"floor":25,"key":"Orichalcum"},{"floor":26,"key":"Happy Flower"},{"floor":29,"key":"Regal Pillow"},{"floor":42,"key":"Strawberry"},{"floor":43,"key":"Singing Bowl"},{"floor":44,"key":"Pocketwatch"},{"floor":46,"key":"Darkstone Periapt"},{"floor":47,"key":"Du-Vu Doll"},{"floor":48,"key":"Dead Branch"},{"floor":54,"key":"Whetstone"}],"event_choices":[{"damage_healed":0,"gold_gain":0,"player_choice":"Entered Light","damage_taken":16,"max_hp_gain":0,"max_hp_loss":0,"event_name":"Shining Light","floor":5,"gold_loss":0,"cards_upgraded":["Defend_R","Evolve"]},{"damage_healed":0,"gold_gain":0,"player_choice":"Ignored","damage_taken":0,"max_hp_gain":0,"max_hp_loss":0,"event_name":"Liars Game","floor":11,"gold_loss":0},{"damage_healed":0,"gold_gain":0,"player_choice":"Obtained Book","damage_taken":16,"max_hp_gain":0,"max_hp_loss":0,"event_name":"Cursed Tome","floor":20,"gold_loss":0},{"damage_healed":0,"gold_gain":0,"player_choice":"Fight","damage_taken":0,"max_hp_gain":0,"max_hp_loss":0,"event_name":"MindBloom","floor":44,"gold_loss":0}],"is_beta":false,"boss_relics":[{"not_picked":["Fusion Hammer","Coffee Dripper"],"picked":"Mark of Pain"},{"not_picked":["Sozu","Velvet Choker"],"picked":"Cursed Key"}],"items_purged_floors":[],"is_endless":false,"potions_floor_spawned":[2,3,7,12,14,16,27,31,33,36,42,54],"killed_by":"The Heart","ascension_level":0}