{"gold_per_floor":[119,119,132,150,167,167,200,216,216,234,249,249,30,50,50,152,202,214,214,214,231,151,151],"floor_reached":23,"playtime":1359,"items_purged":["Pain"],"score":269,"play_id":"fc9e778d-4bd2-4e0f-ad50-44469acb468f","local_time":"20190914223917","is_ascension_mode":true,"campfire_choices":[{"data":"Neutralize","floor":6,"key":"SMITH"},{"floor":12,"key":"REST"},{"floor":15,"key":"DIG"}],"neow_cost":"NONE","seed_source_timestamp":2864240258612500,"circlet_count":0,"master_deck":["Defend_G","Defend_G","Defend_G","Defend_G","Defend_G+1","Survivor","Neutralize+1","Heel Hook","Dagger Throw","Quick Slash","Poisoned Stab","Escape Plan","Deadly Poison","Backflip","Heel Hook","All Out Attack","Phantasmal Killer+1","Bouncing Flask","Terror","Bite","Bite","Bite","Bite","Bite","Underhanded Strike","Footwork"],"relics":["Ring of the Snake","WarpedTongs","Lantern","Shovel","Regal Pillow","Unceasing Top","Tiny House"],"potions_floor_usage":[14,16,16,23],"damage_taken":[{"damage":4,"enemies":"Jaw Worm","floor":1,"turns":5},{"damage":2,"enemies":"Cultist","floor":3,"turns":4},{"damage":9,"enemies":"Small Slimes","floor":4,"turns":4},{"damage":2,"enemies":"2 Fungi Beasts","floor":5,"turns":3},{"damage":26,"enemies":"Gremlin Nob","floor":7,"turns":4},{"damage":2,"enemies":"Exordium Thugs","floor":8,"turns":5},{"damage":0,"enemies":"Looter","floor":10,"turns":3},{"damage":5,"enemies":"Blue Slaver","floor":11,"turns":4},{"damage":3,"enemies":"Large Slime","floor":14,"turns":4},{"damage":20,"enemies":"Hexaghost","floor":16,"turns":7},{"damage":4,"enemies":"Chosen","floor":18,"turns":4},{"damage":12,"enemies":"3 Byrds","floor":21,"turns":5},{"damage":68,"enemies":"Book of Stabbing","floor":23,"turns":5}],"seed_played":"-3746208834032135231","potions_obtained":[{"floor":3,"key":"GamblersBrew"},{"floor":4,"key":"PowerPotion"},{"floor":7,"key":"Explosive Potion"},{"floor":10,"key":"Regen Potion"},{"floor":17,"key":"SkillPotion"},{"floor":21,"key":"FearPotion"}],"is_trial":false,"path_per_floor":["M","?","M","M","M","R","E","M","T","M","M","R","$","M","R","B",null,"M","?","?","M","$","E"],"character_chosen":"THE_SILENT","items_purchased":["Regal Pillow","Footwork"],"campfire_rested":1,"item_purchase_floors":[13,22],"current_hp_per_floor":[73,73,71,62,60,60,34,32,32,32,27,50,50,47,47,42,73,69,57,57,56,56,0],"gold":151,"neow_bonus":"TEN_PERCENT_HP_BONUS","is_prod":false,"is_daily":false,"chose_seed":false,"campfire_upgraded":1,"win_rate":0,"timestamp":1568493557,"path_taken":["M","?","M","M","M","R","E","M","T","?","M","R","$","M","R","BOSS","M","?","?","M","$","E"],"build_version":"2019-07-17","purchased_purges":1,"victory":false,"max_hp_per_floor":[77,77,77,77,77,77,77,77,77,77,77,77,77,77,77,77,82,82,57,57,57,57,57],"card_choices":[{"not_picked":["Bane","Deflect"],"picked":"Heel Hook","floor":1},{"not_picked":["Bane","Sucker Punch"],"picked":"Dagger Throw","floor":3},{"not_picked":["PiercingWail","Deflect"],"picked":"Quick Slash","floor":4},{"not_picked":["Acrobatics","Reflex"],"picked":"Poisoned Stab","floor":5},{"not_picked":["Expertise","PiercingWail"],"picked":"Escape Plan","floor":7},{"not_picked":["Quick Slash","Poisoned Stab"],"picked":"Deadly Poison","floor":8},{"not_picked":["Flechettes","Quick Slash"],"picked":"Backflip","floor":10},{"not_picked":["Storm of Steel","Quick Slash"],"picked":"Heel Hook","floor":11},{"not_picked":["Sucker Punch","PiercingWail"],"picked":"All Out Attack","floor":14},{"not_picked":["Night Terror","Unload"],"picked":"Phantasmal Killer","floor":16},{"not_picked":["Blade Dance","Bane"],"picked":"Bouncing Flask","floor":17},{"not_picked":["Dagger Throw","Bane"],"picked":"Terror","floor":18},{"not_picked":["Sucker Punch","All Out Attack"],"picked":"Underhanded Strike","floor":21}],"player_experience":196681,"relics_obtained":[{"floor":7,"key":"Lantern"},{"floor":9,"key":"Shovel"},{"floor":15,"key":"Unceasing Top"}],"event_choices":[{"damage_healed":0,"gold_gain":0,"player_choice":"Rummage","damage_taken":0,"relics_obtained":["WarpedTongs"],"max_hp_gain":0,"max_hp_loss":0,"event_name":"Accursed Blacksmith","floor":2,"gold_loss":0,"cards_obtained":["Pain"]},{"damage_healed":0,"gold_gain":0,"player_choice":"Became a vampire","damage_taken":0,"max_hp_gain":0,"max_hp_loss":25,"event_name":"Vampires","floor":19,"gold_loss":0,"cards_obtained":["Bite","Bite","Bite","Bite","Bite"]},{"damage_healed":0,"gold_gain":0,"player_choice":"Upgraded","damage_taken":0,"max_hp_gain":0,"max_hp_loss":0,"event_name":"Upgrade Shrine","floor":20,"gold_loss":0,"cards_upgraded":["Phantasmal Killer"]}],"is_beta":false,"boss_relics":[{"not_picked":["Lizard Tail","Velvet Choker"],"picked":"Tiny House"}],"items_purged_floors":[13],"is_endless":false,"potions_floor_spawned":[3,4,7,10,11,21],"killed_by":"Book of Stabbing","ascension_level":5}