{"gold_per_floor":[118,118,137,25,45,70,93,55,67,109,145,182,206,249,261,377,389,420,452,479,491,29,29,84,95,118,118,152,52,66,76,76,175,175,188,188,206,206,226,257,257,289,316,342,357,357,357,7,7,7],"floor_reached":51,"playtime":3692,"items_purged":["Pain","Decay"],"score":944,"play_id":"7dbfc2d5-a0d0-42a9-882a-9d66a84790e3","local_time":"20190910073115","is_ascension_mode":true,"campfire_choices":[{"floor":15,"key":"REST"},{"data":"Magnetism","floor":23,"key":"SMITH"},{"floor":32,"key":"REST"},{"floor":41,"key":"REST"},{"floor":46,"key":"REST"},{"floor":49,"key":"REST"}],"neow_cost":"NONE","seed_source_timestamp":2461814393079500,"circlet_count":0,"master_deck":["Strike_R+1","Defend_R+1","Defend_R+1","Defend_R+1","Defend_R+1","Bash","Bludgeon","Metallicize","Feel No Pain","Cleave","Dropkick","Reckless Charge","Intimidate+1","Cleave","Armaments+1","Armaments+1","Juggernaut","Infernal Blade+1","Offering+1","Dual Wield+1","Shrug It Off+1","Seeing Red+1","Magnetism+1","Sentinel+1","Feed","Bash","Thunderclap","Ghostly Armor+1","Exhume+1","Double Tap+1","Deep Breath+1","Flash of Steel","Panacea+1","Blood for Blood","Clash","Headbutt","Rage+1","Clash+1","Flex+1","Flex+1"],"relics":["Burning Blood","WarpedTongs","MawBank","Anchor","Toxic Egg 2","Odd Mushroom","Happy Flower","Ornamental Fan","Astrolabe","Incense Burner","Strawberry","Vajra","Lantern","Black Star","Magic Flower","Pen Nib","Blue Candle","Smiling Mask","Centennial Puzzle","Juzu Bracelet","Art of War","Mummified Hand"],"potions_floor_usage":[10,14,14,28,31,39,39,40,44,50,50,50],"damage_taken":[{"damage":0,"enemies":"Cultist","floor":1,"turns":2},{"damage":18,"enemies":"Small Slimes","floor":3,"turns":4},{"damage":1,"enemies":"Jaw Worm","floor":5,"turns":3},{"damage":25,"enemies":"Gremlin Nob","floor":6,"turns":4},{"damage":6,"enemies":"Exordium Thugs","floor":7,"turns":4},{"damage":13,"enemies":"Lagavulin","floor":10,"turns":6},{"damage":17,"enemies":"The Mushroom Lair","floor":11,"turns":4},{"damage":0,"enemies":"3 Louse","floor":13,"turns":4},{"damage":17,"enemies":"Gremlin Nob","floor":14,"turns":4},{"damage":32,"enemies":"The Guardian","floor":16,"turns":11},{"damage":19,"enemies":"2 Thieves","floor":18,"turns":4},{"damage":8,"enemies":"Spheric Guardian","floor":19,"turns":3},{"damage":8,"enemies":"Shelled Parasite and Fungi","floor":20,"turns":4},{"damage":21,"enemies":"Book of Stabbing","floor":24,"turns":4},{"damage":0,"enemies":"Sentry and Sphere","floor":25,"turns":4},{"damage":19,"enemies":"Slavers","floor":28,"turns":7},{"damage":0,"enemies":"Cultist and Chosen","floor":30,"turns":5},{"damage":6,"enemies":"Centurion and Healer","floor":31,"turns":4},{"damage":24,"enemies":"Automaton","floor":33,"turns":8},{"damage":6,"enemies":"3 Darklings","floor":35,"turns":2},{"damage":5,"enemies":"3 Shapes","floor":37,"turns":3},{"damage":6,"enemies":"3 Darklings","floor":39,"turns":3},{"damage":28,"enemies":"Giant Head","floor":40,"turns":7},{"damage":57,"enemies":"Nemesis","floor":42,"turns":5},{"damage":15,"enemies":"Giant Head","floor":44,"turns":7},{"damage":21,"enemies":"Maw","floor":45,"turns":5},{"damage":67,"enemies":"Awakened One","floor":50,"turns":10}],"seed_played":"6695815859534808354","potions_obtained":[{"floor":1,"key":"Ancient Potion"},{"floor":6,"key":"PowerPotion"},{"floor":11,"key":"Block Potion"},{"floor":13,"key":"FearPotion"},{"floor":18,"key":"Fire Potion"},{"floor":24,"key":"GamblersBrew"},{"floor":30,"key":"Swift Potion"},{"floor":33,"key":"Poison Potion"},{"floor":35,"key":"Explosive Potion"},{"floor":37,"key":"Strength Potion"},{"floor":39,"key":"BloodPotion"},{"floor":42,"key":"Poison Potion"}],"is_trial":false,"path_per_floor":["M","?","M","$","M","E","M","?","T","E","?","T","M","E","R","B",null,"M","M","M","?","$","R","E","M","T","?","E","$","M","M","R","B",null,"M","?","M","?","M","E","R","E","T","E","M","R","?","$","R","B",null],"character_chosen":"IRONCLAD","items_purchased":["Feel No Pain","Magnetism","Incense Burner","Mummified Hand","AttackPotion","SteroidPotion"],"campfire_rested":5,"item_purchase_floors":[4,22,22,48,48,48],"current_hp_per_floor":[80,80,68,68,73,54,54,54,54,47,36,36,42,31,55,29,80,67,65,63,63,63,63,55,61,61,61,48,48,54,57,84,66,90,94,84,85,85,85,63,91,43,43,37,25,53,53,53,81,57],"gold":7,"neow_bonus":"ONE_RANDOM_RARE_CARD","is_prod":false,"is_daily":false,"chose_seed":false,"campfire_upgraded":1,"win_rate":0,"timestamp":1568093475,"path_taken":["M","?","M","$","M","E","?","?","T","E","?","?","?","E","R","BOSS","M","M","M","?","$","R","E","M","T","?","E","$","?","M","R","BOSS","M","?","M","?","M","E","R","E","T","E","M","R","?","$","R","BOSS"],"build_version":"2019-07-17","purchased_purges":2,"victory":true,"max_hp_per_floor":[80,80,80,80,80,80,80,80,80,80,80,80,80,80,80,80,80,80,80,80,80,80,80,87,87,87,87,87,87,87,90,90,90,90,94,94,94,94,94,94,94,94,94,94,94,94,94,94,94,94],"card_choices":[{"not_picked":["Thunderclap","Heavy Blade"],"picked":"Metallicize","floor":1},{"not_picked":["Entrench","Evolve"],"picked":"Intimidate","floor":3},{"not_picked":["Thunderclap","Inflame"],"picked":"Cleave","floor":5},{"not_picked":["Offering","Shrug It Off"],"picked":"Dropkick","floor":6},{"not_picked":["Second Wind","Anger"],"picked":"Reckless Charge","floor":7},{"not_picked":["Heavy Blade","Power Through"],"picked":"Intimidate","floor":10},{"not_picked":["Pummel","Havoc+1"],"picked":"Cleave","floor":11},{"not_picked":["Sword Boomerang","Feel No Pain"],"picked":"Armaments+1","floor":13},{"not_picked":["Havoc+1","Uppercut"],"picked":"Armaments+1","floor":14},{"not_picked":["Berserk","Impervious+1"],"picked":"Juggernaut","floor":16},{"not_picked":["Thunderclap+1","Infernal Blade+1"],"picked":"Dual Wield+1","floor":18},{"not_picked":["Heavy Blade","Hemokinesis"],"picked":"Shrug It Off+1","floor":19},{"not_picked":["Heavy Blade","Twin Strike"],"picked":"Seeing Red+1","floor":20},{"not_picked":["Clash","Anger"],"picked":"Sentinel+1","floor":24},{"not_picked":["Anger","Perfected Strike","Wild Strike"],"picked":"SKIP","floor":25},{"not_picked":["Shrug It Off+1","Bloodletting+1"],"picked":"Thunderclap","floor":28},{"not_picked":["Power Through+1","Clothesline+1"],"picked":"Ghostly Armor+1","floor":30},{"not_picked":["Dual Wield+1","Disarm+1"],"picked":"Exhume+1","floor":31},{"not_picked":["Immolate","Limit Break+1"],"picked":"Double Tap+1","floor":33},{"not_picked":["Sever Soul+1","Power Through+1","Combust"],"picked":"SKIP","floor":35},{"not_picked":["Secret Technique+1","Forethought+1"],"picked":"Deep Breath+1","floor":36},{"not_picked":["Violence+1","Sadistic Nature"],"picked":"Flash of Steel","floor":36},{"not_picked":["Forethought+1","Mind Blast"],"picked":"Panacea+1","floor":36},{"not_picked":["Whirlwind","Uppercut"],"picked":"Blood for Blood","floor":37},{"not_picked":["Clothesline+1","Twin Strike"],"picked":"Headbutt","floor":39},{"not_picked":["Body Slam+1","Reckless Charge+1"],"picked":"Rage+1","floor":40},{"not_picked":["Heavy Blade+1","Twin Strike+1"],"picked":"Clash+1","floor":42},{"not_picked":["Reaper","Sentinel+1"],"picked":"Flex+1","floor":44},{"not_picked":["Wild Strike","Blood for Blood+1"],"picked":"Flex+1","floor":45}],"player_experience":112847,"relics_obtained":[{"floor":6,"key":"MawBank"},{"floor":9,"key":"Anchor"},{"floor":10,"key":"Toxic Egg 2"},{"floor":11,"key":"Odd Mushroom"},{"floor":12,"key":"Happy Flower"},{"floor":14,"key":"Ornamental Fan"},{"floor":24,"key":"Strawberry"},{"floor":26,"key":"Vajra"},{"floor":28,"key":"Lantern"},{"floor":40,"key":"Magic Flower"},{"floor":40,"key":"Pen Nib"},{"floor":42,"key":"Blue Candle"},{"floor":42,"key":"Smiling Mask"},{"floor":43,"key":"Centennial Puzzle"},{"floor":44,"key":"Juzu Bracelet"},{"floor":44,"key":"Art of War"}],"event_choices":[{"damage_healed":0,"gold_gain":0,"player_choice":"Rummage","damage_taken":0,"relics_obtained":["WarpedTongs"],"max_hp_gain":0,"max_hp_loss":0,"event_name":"Accursed Blacksmith","floor":2,"gold_loss":0,"cards_obtained":["Pain"]},{"cards_removed":["Strike_R"],"damage_healed":0,"gold_gain":0,"player_choice":"Card Removal","damage_taken":0,"max_hp_gain":0,"max_hp_loss":0,"event_name":"The Cleric","floor":8,"gold_loss":50},{"damage_healed":0,"gold_gain":0,"player_choice":"Fought Mushrooms","damage_taken":0,"max_hp_gain":0,"max_hp_loss":0,"event_name":"Mushrooms","floor":11,"gold_loss":0},{"damage_healed":0,"gold_gain":0,"player_choice":"Simplicity","damage_taken":0,"max_hp_gain":0,"max_hp_loss":0,"event_name":"Back to Basics","floor":21,"gold_loss":0,"cards_upgraded":["Strike_R","Defend_R","Defend_R","Defend_R","Defend_R"]},{"damage_healed":0,"gold_gain":0,"player_choice":"3 cards matched","damage_taken":0,"max_hp_gain":0,"max_hp_loss":0,"event_name":"Match and Keep!","floor":27,"gold_loss":0,"cards_obtained":["Decay","Feed","Bash"]},{"damage_healed":0,"gold_gain":0,"player_choice":"Memory 3","damage_taken":10,"max_hp_gain":0,"max_hp_loss":0,"event_name":"SensoryStone","floor":36,"gold_loss":0},{"damage_healed":0,"gold_gain":0,"cards_transformed":["Intimidate"],"player_choice":"Transformed","damage_taken":0,"max_hp_gain":0,"max_hp_loss":0,"event_name":"Transmorgrifier","floor":38,"gold_loss":0,"cards_obtained":["Clash"]},{"cards_removed":["Body Slam"],"damage_healed":0,"gold_gain":0,"player_choice":"Removed Attack","damage_taken":0,"max_hp_gain":0,"max_hp_loss":0,"event_name":"Falling","floor":47,"gold_loss":0}],"is_beta":false,"boss_relics":[{"not_picked":["Orrery","Empty Cage"],"picked":"Astrolabe"},{"not_picked":["Runic Dome","Pandora\u0027s Box"],"picked":"Black Star"}],"items_purged_floors":[4,29],"is_endless":false,"potions_floor_spawned":[1,6,11,13,18,24,30,33,35,37,39,42],"ascension_level":4}