{"gold_per_floor":[111,123,123,136,153,185,199,199],"floor_reached":8,"playtime":347,"items_purged":[],"score":60,"play_id":"ac9a7cfb-029d-43eb-87c9-9d85697646a9","local_time":"20190728231827","is_ascension_mode":false,"campfire_choices":[],"neow_cost":"PERCENT_DAMAGE","seed_source_timestamp":1027744354734159,"circlet_count":0,"master_deck":["Strike_R","Strike_R","Strike_R","Strike_R","Strike_R","Defend_R","Defend_R","Defend_R","Defend_R","Bash","Demon Form","Cleave","Battle Trance","Pummel","Reaper","Shockwave","Power Through"],"relics":["Burning Blood","Kunai"],"potions_floor_usage":[],"damage_taken":[{"damage":11,"enemies":"Jaw Worm","floor":1,"turns":3},{"damage":1,"enemies":"Cultist","floor":2,"turns":3},{"damage":3,"enemies":"2 Louse","floor":4,"turns":3},{"damage":11,"enemies":"2 Fungi Beasts","floor":5,"turns":3},{"damage":40,"enemies":"Lagavulin","floor":6,"turns":8},{"damage":20,"enemies":"Looter","floor":7,"turns":3},{"damage":15,"enemies":"Exordium Thugs","floor":8,"turns":5}],"seed_played":"-7538397193078378819","potions_obtained":[{"floor":2,"key":"Ancient Potion"}],"is_trial":false,"path_per_floor":["M","M","?","M","M","E","M","M"],"character_chosen":"IRONCLAD","items_purchased":[],"campfire_rested":0,"item_purchase_floors":[],"current_hp_per_floor":[51,56,61,64,59,25,11,0],"gold":199,"neow_bonus":"THREE_RARE_CARDS","is_prod":false,"is_daily":false,"chose_seed":false,"campfire_upgraded":0,"win_rate":0,"timestamp":1564348707,"path_taken":["M","M","?","M","M","E","M","M"],"build_version":"2019-07-17","purchased_purges":0,"victory":false,"max_hp_per_floor":[80,80,85,85,85,85,85,85],"card_choices":[{"not_picked":["Impervious","Reaper"],"picked":"Demon Form","floor":0},{"not_picked":["Pommel Strike","Shrug It Off"],"picked":"Cleave","floor":1},{"not_picked":["True Grit","Headbutt"],"picked":"Battle Trance","floor":2},{"not_picked":["Pommel Strike","Thunderclap"],"picked":"Pummel","floor":4},{"not_picked":["Flame Barrier","Perfected Strike"],"picked":"Reaper","floor":5},{"not_picked":["Blood for Blood","Searing Blow"],"picked":"Shockwave","floor":6},{"not_picked":["Pommel Strike","True Grit"],"picked":"Power Through","floor":7}],"player_experience":127206,"relics_obtained":[{"floor":6,"key":"Kunai"}],"event_choices":[{"damage_healed":0,"gold_gain":0,"player_choice":"Donut","damage_taken":0,"max_hp_gain":5,"max_hp_loss":0,"event_name":"Big Fish","floor":3,"gold_loss":0}],"is_beta":false,"boss_relics":[],"items_purged_floors":[],"is_endless":false,"potions_floor_spawned":[2],"killed_by":"Exordium Thugs","ascension_level":0}