{"gold_per_floor":[363,376,393,393,3,3,32,32,32,67,81,95,130,140,140,237,237,251,262,279,309,327,360,371,390,390,390,390,424,4,21,21,121,121,135,0,0,13,32,32,50,85,109,144,144,157,185,197,197,197],"floor_reached":51,"playtime":3093,"items_purged":["Writhe"],"score":1610,"play_id":"ba4a9f12-d23b-4797-9c07-30b20f9e1794","local_time":"20190926070030","is_ascension_mode":true,"campfire_choices":[{"data":"Defragment","floor":6.0,"key":"SMITH"},{"floor":8.0,"key":"REST"},{"data":"Loop","floor":15.0,"key":"SMITH"},{"floor":27.0,"key":"REST"},{"floor":32.0,"key":"REST"},{"floor":40.0,"key":"REST"},{"floor":45,"key":"REST"},{"floor":49,"key":"REST"}],"neow_cost":"TEN_PERCENT_HP_LOSS","seed_source_timestamp":3842806051609400,"circlet_count":0,"master_deck":["AscendersBane","Strike_B","Strike_B","Strike_B","Strike_B","Defend_B","Defend_B+1","Defend_B","Defend_B","Zap+1","Dualcast","Coolheaded","Hologram","Loop","Defragment+1","Conserve Battery","Cold Snap","Chill+1","Streamline","Consume+1","Loop+1","Auto Shields+1","Compile Driver","Echo Form","Conserve Battery+1","Coolheaded+1","Glacier+1","Self Repair","Coolheaded+1","Loop","Redo+1","Gash+1","Seek+1","Capacitor","Hologram+1","Jack Of All Trades+1","Defragment","Storm","Creative AI","Storm+1","Lockon","Stack+1","Tempest+1","Stack+1","Seek+1","Defragment+1","Coolheaded+1","Gash+1","Undo+1","Streamline+1"],"special_seed":0,"relics":["Cracked Core","Cables","DataDisk","Dream Catcher","Toxic Egg 2","Ornamental Fan","Happy Flower","War Paint","Fusion Hammer","Tiny Chest","Potion Belt","Sundial","Dodecahedron","Centennial Puzzle","Omamori","Philosopher\u0027s Stone","Red Mask","Frozen Egg 2","Boot","Orichalcum","Ancient Tea Set","Pen Nib"],"potions_floor_usage":[42,50,50,50,50],"damage_taken":[{"damage":6.0,"enemies":"2 Louse","floor":1.0,"turns":2.0},{"damage":5.0,"enemies":"Small Slimes","floor":2.0,"turns":4.0},{"damage":1.0,"enemies":"Cultist","floor":3.0,"turns":4.0},{"damage":17.0,"enemies":"Gremlin Nob","floor":7.0,"turns":4.0},{"damage":0.0,"enemies":"3 Sentries","floor":10.0,"turns":9.0},{"damage":0.0,"enemies":"3 Louse","floor":11.0,"turns":3.0},{"damage":0.0,"enemies":"Exordium Wildlife","floor":12.0,"turns":4.0},{"damage":0.0,"enemies":"Gremlin Nob","floor":13.0,"turns":6.0},{"damage":2.0,"enemies":"Lots of Slimes","floor":14.0,"turns":5.0},{"damage":0.0,"enemies":"The Guardian","floor":16.0,"turns":9.0},{"damage":10.0,"enemies":"3 Byrds","floor":18.0,"turns":6.0},{"damage":10.0,"enemies":"Shell Parasite","floor":19.0,"turns":6.0},{"damage":0.0,"enemies":"Snecko","floor":20.0,"turns":5.0},{"damage":0.0,"enemies":"Centurion and Healer","floor":22.0,"turns":8.0},{"damage":0.0,"enemies":"Book of Stabbing","floor":23.0,"turns":8.0},{"damage":16.0,"enemies":"Snake Plant","floor":24.0,"turns":6.0},{"damage":21.0,"enemies":"3 Cultists","floor":25.0,"turns":8.0},{"damage":32.0,"enemies":"Gremlin Leader","floor":29.0,"turns":10.0},{"damage":0.0,"enemies":"Sentry and Sphere","floor":31.0,"turns":6.0},{"damage":0.0,"enemies":"Champ","floor":33.0,"turns":9.0},{"damage":2.0,"enemies":"3 Darklings","floor":35.0,"turns":6.0},{"damage":9.0,"enemies":"Orb Walker","floor":38.0,"turns":3.0},{"damage":19.0,"enemies":"Writhing Mass","floor":39.0,"turns":4.0},{"damage":0.0,"enemies":"4 Shapes","floor":41.0,"turns":4.0},{"damage":19,"enemies":"Nemesis","floor":42,"turns":5},{"damage":6,"enemies":"Giant Head","floor":44,"turns":6},{"damage":0,"enemies":"Spire Growth","floor":46,"turns":4},{"damage":31,"enemies":"Nemesis","floor":47,"turns":5},{"damage":12,"enemies":"Writhing Mass","floor":48,"turns":4},{"damage":40,"enemies":"Time Eater","floor":50,"turns":7}],"seed_played":"6626342494975873865","potions_obtained":[{"floor":10.0,"key":"FearPotion"},{"floor":11.0,"key":"AttackPotion"},{"floor":14.0,"key":"Regen Potion"},{"floor":18.0,"key":"SpeedPotion"},{"floor":20.0,"key":"Weak Potion"},{"floor":23.0,"key":"Weak Potion"},{"floor":25.0,"key":"FearPotion"},{"floor":31.0,"key":"SneckoOil"},{"floor":39.0,"key":"Explosive Potion"},{"floor":41.0,"key":"Regen Potion"},{"floor":44,"key":"Explosive Potion"},{"floor":47,"key":"LiquidBronze"},{"floor":48,"key":"LiquidBronze"}],"is_trial":false,"path_per_floor":["M","M","M","?","$","R","E","R","T","E","M","M","E","M","R","B",null,"M","M","M","?","M","E","M","M","T","R","?","E","$","M","R","B",null,"M","?","T","M","M","R","M","E","T","E","R","M","E","M","R","B",null],"character_chosen":"DEFECT","items_purchased":["DataDisk","Defragment","Dream Catcher","Conserve Battery","Capacitor","Omamori","Hologram+1","Jack Of All Trades+1"],"campfire_rested":6,"item_purchase_floors":[5,5,5,5,30,30,30,30],"current_hp_per_floor":[62,57,56,53,53,53,36,56,56,56,56,56,56,54,54,54,65,55,60,60,60,60,67,51,37,37,57,57,32,32,39,59,66,68,68,68,68,68,56,68,68,49,49,50,68,68,37,39,59,34],"gold":197,"neow_bonus":"TWO_FIFTY_GOLD","is_prod":false,"is_daily":false,"chose_seed":false,"campfire_upgraded":2,"win_rate":0,"timestamp":1569474030,"path_taken":["M","M","M","?","$","R","E","R","T","E","M","M","E","M","R","BOSS","M","M","M","?","M","E","M","M","T","R","?","E","$","?","R","BOSS","M","?","?","M","M","R","M","E","T","E","R","M","E","?","R","BOSS"],"build_version":"2019-07-17","purchased_purges":1,"victory":true,"max_hp_per_floor":[68,68,68,68,68,68,68,68,68,68,68,68,68,68,68,68,68,68,68,68,68,68,68,68,68,68,68,68,68,68,68,68,68,68,68,68,68,68,68,68,68,68,68,68,68,68,68,68,68,68],"card_choices":[{"not_picked":["Sweeping Beam","Turbo"],"picked":"Coolheaded","floor":1.0},{"not_picked":["Leap","Reboot"],"picked":"Hologram","floor":2.0},{"not_picked":["Steam","Leap"],"picked":"Loop","floor":3.0},{"not_picked":["Double Energy","Beam Cell"],"picked":"Cold Snap","floor":7.0},{"not_picked":["Hello World","Thunder Strike"],"picked":"Chill+1","floor":8.0},{"not_picked":["Beam Cell","Force Field+1"],"picked":"Streamline","floor":10.0},{"not_picked":["Barrage","Cold Snap"],"picked":"Consume+1","floor":11.0},{"not_picked":["Undo+1","Coolheaded+1"],"picked":"Loop","floor":12.0},{"not_picked":["Hyperbeam","Sweeping Beam"],"picked":"Auto Shields+1","floor":13.0},{"not_picked":["Turbo+1","Rebound"],"picked":"Compile Driver","floor":14.0},{"not_picked":["Meteor Strike","Buffer"],"picked":"Echo Form","floor":16.0},{"not_picked":["Rebound","Steam+1"],"picked":"Conserve Battery+1","floor":18.0},{"not_picked":["Leap+1","Rebound"],"picked":"Coolheaded+1","floor":19.0},{"not_picked":["Meteor Strike","Compile Driver"],"picked":"Glacier+1","floor":20.0},{"not_picked":["Cold Snap","Compile Driver"],"picked":"Self Repair","floor":22.0},{"not_picked":["Streamline","Fusion+1"],"picked":"Coolheaded+1","floor":23.0},{"not_picked":["Go for the Eyes+1","Turbo+1"],"picked":"Loop","floor":24.0},{"not_picked":["Beam Cell","Go for the Eyes"],"picked":"Redo+1","floor":25.0},{"not_picked":["Cold Snap","Beam Cell+1"],"picked":"Gash+1","floor":27.0},{"not_picked":["Melter","Tempest+1"],"picked":"Seek+1","floor":29.0},{"not_picked":["Hologram+1","Sweeping Beam"],"picked":"Defragment","floor":31.0},{"not_picked":["Stack+1","Beam Cell"],"picked":"Storm","floor":32.0},{"not_picked":["Buffer","Thunder Strike"],"picked":"Creative AI","floor":33.0},{"not_picked":["Sweeping Beam","Ball Lightning+1"],"picked":"Storm+1","floor":35.0},{"not_picked":["Ball Lightning","Recycle+1"],"picked":"Lockon","floor":38.0},{"not_picked":["Turbo+1","Redo+1"],"picked":"Stack+1","floor":39.0},{"not_picked":["Cold Snap","Barrage+1"],"picked":"Tempest+1","floor":40.0},{"not_picked":["Fusion+1","Redo+1"],"picked":"Stack+1","floor":41.0},{"not_picked":["Streamline+1","BootSequence+1"],"picked":"Seek+1","floor":42},{"not_picked":["Steam+1","Rebound+1","Rip and Tear"],"picked":"SKIP","floor":44},{"not_picked":["Doom and Gloom","Double Energy+1"],"picked":"Defragment+1","floor":45},{"not_picked":["Streamline","Double Energy+1"],"picked":"Coolheaded+1","floor":46},{"not_picked":["Chaos+1","Compile Driver"],"picked":"Gash+1","floor":47},{"not_picked":["Heatsinks+1","Darkness+1"],"picked":"Undo+1","floor":48},{"not_picked":["Steam Power+1","Steam+1"],"picked":"Streamline+1","floor":49}],"player_experience":342889,"relics_obtained":[{"floor":7.0,"key":"Toxic Egg 2"},{"floor":9.0,"key":"Ornamental Fan"},{"floor":10.0,"key":"Happy Flower"},{"floor":13.0,"key":"War Paint"},{"floor":23.0,"key":"Potion Belt"},{"floor":26.0,"key":"Sundial"},{"floor":29.0,"key":"Centennial Puzzle"},{"floor":37.0,"key":"Frozen Egg 2"},{"floor":42,"key":"Boot"},{"floor":43,"key":"Orichalcum"},{"floor":44,"key":"Ancient Tea Set"},{"floor":47,"key":"Pen Nib"}],"event_choices":[{"damage_healed":0.0,"max_hp_gain":0.0,"max_hp_loss":0.0,"gold_gain":0.0,"event_name":"Scrap Ooze","player_choice":"Success","floor":4.0,"gold_loss":0.0,"damage_taken":3.0,"relics_obtained":["Cables"]},{"damage_healed":0.0,"max_hp_gain":0.0,"max_hp_loss":0.0,"gold_gain":0.0,"event_name":"The Mausoleum","player_choice":"Opened","floor":21.0,"gold_loss":0.0,"damage_taken":0.0,"relics_obtained":["Tiny Chest"],"cards_obtained":["Writhe"]},{"damage_healed":0.0,"max_hp_gain":0.0,"max_hp_loss":0.0,"gold_gain":0.0,"event_name":"WeMeetAgain","player_choice":"Gave Potion","floor":28.0,"gold_loss":0.0,"damage_taken":0.0,"relics_obtained":["Dodecahedron"]},{"damage_healed":0.0,"max_hp_gain":0.0,"max_hp_loss":0.0,"gold_gain":0.0,"event_name":"Tomb of Lord Red Mask","player_choice":"Paid","floor":36.0,"gold_loss":135.0,"damage_taken":0.0,"relics_obtained":["Red Mask"]}],"is_beta":false,"boss_relics":[{"not_picked":["Orrery","Busted Crown"],"picked":"Fusion Hammer"},{"not_picked":["Empty Cage","FrozenCore"],"picked":"Philosopher\u0027s Stone"}],"items_purged_floors":[30],"is_endless":false,"potions_floor_spawned":[10,11,14,18,20,23,25,31,39,41,44,46,47,48],"ascension_level":12}