{"gold_per_floor":[215,227,227,227,227,227,260,260,286,305,317,41,52,67,67,168,168,184,202,202],"floor_reached":20,"playtime":468,"items_purged":[],"score":176,"play_id":"a1d8bf4c-b46d-4437-b76a-68e1ea5f62a6","local_time":"20190907225913","is_ascension_mode":false,"campfire_choices":[{"data":"Power Through","floor":6,"key":"SMITH"},{"floor":8,"key":"REST"},{"data":"Demon Form","floor":15,"key":"SMITH"}],"neow_cost":"NONE","seed_source_timestamp":696416688354500,"circlet_count":0,"master_deck":["Strike_R","Strike_R","Strike_R","Strike_R","Strike_R","Defend_R","Defend_R","Defend_R","Defend_R","Bash","Thunderclap","Power Through+1","Havoc","Clash","Demon Form+1","Flex","Inflame","Flex","Cleave","Immolate","Cleave+1","Searing Blow+1"],"relics":["Burning Blood","Paper Frog","Juzu Bracelet","Pantograph","Happy Flower","Red Skull","Runic Dome"],"potions_floor_usage":[7,16,19,20,20],"damage_taken":[{"damage":18,"enemies":"Jaw Worm","floor":1,"turns":3},{"damage":7,"enemies":"2 Louse","floor":2,"turns":2},{"damage":41,"enemies":"3 Sentries","floor":7,"turns":8},{"damage":10,"enemies":"Small Slimes","floor":10,"turns":2},{"damage":7,"enemies":"3 Louse","floor":11,"turns":3},{"damage":7,"enemies":"Exordium Wildlife","floor":13,"turns":3},{"damage":8,"enemies":"Large Slime","floor":14,"turns":5},{"damage":32,"enemies":"The Guardian","floor":16,"turns":6},{"damage":61,"enemies":"3 Byrds","floor":18,"turns":6},{"damage":10,"enemies":"Chosen","floor":19,"turns":2},{"damage":25,"enemies":"Centurion and Healer","floor":20,"turns":3}],"seed_played":"5238217872512464801","potions_obtained":[{"floor":2,"key":"EssenceOfSteel"},{"floor":7,"key":"SteroidPotion"},{"floor":16,"key":"Fire Potion"},{"floor":18,"key":"FearPotion"},{"floor":19,"key":"Poison Potion"}],"is_trial":false,"path_per_floor":["M","M","?","?","?","R","E","R","T","M","M","$","M","M","R","B",null,"M","M","M"],"character_chosen":"IRONCLAD","items_purchased":["Flex","Inflame","Red Skull"],"campfire_rested":1,"item_purchase_floors":[12,12,12],"current_hp_per_floor":[68,67,64,64,57,57,22,46,46,42,41,41,40,38,38,37,80,25,21,0],"gold":202,"neow_bonus":"HUNDRED_GOLD","is_prod":false,"is_daily":false,"chose_seed":false,"campfire_upgraded":2,"win_rate":0,"timestamp":1567889953,"path_taken":["M","M","?","?","?","R","E","R","T","M","M","$","M","M","R","BOSS","M","M","M"],"build_version":"2019-07-17","purchased_purges":0,"victory":false,"max_hp_per_floor":[80,80,80,80,80,80,80,80,80,80,80,80,80,80,80,80,80,80,80,80],"card_choices":[{"not_picked":["Clothesline","Carnage"],"picked":"Thunderclap","floor":1},{"not_picked":["Rupture","Sword Boomerang"],"picked":"Power Through","floor":2},{"not_picked":["Sword Boomerang","Armaments"],"picked":"Havoc","floor":7},{"not_picked":["Pummel","Hemokinesis"],"picked":"Clash","floor":10},{"not_picked":["Bloodletting","Uppercut"],"picked":"Demon Form","floor":11},{"not_picked":["Clothesline","Body Slam"],"picked":"Flex","floor":13},{"not_picked":["Havoc","Hemokinesis"],"picked":"Cleave","floor":14},{"not_picked":["Barricade","Reaper"],"picked":"Immolate","floor":16},{"not_picked":["Shrug It Off","Disarm+1"],"picked":"Cleave+1","floor":18},{"not_picked":["Warcry","Seeing Red+1"],"picked":"Searing Blow+1","floor":19}],"player_experience":220068,"relics_obtained":[{"floor":7,"key":"Pantograph"},{"floor":9,"key":"Happy Flower"}],"event_choices":[{"damage_healed":0,"gold_gain":0,"player_choice":"Success","damage_taken":3,"relics_obtained":["Paper Frog"],"max_hp_gain":0,"max_hp_loss":0,"event_name":"Scrap Ooze","floor":3,"gold_loss":0},{"damage_healed":0,"gold_gain":0,"player_choice":"Box","damage_taken":0,"relics_obtained":["Juzu Bracelet"],"max_hp_gain":0,"max_hp_loss":0,"event_name":"Big Fish","floor":4,"gold_loss":0,"cards_obtained":["Regret"]},{"cards_removed":["Regret"],"damage_healed":0,"gold_gain":0,"player_choice":"Card Removal","damage_taken":7,"max_hp_gain":0,"max_hp_loss":0,"event_name":"Golden Wing","floor":5,"gold_loss":0}],"is_beta":false,"boss_relics":[{"not_picked":["Orrery","Pandora\u0027s Box"],"picked":"Runic Dome"}],"items_purged_floors":[],"is_endless":false,"potions_floor_spawned":[2,7,16,18,19],"killed_by":"Centurion and Healer","ascension_level":0}