{"gold_per_floor":[119,134,134,152,152,152,168,197,197,212,245,245,276,27,27,126,126,142,158,175,175,24,53,68,68,92,118,131,166,12,12,12,111,111,121,121,0,0,0,34,65,108,120,132,33,360,360,374,374,374],"floor_reached":50,"playtime":5106,"items_purged":[],"score":696,"play_id":"349f32fb-3a1b-46c1-aa46-d737d5f8f7b2","local_time":"20190902195531","is_ascension_mode":false,"campfire_choices":[{"floor":6,"key":"REST"},{"floor":15,"key":"REST"},{"floor":25,"key":"REST"},{"floor":32,"key":"REST"},{"floor":44,"key":"REST"},{"floor":47,"key":"REST"},{"floor":49,"key":"REST"}],"neow_cost":"NONE","seed_source_timestamp":1813854782345900,"circlet_count":0,"master_deck":["Strike_G","Strike_G","Strike_G","Strike_G","Strike_G","Defend_G","Defend_G+1","Defend_G+1","Survivor","Neutralize","Infinite Blades","Bouncing Flask","Backstab","Dagger Spray","Dagger Spray","Noxious Fumes","Footwork","Endless Agony","Prepared+1","Sucker Punch+1","Calculated Gamble+1","Venomology+1","Crippling Poison+1","Deflect+1","Crippling Poison+1","Flying Knee+1","Deflect+1","Backflip+1","All Out Attack+1","Blur+1","Poisoned Stab+1","RitualDagger+1","Catalyst+1","Doppelganger+1","Flying Knee+1","Madness+1","Madness+1","Dagger Spray+1","Skewer+1","Adrenaline+1","Bane+1","Catalyst+1","Noxious Fumes","Prepared+1","Outmaneuver+1","Infinite Blades+1","Dash+1"],"relics":["Ring of the Snake","Dream Catcher","Odd Mushroom","Pear","Mummified Hand","Toxic Egg 2","Molten Egg 2","Sling","Fusion Hammer","Boot","Lantern","Snake Skull","Torii","War Paint","Bronze Scales","Black Star","Red Mask","Ancient Tea Set","MawBank","Omamori","Strawberry","Blood Vial","Old Coin","Pen Nib"],"potions_floor_usage":[8,16,18,19,19,20,23,27,28,28,29,29,33,33,35,40,42,42,46,46,48,50,50,50,50],"damage_taken":[{"damage":0,"enemies":"Cultist","floor":1,"turns":4},{"damage":3,"enemies":"Jaw Worm","floor":2,"turns":5},{"damage":7,"enemies":"Small Slimes","floor":4,"turns":3},{"damage":5,"enemies":"Looter","floor":7,"turns":3},{"damage":6,"enemies":"The Mushroom Lair","floor":8,"turns":4},{"damage":5,"enemies":"Blue Slaver","floor":10,"turns":3},{"damage":20,"enemies":"Gremlin Nob","floor":11,"turns":4},{"damage":20,"enemies":"3 Sentries","floor":13,"turns":5},{"damage":41,"enemies":"The Guardian","floor":16,"turns":9},{"damage":6,"enemies":"Chosen","floor":18,"turns":3},{"damage":3,"enemies":"Spheric Guardian","floor":19,"turns":5},{"damage":7,"enemies":"Cultist and Chosen","floor":20,"turns":4},{"damage":26,"enemies":"Gremlin Leader","floor":23,"turns":5},{"damage":10,"enemies":"Centurion and Healer","floor":24,"turns":5},{"damage":13,"enemies":"Book of Stabbing","floor":27,"turns":5},{"damage":2,"enemies":"Snecko","floor":28,"turns":5},{"damage":1,"enemies":"Gremlin Leader","floor":29,"turns":4},{"damage":39,"enemies":"Automaton","floor":33,"turns":7},{"damage":0,"enemies":"3 Shapes","floor":35,"turns":3},{"damage":18,"enemies":"Reptomancer","floor":40,"turns":7},{"damage":0,"enemies":"Orb Walker","floor":41,"turns":2},{"damage":33,"enemies":"Nemesis","floor":42,"turns":5},{"damage":40,"enemies":"Giant Head","floor":46,"turns":7},{"damage":21,"enemies":"Writhing Mass","floor":48,"turns":5},{"damage":84,"enemies":"Awakened One","floor":50,"turns":8}],"seed_played":"7105466266948373011","potions_obtained":[{"floor":1,"key":"Energy Potion"},{"floor":2,"key":"Weak Potion"},{"floor":10,"key":"PowerPotion"},{"floor":11,"key":"SkillPotion"},{"floor":18,"key":"GhostInAJar"},{"floor":19,"key":"AttackPotion"},{"floor":28,"key":"Strength Potion"},{"floor":29,"key":"GhostInAJar"},{"floor":33,"key":"Explosive Potion"},{"floor":42,"key":"AttackPotion"},{"floor":46,"key":"Block Potion"}],"is_trial":false,"path_per_floor":["M","M","?","M","?","R","M","?","T","M","E","T","E","$","R","B",null,"M","M","M","?","$","E","M","R","T","E","M","E","$","?","R","B",null,"M","?","?","$","?","E","M","E","T","R","$","E","R","M","R","B"],"character_chosen":"THE_SILENT","items_purchased":["Sling","Sucker Punch+1","Boot","Bronze Scales","Catalyst+1","Noxious Fumes"],"campfire_rested":7,"item_purchase_floors":[14,14,22,30,45,45],"current_hp_per_floor":[77,74,67,60,48,71,66,60,70,65,45,45,25,25,51,10,87,81,78,71,71,71,45,35,61,61,48,61,60,60,54,80,41,87,87,87,87,87,76,58,58,32,32,60,60,22,50,31,59,0],"gold":374,"neow_bonus":"TEN_PERCENT_HP_BONUS","is_prod":false,"is_daily":false,"chose_seed":false,"campfire_upgraded":0,"win_rate":0.0,"timestamp":1567446931,"path_taken":["M","M","?","M","?","R","M","?","T","M","E","?","E","$","R","BOSS","M","M","M","?","$","E","M","R","T","E","M","E","$","?","R","BOSS","M","?","?","?","?","E","M","E","T","R","?","E","R","M","R","BOSS"],"build_version":"2019-07-17","purchased_purges":0,"victory":false,"max_hp_per_floor":[77,77,77,77,77,77,77,77,87,87,87,87,87,87,87,87,87,87,87,87,87,87,87,87,87,87,87,87,87,87,87,87,87,87,87,87,87,87,87,87,87,94,94,94,94,94,94,94,94,94],"card_choices":[{"not_picked":["Outmaneuver","Slice"],"picked":"Infinite Blades","floor":1},{"not_picked":["Slice","Prepared"],"picked":"Bouncing Flask","floor":2},{"not_picked":["Outmaneuver","Bouncing Flask"],"picked":"Backstab","floor":4},{"not_picked":["Sucker Punch","Backflip"],"picked":"Dagger Spray","floor":6},{"not_picked":["Sucker Punch","PiercingWail"],"picked":"Dagger Spray","floor":7},{"not_picked":["Bouncing Flask","Doppelganger"],"picked":"Noxious Fumes","floor":8},{"not_picked":["Escape Plan","Flying Knee"],"picked":"Footwork","floor":10},{"not_picked":["PiercingWail","Prepared"],"picked":"Endless Agony","floor":11},{"not_picked":["Bane","Footwork"],"picked":"Prepared+1","floor":13},{"not_picked":["Slice+1","Blur+1"],"picked":"Calculated Gamble+1","floor":15},{"not_picked":["Adrenaline+1","Unload+1"],"picked":"Venomology+1","floor":16},{"not_picked":["Leg Sweep+1","PiercingWail+1"],"picked":"Crippling Poison+1","floor":18},{"not_picked":["Dagger Throw+1","Outmaneuver+1"],"picked":"Deflect+1","floor":19},{"not_picked":["Prepared+1","Blade Dance+1"],"picked":"Crippling Poison+1","floor":20},{"not_picked":["Sucker Punch+1","Prepared+1"],"picked":"Flying Knee+1","floor":23},{"not_picked":["Tactician+1","Noxious Fumes"],"picked":"Deflect+1","floor":24},{"not_picked":["Sucker Punch+1","Blur+1"],"picked":"Backflip+1","floor":25},{"not_picked":["Distraction+1","Phantasmal Killer+1"],"picked":"All Out Attack+1","floor":27},{"not_picked":["Quick Slash+1","Eviscerate+1"],"picked":"Blur+1","floor":28},{"not_picked":["Infinite Blades","Bane+1"],"picked":"Poisoned Stab+1","floor":29},{"not_picked":["Caltrops+1","Bouncing Flask+1"],"picked":"Catalyst+1","floor":32},{"not_picked":["Night Terror+1","Bullet Time+1"],"picked":"Doppelganger+1","floor":33},{"not_picked":["PiercingWail+1","All Out Attack+1"],"picked":"Flying Knee+1","floor":35},{"not_picked":["Doppelganger+1","Prepared+1"],"picked":"Dagger Spray+1","floor":40},{"not_picked":["Flying Knee+1","Endless Agony+1"],"picked":"Skewer+1","floor":41},{"not_picked":["Reflex+1","Skewer+1"],"picked":"Adrenaline+1","floor":42},{"not_picked":["Expertise+1","Blade Dance+1"],"picked":"Bane+1","floor":44},{"not_picked":["Reflex+1","Eviscerate+1"],"picked":"Prepared+1","floor":46},{"not_picked":["Blade Dance+1","Acrobatics+1"],"picked":"Outmaneuver+1","floor":47},{"not_picked":["Flying Knee+1","Choke+1"],"picked":"Infinite Blades+1","floor":48},{"not_picked":["Sucker Punch+1","Calculated Gamble+1"],"picked":"Dash+1","floor":49}],"player_experience":34493,"relics_obtained":[{"floor":8,"key":"Odd Mushroom"},{"floor":9,"key":"Pear"},{"floor":11,"key":"Mummified Hand"},{"floor":12,"key":"Toxic Egg 2"},{"floor":13,"key":"Molten Egg 2"},{"floor":23,"key":"Lantern"},{"floor":26,"key":"Snake Skull"},{"floor":27,"key":"Torii"},{"floor":29,"key":"War Paint"},{"floor":40,"key":"Ancient Tea Set"},{"floor":40,"key":"MawBank"},{"floor":42,"key":"Omamori"},{"floor":42,"key":"Strawberry"},{"floor":43,"key":"Blood Vial"},{"floor":46,"key":"Old Coin"},{"floor":46,"key":"Pen Nib"}],"event_choices":[{"cards_removed":["Defend_G"],"damage_healed":0,"gold_gain":0,"player_choice":"Card Removal","damage_taken":7,"max_hp_gain":0,"max_hp_loss":0,"event_name":"Golden Wing","floor":3,"gold_loss":0},{"damage_healed":0,"gold_gain":0,"player_choice":"Success","damage_taken":12,"relics_obtained":["Dream Catcher"],"max_hp_gain":0,"max_hp_loss":0,"event_name":"Scrap Ooze","floor":5,"gold_loss":0},{"damage_healed":0,"gold_gain":0,"player_choice":"Fought Mushrooms","damage_taken":0,"max_hp_gain":0,"max_hp_loss":0,"event_name":"Mushrooms","floor":8,"gold_loss":0},{"damage_healed":0,"gold_gain":0,"player_choice":"Ignored","damage_taken":0,"max_hp_gain":0,"max_hp_loss":0,"event_name":"Vampires","floor":21,"gold_loss":0},{"damage_healed":0,"gold_gain":0,"player_choice":"Joined the Cult","damage_taken":6,"max_hp_gain":0,"max_hp_loss":0,"event_name":"Nest","floor":31,"gold_loss":0,"cards_obtained":["RitualDagger"]},{"cards_removed":["Defend_G"],"damage_healed":0,"gold_gain":0,"player_choice":"Removed Skill","damage_taken":0,"max_hp_gain":0,"max_hp_loss":0,"event_name":"Falling","floor":36,"gold_loss":0},{"damage_healed":0,"gold_gain":0,"player_choice":"Paid","damage_taken":0,"relics_obtained":["Red Mask"],"max_hp_gain":0,"max_hp_loss":0,"event_name":"Tomb of Lord Red Mask","floor":37,"gold_loss":121},{"damage_healed":0,"gold_gain":0,"player_choice":"Embrace Madness","damage_taken":11,"max_hp_gain":0,"max_hp_loss":0,"event_name":"Winding Halls","floor":39,"gold_loss":0,"cards_obtained":["Madness","Madness"]}],"is_beta":false,"boss_relics":[{"not_picked":["Busted Crown","Philosopher\u0027s Stone"],"picked":"Fusion Hammer"},{"not_picked":["Sozu","Tiny House"],"picked":"Black Star"}],"items_purged_floors":[],"is_endless":false,"potions_floor_spawned":[1,2,10,11,13,18,19,28,29,33,42,46],"killed_by":"Awakened One","ascension_level":0}