{"gold_per_floor":[19,19,33,45,45,77,77,93,93,93,124,142,90,90],"floor_reached":14,"playtime":1144,"items_purged":[],"score":100,"play_id":"48d389bd-9df4-4764-8fc9-313671273c59","local_time":"20190902213508","is_ascension_mode":false,"campfire_choices":[{"floor":7,"key":"REST"}],"neow_cost":"NO_GOLD","seed_source_timestamp":1823805542465300,"circlet_count":0,"master_deck":["Strike_G","Strike_G","Strike_G","Strike_G","Strike_G","Defend_G","Defend_G","Defend_G","Defend_G","Defend_G","Survivor","Neutralize","Finesse","Madness","Quick Slash","Distraction","Backflip","A Thousand Cuts+1","Deadly Poison","Flying Knee","Distraction"],"relics":["Ring of the Snake","Frozen Egg 2","Ornamental Fan","Shuriken","Anchor"],"potions_floor_usage":[11,11,14],"damage_taken":[{"damage":0,"enemies":"2 Louse","floor":1,"turns":4},{"damage":0,"enemies":"Cultist","floor":3,"turns":4},{"damage":5,"enemies":"Small Slimes","floor":4,"turns":4},{"damage":42,"enemies":"Lagavulin","floor":6,"turns":11},{"damage":7,"enemies":"Exordium Thugs","floor":8,"turns":5},{"damage":25,"enemies":"Gremlin Nob","floor":11,"turns":4},{"damage":8,"enemies":"Red Slaver","floor":12,"turns":3},{"damage":12,"enemies":"Blue Slaver","floor":14,"turns":2}],"seed_played":"-5494662947453534424","potions_obtained":[{"floor":6,"key":"Explosive Potion"},{"floor":8,"key":"PowerPotion"},{"floor":12,"key":"Weak Potion"}],"is_trial":false,"path_per_floor":["M","?","M","M","$","E","R","M","T","?","E","M","$","M"],"character_chosen":"THE_SILENT","items_purchased":["PowerPotion"],"campfire_rested":1,"item_purchase_floors":[13],"current_hp_per_floor":[70,70,70,65,65,23,44,37,37,37,12,4,4,0],"gold":90,"neow_bonus":"RANDOM_COLORLESS_2","is_prod":false,"is_daily":false,"chose_seed":false,"campfire_upgraded":0,"win_rate":0.0,"timestamp":1567452908,"path_taken":["M","?","M","?","$","E","R","M","T","?","E","M","$","M"],"build_version":"2019-07-17","purchased_purges":0,"victory":false,"max_hp_per_floor":[70,70,70,70,70,70,70,70,70,70,70,70,70,70],"card_choices":[{"not_picked":["Dodge and Roll","Prepared"],"picked":"Quick Slash","floor":1},{"not_picked":["Poisoned Stab","Sucker Punch"],"picked":"Distraction","floor":3},{"not_picked":["Slice","PiercingWail"],"picked":"Backflip","floor":4},{"not_picked":["Dodge and Roll","Reflex"],"picked":"A Thousand Cuts+1","floor":6},{"not_picked":["Tactician","Finisher"],"picked":"Deadly Poison","floor":8},{"not_picked":["Deadly Poison","Sucker Punch"],"picked":"Flying Knee","floor":11},{"not_picked":["Sucker Punch","Dodge and Roll"],"picked":"Distraction","floor":12}],"player_experience":39599,"relics_obtained":[{"floor":2,"key":"Frozen Egg 2"},{"floor":6,"key":"Ornamental Fan"},{"floor":9,"key":"Shuriken"},{"floor":11,"key":"Anchor"}],"event_choices":[{"damage_healed":0,"gold_gain":0,"player_choice":"Relic","damage_taken":0,"max_hp_gain":0,"max_hp_loss":0,"event_name":"Wheel of Change","floor":2,"gold_loss":0},{"damage_healed":0,"gold_gain":0,"player_choice":"Bought 0 Potions","damage_taken":0,"max_hp_gain":0,"max_hp_loss":0,"event_name":"The Woman in Blue","floor":10,"gold_loss":0}],"is_beta":false,"boss_relics":[],"items_purged_floors":[],"is_endless":false,"potions_floor_spawned":[6,8,12],"killed_by":"Blue Slaver","ascension_level":0}