{"gold_per_floor":[114,114,131,155,168,193,193,193,493,493,5,26,53,76,76,171,171,190,35,50,66,84,84,127,127,127,127,142,142,267,281,281,376,376,395,1394,1408,891,915,915,933,933],"floor_reached":42,"playtime":2596,"items_purged":["Injury","Normality"],"score":836,"play_id":"05fdfb30-c1b1-4cc6-80d6-c14746848953","local_time":"20191003210817","is_ascension_mode":true,"campfire_choices":[{"data":"Corpse Explosion","floor":8.0,"key":"SMITH"},{"data":"Survivor","floor":10.0,"key":"SMITH"},{"data":"Infinite Blades","floor":15.0,"key":"SMITH"},{"floor":23.0,"key":"REST"},{"data":"Caltrops","floor":25.0,"key":"SMITH"},{"floor":27.0,"key":"REST"},{"floor":32.0,"key":"REST"},{"data":"Noxious Fumes","floor":40.0,"key":"SMITH"}],"neow_cost":"TEN_PERCENT_HP_LOSS","seed_source_timestamp":426884328491600,"circlet_count":0,"master_deck":["AscendersBane","Strike_G","Strike_G+1","Strike_G","Strike_G","Strike_G","Defend_G","Defend_G","Defend_G","Defend_G","Defend_G","Survivor+1","Neutralize+1","Dash","Unload","Outmaneuver","Neutralize","Dash","Escape Plan+1","Escape Plan","Corpse Explosion+1","Infinite Blades+1","Deflect+1","Deadly Poison","Tools of the Trade","Caltrops+1","Heel Hook","PiercingWail+1","Cloak And Dagger","Slice","Leg Sweep","Noxious Fumes","Skewer+1","Malaise","Noxious Fumes","Normality","Deflect+1","Noxious Fumes+1","Leg Sweep+1"],"special_seed":0,"relics":["Ring of the Snake","Gambling Chip","Blood Vial","Whetstone","Golden Idol","Old Coin","Mango","War Paint","Busted Crown","Red Mask","Question Card","Thread and Needle","Meat on the Bone","WristBlade","Bronze Scales","Happy Flower"],"potions_floor_usage":[42,42],"damage_taken":[{"damage":12.0,"enemies":"Jaw Worm","floor":1.0,"turns":6.0},{"damage":0.0,"enemies":"Cultist","floor":3.0,"turns":3.0},{"damage":0.0,"enemies":"Small Slimes","floor":5.0,"turns":2.0},{"damage":9.0,"enemies":"Gremlin Nob","floor":6.0,"turns":4.0},{"damage":0.0,"enemies":"Exordium Wildlife","floor":12.0,"turns":5.0},{"damage":0.0,"enemies":"Gremlin Gang","floor":14.0,"turns":2.0},{"damage":35.0,"enemies":"The Guardian","floor":16.0,"turns":10.0},{"damage":0.0,"enemies":"3 Byrds","floor":18.0,"turns":2.0},{"damage":8.0,"enemies":"Chosen","floor":20.0,"turns":5.0},{"damage":0.0,"enemies":"Snecko","floor":21.0,"turns":4.0},{"damage":26.0,"enemies":"Chosen and Byrds","floor":22.0,"turns":7.0},{"damage":30.0,"enemies":"Masked Bandits","floor":24.0,"turns":4.0},{"damage":21.0,"enemies":"Shelled Parasite and Fungi","floor":28.0,"turns":5.0},{"damage":5.0,"enemies":"Colosseum Slavers","floor":30.0,"turns":3.0},{"damage":8.0,"enemies":"Colosseum Nobs","floor":30.0,"turns":4.0},{"damage":21.0,"enemies":"Cultist and Chosen","floor":31.0,"turns":4.0},{"damage":40.0,"enemies":"Automaton","floor":33.0,"turns":9.0},{"damage":0.0,"enemies":"3 Shapes","floor":35.0,"turns":6.0},{"damage":5.0,"enemies":"Orb Walker","floor":37.0,"turns":5.0},{"damage":0.0,"enemies":"4 Shapes","floor":39.0,"turns":6.0},{"damage":17.0,"enemies":"Writhing Mass","floor":41.0,"turns":7.0},{"damage":70,"enemies":"Giant Head","floor":42,"turns":9}],"seed_played":"8484397045336328760","potions_obtained":[{"floor":1.0,"key":"Block Potion"},{"floor":5.0,"key":"AttackPotion"},{"floor":12.0,"key":"PowerPotion"},{"floor":16.0,"key":"LiquidBronze"},{"floor":22.0,"key":"Fruit Juice"},{"floor":28.0,"key":"Fire Potion"},{"floor":31.0,"key":"SpeedPotion"},{"floor":33.0,"key":"LiquidBronze"},{"floor":37.0,"key":"AttackPotion"},{"floor":41.0,"key":"Fire Potion"}],"is_trial":false,"path_per_floor":["M","?","M","T","M","E","?","R","T","R","$","M","T","M","R","B",null,"M","$","M","M","M","R","?","R","T","R","M","?","?","M","R","B",null,"M","?","M","$","M","R","M","E"],"character_chosen":"THE_SILENT","items_purchased":["Mango","Infinite Blades","Caltrops","Heel Hook","Bronze Scales","Noxious Fumes","Happy Flower"],"campfire_rested":3,"item_purchase_floors":[11,11,19,19,38,38,38],"current_hp_per_floor":[47,47,47,47,49,42,42,42,42,42,56,58,58,60,60,27,62,64,64,58,60,41,64,36,36,36,59,40,40,31,24,47,21,65,67,67,64,64,66,66,51,0],"gold":933,"neow_bonus":"ONE_RARE_RELIC","is_prod":false,"is_daily":false,"chose_seed":false,"campfire_upgraded":5,"win_rate":0,"timestamp":1570129697,"path_taken":["M","?","?","?","M","E","?","R","T","R","?","?","?","M","R","BOSS","M","$","?","M","M","R","?","R","T","R","M","?","?","?","R","BOSS","M","?","M","$","M","R","M","E"],"build_version":"2019-07-17","purchased_purges":2,"victory":false,"max_hp_per_floor":[60,60,60,60,60,60,60,60,60,60,74,74,74,74,74,74,74,74,74,74,74,79,79,79,79,79,79,79,79,79,79,79,79,79,79,79,79,79,79,79,79,79],"card_choices":[{"not_picked":["Blur","Dodge and Roll"],"picked":"Dash","floor":1.0},{"not_picked":["Cloak And Dagger","Choke"],"picked":"Escape Plan","floor":3.0},{"not_picked":["All Out Attack","Setup"],"picked":"Escape Plan","floor":5.0},{"not_picked":["Bane","Slice"],"picked":"Corpse Explosion","floor":6.0},{"not_picked":["Dagger Spray","Poisoned Stab"],"picked":"Deflect","floor":12.0},{"not_picked":["Dagger Spray","Quick Slash"],"picked":"Deadly Poison","floor":14.0},{"not_picked":["Night Terror","Grand Finale"],"picked":"Tools of the Trade","floor":16.0},{"not_picked":["Dash"],"picked":"SKIP","floor":18.0},{"not_picked":["Prepared"],"picked":"SKIP","floor":20.0},{"not_picked":[],"picked":"PiercingWail+1","floor":21.0},{"not_picked":[],"picked":"Cloak And Dagger","floor":22.0},{"not_picked":[],"picked":"Slice","floor":24.0},{"not_picked":["Underhanded Strike"],"picked":"Leg Sweep","floor":28.0},{"not_picked":["Cloak And Dagger"],"picked":"Skewer+1","floor":31.0},{"not_picked":["Grand Finale"],"picked":"Malaise","floor":33.0},{"not_picked":["Terror"],"picked":"Noxious Fumes","floor":35.0},{"not_picked":["Poisoned Stab+1"],"picked":"Deflect+1","floor":37.0},{"not_picked":["Outmaneuver+1"],"picked":"Leg Sweep+1","floor":39.0},{"not_picked":["Underhanded Strike","Masterful Stab"],"picked":"SKIP","floor":41.0}],"player_experience":414510,"relics_obtained":[{"floor":4.0,"key":"Blood Vial"},{"floor":6.0,"key":"Whetstone"},{"floor":9.0,"key":"Old Coin"},{"floor":13.0,"key":"War Paint"},{"floor":24.0,"key":"Red Mask"},{"floor":26.0,"key":"Question Card"},{"floor":30.0,"key":"Thread and Needle"},{"floor":30.0,"key":"Meat on the Bone"}],"event_choices":[{"damage_healed":0.0,"max_hp_gain":0.0,"max_hp_loss":0.0,"gold_gain":0.0,"event_name":"Match and Keep!","player_choice":"4 cards matched","floor":2.0,"gold_loss":0.0,"damage_taken":0.0,"cards_obtained":["Unload","Outmaneuver","Neutralize","Dash"]},{"damage_healed":0.0,"max_hp_gain":0.0,"max_hp_loss":0.0,"gold_gain":0.0,"event_name":"Match and Keep!","player_choice":"4 cards matched","floor":2.0,"gold_loss":0.0,"damage_taken":0.0,"cards_obtained":["Unload","Outmaneuver","Neutralize","Dash"]},{"damage_healed":0.0,"max_hp_gain":0.0,"max_hp_loss":0.0,"gold_gain":0.0,"event_name":"Golden Idol","player_choice":"Take Wound","floor":7.0,"gold_loss":0.0,"damage_taken":0.0,"relics_obtained":["Golden Idol"],"cards_obtained":["Injury"]},{"damage_healed":0.0,"max_hp_gain":0.0,"max_hp_loss":0.0,"gold_gain":0.0,"event_name":"Masked Bandits","player_choice":"Fought Bandits","floor":24.0,"gold_loss":0.0,"damage_taken":0.0},{"damage_healed":0.0,"max_hp_gain":0.0,"max_hp_loss":0.0,"gold_gain":0.0,"event_name":"The Library","player_choice":"Read","floor":29.0,"gold_loss":0.0,"damage_taken":0.0,"cards_obtained":["Noxious Fumes"]},{"damage_healed":0.0,"max_hp_gain":0.0,"max_hp_loss":0.0,"gold_gain":0.0,"event_name":"Colosseum","player_choice":"Fight","floor":30.0,"gold_loss":0.0,"damage_taken":0.0},{"damage_healed":0.0,"max_hp_gain":0.0,"max_hp_loss":0.0,"gold_gain":0.0,"event_name":"Colosseum","player_choice":"Fought Nobs","floor":30.0,"gold_loss":0.0,"damage_taken":0.0},{"damage_healed":0.0,"max_hp_gain":0.0,"max_hp_loss":0.0,"gold_gain":999.0,"event_name":"MindBloom","player_choice":"Gold","floor":36.0,"gold_loss":0.0,"damage_taken":0.0,"cards_obtained":["Normality","Normality"]}],"is_beta":false,"boss_relics":[{"not_picked":["Cursed Key","Orrery"],"picked":"Busted Crown"},{"not_picked":["Runic Dome","Coffee Dripper"],"picked":"WristBlade"}],"items_purged_floors":[11,38],"is_endless":false,"potions_floor_spawned":[1,5,12,16,22,28,30,31,33,37,41],"killed_by":"Giant Head","ascension_level":17}