{"gold_per_floor":[20,20,41,61,136,136,159,159],"floor_reached":8,"playtime":142,"items_purged":[],"score":48,"play_id":"6bfc2645-563f-4ef7-9809-45192ff7cc41","local_time":"20190908131649","is_ascension_mode":false,"campfire_choices":[{"floor":6,"key":"DIG"}],"neow_cost":"NO_GOLD","seed_source_timestamp":748200947267400,"circlet_count":0,"master_deck":["Strike_R","Strike_R","Strike_R","Strike_R","Strike_R","Defend_R","Defend_R","Defend_R","Defend_R","Bash","Pommel Strike","Thunderclap","Cleave","Perfected Strike"],"relics":["Burning Blood","Shovel","Golden Idol","Du-Vu Doll","Mummified Hand"],"potions_floor_usage":[8],"damage_taken":[{"damage":6,"enemies":"Cultist","floor":1,"turns":3},{"damage":14,"enemies":"2 Louse","floor":3,"turns":2},{"damage":11,"enemies":"Jaw Worm","floor":4,"turns":3},{"damage":24,"enemies":"Large Slime","floor":7,"turns":6},{"damage":20,"enemies":"Gremlin Nob","floor":8,"turns":3}],"seed_played":"-4163880249853876339","potions_obtained":[{"floor":3,"key":"Weak Potion"},{"floor":4,"key":"GamblersBrew"}],"is_trial":false,"path_per_floor":["M","?","M","M","?","R","M","?"],"character_chosen":"IRONCLAD","items_purchased":[],"campfire_rested":0,"item_purchase_floors":[],"current_hp_per_floor":[80,60,52,47,36,36,18,0],"gold":159,"neow_bonus":"ONE_RARE_RELIC","is_prod":false,"is_daily":false,"chose_seed":false,"campfire_upgraded":0,"win_rate":0,"timestamp":1567941409,"path_taken":["M","?","M","M","?","R","M","?"],"build_version":"2019-07-17","purchased_purges":0,"victory":false,"max_hp_per_floor":[80,80,80,80,80,80,80,80],"card_choices":[{"not_picked":["Headbutt","Burning Pact"],"picked":"Pommel Strike","floor":1},{"not_picked":["Second Wind","Shrug It Off"],"picked":"Thunderclap","floor":3},{"not_picked":["Rage","Pummel"],"picked":"Cleave","floor":4},{"not_picked":["Shrug It Off","Armaments"],"picked":"Perfected Strike","floor":7}],"player_experience":229865,"relics_obtained":[{"floor":6,"key":"Du-Vu Doll"}],"event_choices":[{"damage_healed":0,"gold_gain":0,"player_choice":"Take Damage","damage_taken":20,"relics_obtained":["Golden Idol"],"max_hp_gain":0,"max_hp_loss":0,"event_name":"Golden Idol","floor":2,"gold_loss":0},{"damage_healed":0,"gold_gain":75,"player_choice":"Gather Gold","damage_taken":11,"max_hp_gain":0,"max_hp_loss":0,"event_name":"World of Goop","floor":5,"gold_loss":0},{"damage_healed":0,"gold_gain":0,"player_choice":"Searched \u00272\u0027 times","damage_taken":0,"relics_obtained":["Mummified Hand"],"max_hp_gain":0,"max_hp_loss":0,"event_name":"Dead Adventurer","floor":8,"gold_loss":0}],"is_beta":false,"boss_relics":[],"items_purged_floors":[],"is_endless":false,"potions_floor_spawned":[3,4],"killed_by":"Gremlin Nob","ascension_level":0}