{"gold_per_floor":[118,136,136,136,147,205,235,264,316,316,332,366,366,380,380,485,485,504,522,111,129,129,161,161,161,161,187,187,205,235,249,249,351,351,361,381,394,443,443,443],"floor_reached":40,"playtime":2187,"items_purged":["Barricade"],"score":663,"play_id":"5008d274-830c-40dc-8d39-2fe5b7fdb9e6","local_time":"20190926055521","is_ascension_mode":true,"campfire_choices":[{"floor":10.0,"key":"REST"},{"data":"Limit Break","floor":15.0,"key":"SMITH"},{"data":"Battle Trance","floor":24.0,"key":"SMITH"},{"data":"Metallicize","floor":28.0,"key":"SMITH"},{"data":"Panache","floor":32,"key":"SMITH"}],"neow_cost":"TEN_PERCENT_HP_LOSS","seed_source_timestamp":3839878004080400,"circlet_count":0,"master_deck":["Bash","Anger+1","Shrug It Off","Bash","Whirlwind+1","Limit Break+1","Flame Barrier","Armaments+1","Ghostly Armor","Flex","Metallicize+1","Feed+1","Battle Trance+1","Bloodletting","Shockwave","Body Slam","Twin Strike","Immolate","Flex+1","Flex+1","Panache+1","Flame Barrier","Cleave+1","Flame Barrier+1","Heavy Blade+1","Body Slam+1","Juggernaut","Doubt","Shame","Pain","Spot Weakness+1","Spot Weakness+1","Iron Wave+1","Flex+1"],"special_seed":0,"relics":["Burning Blood","Ornamental Fan","Tiny Chest","Orichalcum","PreservedInsect","Vajra","Whetstone","Pandora\u0027s Box","Bag of Preparation","Oddly Smooth Stone","Molten Egg 2","Pantograph","Ancient Tea Set","Calling Bell","Pen Nib","Kunai","Torii","Dead Branch"],"potions_floor_usage":[33,38,40,40,40],"damage_taken":[{"damage":6.0,"enemies":"Jaw Worm","floor":1.0,"turns":5.0},{"damage":1.0,"enemies":"Cultist","floor":2.0,"turns":4.0},{"damage":0.0,"enemies":"2 Louse","floor":5.0,"turns":2.0},{"damage":32.0,"enemies":"3 Sentries","floor":6.0,"turns":5.0},{"damage":23.0,"enemies":"Gremlin Nob","floor":8.0,"turns":5.0},{"damage":2.0,"enemies":"2 Fungi Beasts","floor":11.0,"turns":3.0},{"damage":0.0,"enemies":"3 Sentries","floor":12.0,"turns":6.0},{"damage":2.0,"enemies":"Red Slaver","floor":14.0,"turns":5.0},{"damage":23.0,"enemies":"Slime Boss","floor":16.0,"turns":12.0},{"damage":0.0,"enemies":"Chosen","floor":18.0,"turns":5.0},{"damage":6.0,"enemies":"Spheric Guardian","floor":19.0,"turns":4.0},{"damage":3.0,"enemies":"Shelled Parasite and Fungi","floor":21.0,"turns":1.0},{"damage":8.0,"enemies":"Slavers","floor":23.0,"turns":3.0},{"damage":17.0,"enemies":"Book of Stabbing","floor":27.0,"turns":4.0},{"damage":8.0,"enemies":"Sentry and Sphere","floor":29.0,"turns":3.0},{"damage":14,"enemies":"Slavers","floor":30,"turns":4},{"damage":1,"enemies":"3 Cultists","floor":31,"turns":3},{"damage":49,"enemies":"Automaton","floor":33,"turns":9},{"damage":1,"enemies":"Orb Walker","floor":35,"turns":3},{"damage":55,"enemies":"3 Darklings","floor":36,"turns":3},{"damage":14,"enemies":"Sphere and 2 Shapes","floor":37,"turns":4},{"damage":35,"enemies":"2 Orb Walkers","floor":38,"turns":4},{"damage":38,"enemies":"Giant Head","floor":40,"turns":5}],"seed_played":"-7125094290719635707","potions_obtained":[{"floor":1.0,"key":"Dexterity Potion"},{"floor":8.0,"key":"Block Potion"},{"floor":11.0,"key":"Weak Potion"},{"floor":12.0,"key":"BloodPotion"},{"floor":14.0,"key":"Poison Potion"},{"floor":21.0,"key":"Poison Potion"},{"floor":23.0,"key":"Dexterity Potion"},{"floor":27.0,"key":"EssenceOfSteel"},{"floor":35,"key":"SpeedPotion"},{"floor":36,"key":"EntropicBrew"}],"is_trial":false,"path_per_floor":["M","M","?","?","M","E","?","E","T","R","M","E","?","M","R","B",null,"M","M","$","M","?","E","R","?","T","E","R","M","E","M","R","B",null,"M","M","M","?","?","E"],"character_chosen":"IRONCLAD","items_purchased":["Panache","Bag of Preparation"],"campfire_rested":1,"item_purchase_floors":[20,20],"current_hp_per_floor":[72,72,65,65,71,45,45,28,28,49,53,59,59,63,63,46,66,72,75,75,75,75,76,76,76,76,65,65,63,59,64,64,39,71,76,27,23,15,15,0],"gold":443,"neow_bonus":"REMOVE_TWO","is_prod":false,"is_daily":false,"chose_seed":false,"campfire_upgraded":4,"win_rate":0,"timestamp":1569470121,"path_taken":["M","M","?","?","?","E","?","E","T","R","M","E","?","?","R","BOSS","M","M","$","M","?","E","R","?","T","E","R","M","E","M","R","BOSS","M","M","?","?","?","E"],"build_version":"2019-07-17","purchased_purges":1,"victory":false,"max_hp_per_floor":[72,72,72,72,72,72,72,72,72,72,72,72,72,72,72,72,72,72,75,75,75,75,78,78,78,78,78,78,78,82,82,82,82,82,82,82,86,86,86,86],"card_choices":[{"not_picked":["Disarm","Clothesline"],"picked":"Anger","floor":1.0},{"not_picked":["Wild Strike","Flex"],"picked":"Shrug It Off","floor":2.0},{"not_picked":["Pommel Strike","Iron Wave"],"picked":"Flame Barrier","floor":5.0},{"not_picked":["Heavy Blade","Blood for Blood"],"picked":"Armaments","floor":6.0},{"not_picked":["Twin Strike","Brutality"],"picked":"Ghostly Armor","floor":8.0},{"not_picked":["Havoc","Armaments"],"picked":"Flex","floor":11.0},{"not_picked":["Body Slam","Intimidate"],"picked":"Warcry","floor":12.0},{"not_picked":["Armaments","Uppercut"],"picked":"Metallicize","floor":14.0},{"not_picked":["Limit Break","Immolate"],"picked":"Feed","floor":16.0},{"not_picked":["Armaments","Perfected Strike"],"picked":"Flex+1","floor":18.0},{"not_picked":["Anger","Thunderclap"],"picked":"Flex+1","floor":19.0},{"not_picked":["Havoc","Wild Strike+1","Perfected Strike"],"picked":"SKIP","floor":21.0},{"not_picked":["Pommel Strike","Thunderclap"],"picked":"Flame Barrier","floor":23.0},{"not_picked":["Anger+1","Immolate+1"],"picked":"Cleave+1","floor":27.0},{"not_picked":["Anger+1","Cleave+1"],"picked":"Flame Barrier+1","floor":29.0},{"not_picked":["Blood for Blood+1","Flame Barrier"],"picked":"Heavy Blade+1","floor":30},{"not_picked":["Cleave+1","Burning Pact"],"picked":"Body Slam+1","floor":31},{"not_picked":["Fiend Fire+1","Bludgeon+1"],"picked":"Juggernaut","floor":33},{"not_picked":["Infernal Blade+1","Wild Strike+1"],"picked":"Spot Weakness+1","floor":35},{"not_picked":["Battle Trance","True Grit+1"],"picked":"Spot Weakness+1","floor":36},{"not_picked":["Twin Strike+1","Pummel+1"],"picked":"Iron Wave+1","floor":37},{"not_picked":["Hemokinesis+1","Reckless Charge+1"],"picked":"Flex+1","floor":38}],"player_experience":340215,"relics_obtained":[{"floor":6.0,"key":"Tiny Chest"},{"floor":8.0,"key":"PreservedInsect"},{"floor":9.0,"key":"Vajra"},{"floor":12.0,"key":"Whetstone"},{"floor":23.0,"key":"Oddly Smooth Stone"},{"floor":26.0,"key":"Molten Egg 2"},{"floor":27.0,"key":"Pantograph"},{"floor":30,"key":"Ancient Tea Set"},{"floor":34,"key":"Pen Nib"},{"floor":34,"key":"Kunai"},{"floor":34,"key":"Torii"},{"floor":38,"key":"Dead Branch"}],"event_choices":[{"damage_healed":0.0,"max_hp_gain":0.0,"max_hp_loss":0.0,"gold_gain":0.0,"event_name":"Scrap Ooze","player_choice":"Success","floor":3.0,"gold_loss":0.0,"damage_taken":7.0,"relics_obtained":["Ornamental Fan"]},{"damage_healed":0.0,"max_hp_gain":0.0,"max_hp_loss":0.0,"gold_gain":0.0,"event_name":"Match and Keep!","player_choice":"3 cards matched","floor":4.0,"gold_loss":0.0,"damage_taken":0.0,"cards_obtained":["Bash","Whirlwind","Limit Break"]},{"damage_healed":0.0,"max_hp_gain":0.0,"max_hp_loss":0.0,"gold_gain":30.0,"event_name":"Dead Adventurer","player_choice":"Searched \u00272\u0027 times","floor":7.0,"gold_loss":0.0,"damage_taken":0.0,"relics_obtained":["Orichalcum"]},{"damage_healed":0.0,"max_hp_gain":0.0,"max_hp_loss":0.0,"gold_gain":0.0,"event_name":"Upgrade Shrine","player_choice":"Upgraded","floor":13.0,"gold_loss":0.0,"damage_taken":0.0,"cards_upgraded":["Armaments"]},{"damage_healed":0.0,"max_hp_gain":0.0,"max_hp_loss":0.0,"gold_gain":0.0,"event_name":"Ghosts","player_choice":"Ignored","floor":22.0,"gold_loss":0.0,"damage_taken":0.0},{"damage_healed":0.0,"max_hp_gain":0.0,"max_hp_loss":0.0,"gold_gain":0.0,"event_name":"Upgrade Shrine","player_choice":"Upgraded","floor":25.0,"gold_loss":0.0,"damage_taken":0.0,"cards_upgraded":["Feed"]},{"damage_healed":0,"gold_gain":0,"player_choice":"Fight","damage_taken":0,"max_hp_gain":0,"max_hp_loss":0,"event_name":"Mysterious Sphere","floor":38,"gold_loss":0},{"cards_removed":["Warcry"],"damage_healed":0,"gold_gain":0,"player_choice":"Removed Skill","damage_taken":0,"max_hp_gain":0,"max_hp_loss":0,"event_name":"Falling","floor":39,"gold_loss":0}],"is_beta":false,"boss_relics":[{"not_picked":["Tiny House","Snecko Eye"],"picked":"Pandora\u0027s Box"},{"not_picked":["Orrery","Black Star"],"picked":"Calling Bell"}],"items_purged_floors":[20],"is_endless":false,"potions_floor_spawned":[1,8,11,12,14,16,21,23,27,30,35,36],"killed_by":"Giant Head","ascension_level":6}