{"gold_per_floor":[113,127,145,50,62,62,88,88,88,108,108,121,137,162,162,264,264,250,250,264,234,245,245,279,290,290,290],"floor_reached":27,"playtime":3611,"items_purged":[],"score":294,"play_id":"9cb78e75-edc2-4b19-ae38-6e5a0087a4dd","local_time":"20191004171307","is_ascension_mode":true,"campfire_choices":[{"data":"Neutralize","floor":6,"key":"SMITH"},{"data":"Dagger Spray","floor":8,"key":"SMITH"},{"data":"Envenom","floor":15,"key":"SMITH"},{"floor":23,"key":"REST"}],"neow_cost":"NONE","seed_source_timestamp":46101899088400,"circlet_count":0,"master_deck":["Strike_G","Strike_G","Strike_G","Strike_G","Strike_G","Defend_G","Defend_G","Defend_G","Defend_G","Defend_G","Survivor","Neutralize+1","Well Laid Plans","Backstab","Blur","Dagger Spray+1","Poisoned Stab","Envenom+1","Bouncing Flask","Die Die Die","Bane+1","Caltrops+1"],"relics":["Ring of the Snake","Potion Belt","Peace Pipe","Meat on the Bone","Odd Mushroom","Sundial","White Beast Statue","Vajra","Toxic Egg 2"],"potions_floor_usage":[7,10,14,16,22,24,25],"damage_taken":[{"damage":0,"enemies":"Cultist","floor":1,"turns":5},{"damage":3,"enemies":"Jaw Worm","floor":2,"turns":5},{"damage":0,"enemies":"2 Louse","floor":3,"turns":3},{"damage":1,"enemies":"Blue Slaver","floor":5,"turns":5},{"damage":12,"enemies":"Gremlin Nob","floor":7,"turns":4},{"damage":22,"enemies":"The Mushroom Lair","floor":10,"turns":5},{"damage":3,"enemies":"Red Slaver","floor":12,"turns":4},{"damage":0,"enemies":"Lots of Slimes","floor":13,"turns":1},{"damage":13,"enemies":"3 Sentries","floor":14,"turns":7},{"damage":15,"enemies":"Hexaghost","floor":16,"turns":9},{"damage":20,"enemies":"2 Thieves","floor":18,"turns":4},{"damage":30,"enemies":"Shell Parasite","floor":20,"turns":8},{"damage":36,"enemies":"Centurion and Healer","floor":22,"turns":5},{"damage":14,"enemies":"Gremlin Leader","floor":24,"turns":7},{"damage":32,"enemies":"Snake Plant","floor":25,"turns":6},{"damage":19,"enemies":"Shelled Parasite and Fungi","floor":27,"turns":3}],"seed_played":"8727154033339249748","potions_obtained":[{"floor":1,"key":"Swift Potion"},{"floor":10,"key":"EssenceOfSteel"},{"floor":12,"key":"Swift Potion"},{"floor":13,"key":"Strength Potion"},{"floor":18,"key":"Energy Potion"},{"floor":20,"key":"FairyPotion"},{"floor":21,"key":"Fire Potion"},{"floor":21,"key":"PowerPotion"},{"floor":22,"key":"Weak Potion"},{"floor":24,"key":"Dexterity Potion"},{"floor":25,"key":"SkillPotion"}],"is_trial":false,"path_per_floor":["M","M","M","$","M","R","E","R","T","?","?","M","M","E","R","B",null,"M","?","M","?","M","R","E","M","T","M"],"character_chosen":"THE_SILENT","items_purchased":["Dagger Spray","Fire Potion"],"campfire_rested":1,"item_purchase_floors":[4,4],"current_hp_per_floor":[70,67,67,67,66,66,54,54,54,44,49,46,46,45,45,42,75,55,41,23,23,13,37,35,15,15,0],"gold":290,"neow_bonus":"RANDOM_COMMON_RELIC","is_prod":false,"is_daily":false,"chose_seed":false,"campfire_upgraded":3,"win_rate":0,"timestamp":1570227187,"path_taken":["M","M","M","$","M","R","E","R","T","?","?","M","M","E","R","BOSS","M","?","M","?","M","R","E","M","T","?"],"build_version":"2019-07-17","purchased_purges":0,"victory":false,"max_hp_per_floor":[70,70,70,70,70,70,70,70,70,70,75,75,75,75,75,75,75,75,80,80,80,80,80,80,80,80,80],"card_choices":[{"not_picked":["Escape Plan","Acrobatics"],"picked":"Well Laid Plans","floor":1},{"not_picked":["Heel Hook","Riddle With Holes"],"picked":"Backstab","floor":2},{"not_picked":["Deflect","Bane"],"picked":"Blur","floor":3},{"not_picked":["Dagger Spray","Backstab","Outmaneuver"],"picked":"SKIP","floor":5},{"not_picked":["Infinite Blades","Cloak And Dagger","Underhanded Strike"],"picked":"SKIP","floor":7},{"not_picked":["Outmaneuver","Blade Dance"],"picked":"Poisoned Stab","floor":12},{"not_picked":["Quick Slash","Setup"],"picked":"Envenom","floor":13},{"not_picked":["Cloak And Dagger","Terror"],"picked":"Bouncing Flask","floor":14},{"not_picked":["Bullet Time","Doppelganger"],"picked":"Die Die Die","floor":16},{"not_picked":["Slice","Dagger Throw","Blur"],"picked":"SKIP","floor":18},{"not_picked":["Deflect+1","Quick Slash+1","Underhanded Strike"],"picked":"SKIP","floor":20},{"not_picked":["Setup","Quick Slash","Blur"],"picked":"SKIP","floor":22},{"not_picked":["Dagger Throw","Storm of Steel"],"picked":"Bane+1","floor":24},{"not_picked":["Blade Dance","Dagger Throw"],"picked":"Caltrops+1","floor":25}],"player_experience":185380,"relics_obtained":[{"floor":7,"key":"Peace Pipe"},{"floor":9,"key":"Meat on the Bone"},{"floor":10,"key":"Odd Mushroom"},{"floor":14,"key":"Sundial"},{"floor":24,"key":"Vajra"},{"floor":26,"key":"Toxic Egg 2"}],"event_choices":[{"damage_healed":0,"gold_gain":0,"player_choice":"Fought Mushrooms","damage_taken":0,"max_hp_gain":0,"max_hp_loss":0,"event_name":"Mushrooms","floor":10,"gold_loss":0},{"damage_healed":0,"gold_gain":0,"player_choice":"Donut","damage_taken":0,"max_hp_gain":5,"max_hp_loss":0,"event_name":"Big Fish","floor":11,"gold_loss":0},{"damage_healed":0,"gold_gain":0,"player_choice":"Shed Blood","damage_taken":19,"max_hp_gain":5,"max_hp_loss":0,"event_name":"Forgotten Altar","floor":19,"gold_loss":0},{"damage_healed":0,"gold_gain":0,"player_choice":"Bought 2 Potions","damage_taken":0,"max_hp_gain":0,"max_hp_loss":0,"event_name":"The Woman in Blue","floor":21,"gold_loss":0}],"is_beta":false,"boss_relics":[{"not_picked":["Cursed Key","Runic Dome"],"picked":"White Beast Statue"}],"items_purged_floors":[],"is_endless":false,"potions_floor_spawned":[1,10,12,13,18,20,22,24,25],"killed_by":"Shelled Parasite and Fungi","ascension_level":4}