{"gold_per_floor":[114,189,200,215,140,140,40,51,78,105,120,120,120,139,139,139],"floor_reached":16,"playtime":836,"items_purged":["Strike_R","Defend_R"],"score":102,"play_id":"16c2e5ca-0d74-4020-9df4-4739af97ddcc","local_time":"20190906175714","is_ascension_mode":false,"campfire_choices":[{"floor":6,"key":"RECALL"},{"floor":15,"key":"REST"}],"neow_cost":"NONE","seed_source_timestamp":2156643032035700,"circlet_count":0,"master_deck":["Strike_R","Strike_R","Strike_R","Strike_R","Defend_R","Defend_R","Defend_R","Bash+1","Shrug It Off"],"relics":["Burning Blood","Smiling Mask","Vajra","Golden Idol"],"potions_floor_usage":[10,10,11,16],"damage_taken":[{"damage":10,"enemies":"Small Slimes","floor":1,"turns":3},{"damage":5,"enemies":"2 Louse","floor":3,"turns":3},{"damage":1,"enemies":"Jaw Worm","floor":4,"turns":4},{"damage":5,"enemies":"Looter","floor":8,"turns":4},{"damage":67,"enemies":"Lagavulin","floor":10,"turns":10},{"damage":2,"enemies":"Blue Slaver","floor":11,"turns":2},{"damage":1,"enemies":"2 Fungi Beasts","floor":14,"turns":3},{"damage":43,"enemies":"Hexaghost","floor":16,"turns":9}],"seed_played":"5148027179991645682","potions_obtained":[{"floor":1,"key":"GamblersBrew"},{"floor":3,"key":"Swift Potion"},{"floor":10,"key":"AttackPotion"},{"floor":11,"key":"Poison Potion"}],"is_trial":false,"path_per_floor":["M","?","M","M","$","R","$","M","T","E","M","?","?","M","R","B"],"character_chosen":"IRONCLAD","items_purchased":[],"campfire_rested":1,"item_purchase_floors":[],"current_hp_per_floor":[76,65,66,71,71,71,71,72,72,11,15,15,15,20,42,0],"gold":139,"neow_bonus":"UPGRADE_CARD","is_prod":false,"is_daily":false,"chose_seed":false,"campfire_upgraded":0,"win_rate":0,"timestamp":1567785434,"path_taken":["M","?","M","M","$","R","$","M","T","E","M","?","?","M","R","BOSS"],"build_version":"2019-07-17","purchased_purges":2,"victory":false,"max_hp_per_floor":[80,80,80,80,80,80,80,80,80,80,80,74,74,74,74,74],"card_choices":[{"not_picked":["Searing Blow","Ghostly Armor","Inflame"],"picked":"SKIP","floor":1},{"not_picked":["Pommel Strike","Heavy Blade","Rampage"],"picked":"SKIP","floor":3},{"not_picked":["Heavy Blade","Havoc","Body Slam"],"picked":"SKIP","floor":4},{"not_picked":["Metallicize","Wild Strike"],"picked":"Shrug It Off","floor":8},{"not_picked":["Feel No Pain","Feed","Spot Weakness"],"picked":"SKIP","floor":10},{"not_picked":["Havoc","Pummel","Wild Strike"],"picked":"SKIP","floor":11},{"not_picked":["Inflame","Wild Strike","Twin Strike"],"picked":"SKIP","floor":14}],"player_experience":83982,"relics_obtained":[{"floor":9,"key":"Smiling Mask"},{"floor":10,"key":"Vajra"}],"event_choices":[{"damage_healed":0,"gold_gain":75,"player_choice":"Gather Gold","damage_taken":11,"max_hp_gain":0,"max_hp_loss":0,"event_name":"World of Goop","floor":2,"gold_loss":0},{"damage_healed":0,"gold_gain":0,"player_choice":"Lose Max HP","damage_taken":0,"relics_obtained":["Golden Idol"],"max_hp_gain":0,"max_hp_loss":6,"event_name":"Golden Idol","floor":12,"gold_loss":0},{"damage_healed":0,"gold_gain":0,"player_choice":"Ignored","damage_taken":0,"max_hp_gain":0,"max_hp_loss":0,"event_name":"Liars Game","floor":13,"gold_loss":0}],"is_beta":false,"boss_relics":[],"items_purged_floors":[5,7],"is_endless":false,"potions_floor_spawned":[1,3,10,11],"killed_by":"Hexaghost","ascension_level":0}