{"gold_per_floor":[109,127,139,158,168,199,199,254,254,254,254,265,297,311,311,414,414,429,440,11,25,38,38,65,65,139,174,174,174,200,216,216,318,318,329,329,5,16,26,52,52,78,132,152,183,183,183,183,183,183],"floor_reached":51,"playtime":3340,"items_purged":["Strike_B","Strike_B"],"score":1013,"play_id":"af3f468c-8940-4dec-aaf9-aee8bc6e9363","local_time":"20190916202017","is_ascension_mode":true,"campfire_choices":[{"data":"Defragment","floor":7,"key":"SMITH"},{"data":"Storm","floor":11,"key":"SMITH"},{"data":"Hello World","floor":15,"key":"SMITH"},{"floor":23,"key":"REST"},{"floor":29,"key":"REST"},{"data":"Machine Learning","floor":32,"key":"SMITH"},{"floor":41,"key":"REST"},{"floor":47,"key":"REST"},{"data":"Loop","floor":49,"key":"SMITH"}],"neow_cost":"NONE","seed_source_timestamp":3026709829502500,"circlet_count":0,"master_deck":["Strike_B","Strike_B","Defend_B","Defend_B","Defend_B","Defend_B","Zap","Dualcast","Defragment+1","FTL","Undo","Self Repair","Sunder","Melter","Storm+1","Force Field","Hello World+1","Echo Form","Amplify","Hologram+1","Chill+1","BootSequence","Cold Snap+1","Ball Lightning","Go for the Eyes","Machine Learning+1","Barrage+1","Thunder Strike","Static Discharge","Loop+1","Jack Of All Trades","Leap+1","Scrape+1","Redo+1","Core Surge","Gash+1","Go for the Eyes+1","Discovery","Jack Of All Trades","Metamorphosis"],"relics":["Cracked Core","Juzu Bracelet","Pantograph","Matryoshka","Kunai","Runic Dome","Runic Capacitor","Potion Belt","Art of War","Blue Candle","Gremlin Horn","Omamori","Pear","Sozu","Smiling Mask","DataDisk","Lantern","Calipers","Strawberry","Boot","Du-Vu Doll"],"potions_floor_usage":[6,6,6,30,30],"damage_taken":[{"damage":0,"enemies":"Small Slimes","floor":1,"turns":2},{"damage":14,"enemies":"Jaw Worm","floor":2,"turns":4},{"damage":1,"enemies":"Cultist","floor":3,"turns":3},{"damage":0,"enemies":"Large Slime","floor":4,"turns":4},{"damage":3,"enemies":"3 Louse","floor":5,"turns":4},{"damage":20,"enemies":"3 Sentries","floor":6,"turns":5},{"damage":26,"enemies":"Gremlin Nob","floor":8,"turns":5},{"damage":9,"enemies":"Red Slaver","floor":12,"turns":3},{"damage":23,"enemies":"Gremlin Nob","floor":13,"turns":4},{"damage":0,"enemies":"Blue Slaver","floor":14,"turns":4},{"damage":30,"enemies":"Hexaghost","floor":16,"turns":7},{"damage":25,"enemies":"Shell Parasite","floor":18,"turns":4},{"damage":40,"enemies":"3 Byrds","floor":19,"turns":4},{"damage":12,"enemies":"Snecko","floor":21,"turns":5},{"damage":16,"enemies":"Centurion and Healer","floor":22,"turns":6},{"damage":15,"enemies":"Book of Stabbing","floor":24,"turns":4},{"damage":28,"enemies":"Gremlin Leader","floor":27,"turns":6},{"damage":13,"enemies":"Slavers","floor":30,"turns":5},{"damage":0,"enemies":"3 Cultists","floor":31,"turns":4},{"damage":44,"enemies":"Collector","floor":33,"turns":8},{"damage":29,"enemies":"3 Darklings","floor":35,"turns":4},{"damage":10,"enemies":"3 Shapes","floor":38,"turns":3},{"damage":20,"enemies":"Jaw Worm Horde","floor":39,"turns":3},{"damage":7,"enemies":"Reptomancer","floor":40,"turns":4},{"damage":0,"enemies":"Giant Head","floor":42,"turns":6},{"damage":0,"enemies":"Maw","floor":44,"turns":6},{"damage":67,"enemies":"Reptomancer","floor":45,"turns":6},{"damage":47,"enemies":"Awakened One","floor":50,"turns":8}],"seed_played":"-7641641853485079565","potions_obtained":[{"floor":1,"key":"Regen Potion"},{"floor":2,"key":"Block Potion"},{"floor":4,"key":"FocusPotion"},{"floor":14,"key":"SteroidPotion"},{"floor":22,"key":"AttackPotion"},{"floor":24,"key":"LiquidBronze"},{"floor":27,"key":"SteroidPotion"}],"is_trial":false,"path_per_floor":["M","M","M","M","M","E","R","?","T","?","R","M","E","M","R","B",null,"M","M","$","M","M","R","E","$","T","E","?","R","E","M","R","B",null,"M","?","$","M","M","E","R","E","T","M","E","?","R","?","R","B",null],"character_chosen":"DEFECT","items_purchased":["Runic Capacitor","Potion Belt","DataDisk","Loop","Jack Of All Trades"],"campfire_rested":4,"item_purchase_floors":[20,20,37,37,37],"current_hp_per_floor":[82,68,67,67,71,72,72,53,53,82,82,80,64,71,71,59,82,64,31,31,33,24,48,47,47,47,26,26,50,61,68,68,62,92,70,70,70,60,47,47,74,92,99,99,39,39,68,58,58,43],"gold":183,"neow_bonus":"TEN_PERCENT_HP_BONUS","is_prod":false,"is_daily":false,"chose_seed":false,"campfire_upgraded":5,"win_rate":0,"timestamp":1568658017,"path_taken":["M","M","M","M","M","E","R","?","T","?","R","M","E","M","R","BOSS","M","M","$","M","M","R","E","?","T","E","?","R","E","M","R","BOSS","M","?","$","M","M","E","R","E","T","M","E","?","R","?","R","BOSS"],"build_version":"2019-07-17","purchased_purges":2,"victory":true,"max_hp_per_floor":[82,82,82,82,82,82,82,82,82,82,82,82,82,82,82,82,82,82,82,82,82,82,82,82,82,82,82,82,82,92,92,92,92,92,92,92,92,92,92,92,92,92,99,99,99,99,99,99,99,99],"card_choices":[{"not_picked":["Glacier","Skim"],"picked":"Defragment","floor":1},{"not_picked":["Redo","Sweeping Beam"],"picked":"FTL","floor":2},{"not_picked":["Coolheaded","Double Energy"],"picked":"Undo","floor":3},{"not_picked":["Auto Shields","Chill"],"picked":"Self Repair","floor":4},{"not_picked":["Beam Cell","Barrage"],"picked":"Sunder","floor":5},{"not_picked":["Sunder","Streamline"],"picked":"Melter","floor":6},{"not_picked":["Hello World","Rip and Tear"],"picked":"Storm","floor":8},{"not_picked":["Barrage","Streamline"],"picked":"Force Field","floor":12},{"not_picked":["Recycle","Stack"],"picked":"Hello World","floor":13},{"not_picked":["Chaos","Defragment"],"picked":"Echo Form","floor":14},{"not_picked":["Thunder Strike","Rainbow"],"picked":"Amplify","floor":16},{"not_picked":["Compile Driver","Rip and Tear"],"picked":"Hologram+1","floor":18},{"not_picked":["Sweeping Beam","Cold Snap"],"picked":"Chill+1","floor":19},{"not_picked":["Redo","Gash"],"picked":"BootSequence","floor":21},{"not_picked":["Doom and Gloom","Redo"],"picked":"Cold Snap+1","floor":22},{"not_picked":["Redo","Compile Driver"],"picked":"Ball Lightning","floor":24},{"not_picked":["Ball Lightning","Double Energy"],"picked":"Go for the Eyes","floor":27},{"not_picked":["Gash+1","Go for the Eyes+1"],"picked":"Machine Learning","floor":30},{"not_picked":["Turbo","Genetic Algorithm"],"picked":"Barrage+1","floor":31},{"not_picked":["Echo Form","Hyperbeam"],"picked":"Thunder Strike","floor":33},{"not_picked":["Sweeping Beam+1","Sunder+1"],"picked":"Static Discharge","floor":35},{"not_picked":["Doom and Gloom+1","Fusion"],"picked":"Leap+1","floor":38},{"not_picked":["Compile Driver+1","Steam Power+1"],"picked":"Scrape+1","floor":39},{"not_picked":["Coolheaded","Turbo+1"],"picked":"Redo+1","floor":40},{"not_picked":["Rebound","Sweeping Beam"],"picked":"Core Surge","floor":42},{"not_picked":["Streamline","Sweeping Beam"],"picked":"Gash+1","floor":44},{"not_picked":["Recycle+1","Coolheaded+1"],"picked":"Go for the Eyes+1","floor":45},{"not_picked":["Jack Of All Trades","Good Instincts"],"picked":"Discovery","floor":48},{"not_picked":["Purity","Blind"],"picked":"Jack Of All Trades","floor":48},{"not_picked":["Impatience","Jack Of All Trades"],"picked":"Metamorphosis","floor":48}],"player_experience":219972,"relics_obtained":[{"floor":6,"key":"Juzu Bracelet"},{"floor":8,"key":"Pantograph"},{"floor":9,"key":"Matryoshka"},{"floor":13,"key":"Kunai"},{"floor":24,"key":"Art of War"},{"floor":26,"key":"Blue Candle"},{"floor":26,"key":"Gremlin Horn"},{"floor":27,"key":"Omamori"},{"floor":30,"key":"Pear"},{"floor":40,"key":"Lantern"},{"floor":42,"key":"Calipers"},{"floor":43,"key":"Strawberry"},{"floor":43,"key":"Boot"},{"floor":45,"key":"Du-Vu Doll"}],"event_choices":[{"damage_healed":0,"gold_gain":0,"player_choice":"Searched \u00272\u0027 times","damage_taken":0,"max_hp_gain":0,"max_hp_loss":0,"event_name":"Dead Adventurer","floor":8,"gold_loss":0},{"damage_healed":29,"gold_gain":0,"player_choice":"Full Heal","damage_taken":0,"max_hp_gain":0,"max_hp_loss":0,"event_name":"Wheel of Change","floor":10,"gold_loss":0},{"damage_healed":0,"gold_gain":0,"player_choice":"Ignored","damage_taken":0,"max_hp_gain":0,"max_hp_loss":0,"event_name":"Vampires","floor":28,"gold_loss":0},{"damage_healed":0,"gold_gain":0,"player_choice":"Gave Potion","damage_taken":0,"relics_obtained":["Smiling Mask"],"max_hp_gain":0,"max_hp_loss":0,"event_name":"WeMeetAgain","floor":36,"gold_loss":0},{"damage_healed":0,"gold_gain":0,"player_choice":"Ignored","damage_taken":0,"max_hp_gain":0,"max_hp_loss":0,"event_name":"The Moai Head","floor":46,"gold_loss":0},{"damage_healed":0,"gold_gain":0,"player_choice":"Memory 3","damage_taken":10,"max_hp_gain":0,"max_hp_loss":0,"event_name":"SensoryStone","floor":48,"gold_loss":0}],"is_beta":false,"boss_relics":[{"not_picked":["Cursed Key","Orrery"],"picked":"Runic Dome"},{"not_picked":["Pandora\u0027s Box","Velvet Choker"],"picked":"Sozu"}],"items_purged_floors":[20,37],"is_endless":false,"potions_floor_spawned":[1,2,4,5,14,22,24,27,35,39,42,44],"ascension_level":4}