{"gold_per_floor":[112,126,126,136,156,184,234,234,258,308,335,385,399,431,431,431],"floor_reached":16,"playtime":791,"items_purged":[],"score":204,"play_id":"7f397865-12fb-4e38-846e-81eb4f5be65f","local_time":"20190929074525","is_ascension_mode":true,"campfire_choices":[{"floor":8.0,"key":"REST"},{"floor":15.0,"key":"REST"}],"neow_cost":"NONE","seed_source_timestamp":35206213578100,"circlet_count":0,"master_deck":["AscendersBane","Strike_G+1","Strike_G+1","Strike_G","Strike_G","Defend_G","Defend_G","Defend_G","Defend_G","Defend_G","Survivor+1","Neutralize","Cloak And Dagger","Slice","Die Die Die+1","Deadly Poison","Backflip","Footwork","Slice","Escape Plan"],"special_seed":0,"relics":["Ring of the Snake","Lantern","SsserpentHead","Juzu Bracelet","Whetstone","Strawberry","Oddly Smooth Stone","Anchor"],"potions_floor_usage":[],"damage_taken":[{"damage":0.0,"enemies":"2 Louse","floor":1.0,"turns":3.0},{"damage":5.0,"enemies":"Cultist","floor":2.0,"turns":4.0},{"damage":2.0,"enemies":"Small Slimes","floor":4.0,"turns":4.0},{"damage":0.0,"enemies":"2 Fungi Beasts","floor":5.0,"turns":2.0},{"damage":4.0,"enemies":"3 Sentries","floor":6.0,"turns":8.0},{"damage":8.0,"enemies":"Lagavulin","floor":11.0,"turns":9.0},{"damage":2.0,"enemies":"Exordium Thugs","floor":13.0,"turns":4.0},{"damage":4.0,"enemies":"3 Sentries","floor":14.0,"turns":8.0},{"damage":66,"enemies":"Slime Boss","floor":16,"turns":11}],"seed_played":"1831303621978805405","potions_obtained":[{"floor":2.0,"key":"Weak Potion"},{"floor":5.0,"key":"Fire Potion"},{"floor":11.0,"key":"Block Potion"}],"is_trial":false,"path_per_floor":["M","M","?","M","M","E","?","R","T","?","E","?","M","E","R","B"],"character_chosen":"THE_SILENT","items_purchased":[],"campfire_rested":2,"item_purchase_floors":[],"current_hp_per_floor":[59,54,54,52,52,48,35,54,54,54,53,50,48,44,65,0],"gold":431,"neow_bonus":"RANDOM_COMMON_RELIC","is_prod":false,"is_daily":false,"chose_seed":false,"campfire_upgraded":0,"win_rate":0,"timestamp":1569735925,"path_taken":["M","M","?","M","M","E","?","R","T","?","E","?","M","E","R","BOSS"],"build_version":"2019-07-17","purchased_purges":0,"victory":false,"max_hp_per_floor":[66,66,66,66,66,66,66,66,66,66,73,73,73,73,73,73],"card_choices":[{"not_picked":["Bane","Flying Knee"],"picked":"Cloak And Dagger","floor":1.0},{"not_picked":["Blur","Sucker Punch"],"picked":"Slice","floor":2.0},{"not_picked":["Masterful Stab","Cloak And Dagger"],"picked":"Die Die Die","floor":4.0},{"not_picked":["Bane","Blade Dance"],"picked":"Deadly Poison","floor":5.0},{"not_picked":["Quick Slash","Bullet Time"],"picked":"Backflip","floor":6.0},{"not_picked":["Distraction","Endless Agony"],"picked":"Footwork","floor":11.0},{"not_picked":["Underhanded Strike","Outmaneuver"],"picked":"Slice","floor":13.0},{"not_picked":["Leg Sweep","Heel Hook"],"picked":"Escape Plan","floor":14.0}],"player_experience":372606,"relics_obtained":[{"floor":6.0,"key":"Juzu Bracelet"},{"floor":9.0,"key":"Whetstone"},{"floor":11.0,"key":"Strawberry"},{"floor":14.0,"key":"Anchor"}],"event_choices":[{"damage_healed":0.0,"max_hp_gain":0.0,"max_hp_loss":0.0,"gold_gain":0.0,"event_name":"FaceTrader","player_choice":"Trade","floor":3.0,"gold_loss":0.0,"damage_taken":0.0,"relics_obtained":["SsserpentHead"]},{"damage_healed":0.0,"max_hp_gain":0.0,"max_hp_loss":0.0,"gold_gain":0.0,"event_name":"Shining Light","player_choice":"Entered Light","floor":7.0,"gold_loss":0.0,"damage_taken":13.0,"cards_upgraded":["Strike_G","Survivor"]},{"cards_removed":["Strike_G"],"damage_healed":0.0,"max_hp_gain":0.0,"max_hp_loss":0.0,"gold_gain":0.0,"event_name":"Living Wall","player_choice":"Forget","floor":10.0,"gold_loss":0.0,"damage_taken":0.0},{"damage_healed":0.0,"max_hp_gain":0.0,"max_hp_loss":0.0,"gold_gain":0.0,"event_name":"Scrap Ooze","player_choice":"Success","floor":12.0,"gold_loss":0.0,"damage_taken":3.0,"relics_obtained":["Oddly Smooth Stone"]}],"is_beta":false,"boss_relics":[],"items_purged_floors":[],"is_endless":false,"potions_floor_spawned":[2,5,11],"killed_by":"Slime Boss","ascension_level":14}