{"gold_per_floor":[114,189,205,205,205,238,238,264,264,264,280,299,328,46,46,144,144,126,138,163,163,178,204,217,217,242,242,254,282,393,28,28,130,130,144,160,171,171,184,184,217,217,217,251,29,29,43,43,43,43],"floor_reached":51,"playtime":3489,"items_purged":[],"score":1046,"play_id":"d5c6f28e-8f6d-4f8a-9373-6ed13ac8345c","local_time":"20190919213727","is_ascension_mode":true,"campfire_choices":[{"floor":7,"key":"REST"},{"floor":10,"key":"REST"},{"floor":15,"key":"REST"},{"floor":25,"key":"REST"},{"data":"Creative AI","floor":27,"key":"SMITH"},{"floor":32,"key":"REST"},{"floor":46,"key":"REST"},{"data":"Defragment","floor":49,"key":"SMITH"}],"neow_cost":"NONE","seed_source_timestamp":3290327078914100,"circlet_count":0,"master_deck":["Strike_B","Strike_B","Defend_B","Defend_B","Defend_B","Zap+1","Dualcast+1","Blizzard","Stack+1","FTL","Scrape","Conserve Battery","Hello World","Stack","Self Repair","Coolheaded","Echo Form","Chill","Coolheaded","Electrodynamics","Hologram","Creative AI+1","Auto Shields","Leap+1","Steam+1","Capacitor","Gash","Amplify","Chill","Reboot","Aggregate+1","Rebound+1","Heatsinks","Barrage","Defragment+1","Capacitor+1","Capacitor","Hologram+1"],"relics":["Cracked Core","Mercury Hourglass","DataDisk","Meat on the Bone","War Paint","Regal Pillow","Philosopher\u0027s Stone","Red Mask","GremlinMask","Anchor","Juzu Bracelet","MawBank","Symbiotic Virus","Lizard Tail","Bag of Marbles","Letter Opener","Singing Bowl","Art of War"],"potions_floor_usage":[6,13,16,18,23,24,37,47,50],"damage_taken":[{"damage":3,"enemies":"Jaw Worm","floor":1,"turns":4},{"damage":3,"enemies":"2 Louse","floor":3,"turns":3},{"damage":38,"enemies":"Lagavulin","floor":6,"turns":12},{"damage":36,"enemies":"Gremlin Nob","floor":8,"turns":4},{"damage":0,"enemies":"Small Slimes","floor":11,"turns":2},{"damage":0,"enemies":"Looter","floor":12,"turns":2},{"damage":1,"enemies":"Lagavulin","floor":13,"turns":5},{"damage":31,"enemies":"Slime Boss","floor":16,"turns":6},{"damage":25,"enemies":"2 Thieves","floor":18,"turns":4},{"damage":12,"enemies":"3 Byrds","floor":19,"turns":5},{"damage":56,"enemies":"Masked Bandits","floor":20,"turns":6},{"damage":0,"enemies":"Centurion and Healer","floor":22,"turns":6},{"damage":47,"enemies":"Book of Stabbing","floor":23,"turns":7},{"damage":27,"enemies":"Snake Plant","floor":24,"turns":4},{"damage":1,"enemies":"Cultist and Chosen","floor":28,"turns":5},{"damage":46,"enemies":"Slavers","floor":29,"turns":5},{"damage":29,"enemies":"Champ","floor":33,"turns":11},{"damage":7,"enemies":"3 Darklings","floor":35,"turns":3},{"damage":0,"enemies":"Orb Walker","floor":36,"turns":5},{"damage":0,"enemies":"4 Shapes","floor":37,"turns":7},{"damage":67,"enemies":"Spire Growth","floor":39,"turns":6},{"damage":0,"enemies":"Nemesis","floor":41,"turns":8},{"damage":33,"enemies":"Reptomancer","floor":44,"turns":5},{"damage":18,"enemies":"Transient","floor":47,"turns":5},{"damage":114,"enemies":"Time Eater","floor":50,"turns":7}],"seed_played":"1527168028756936028","potions_obtained":[{"floor":1,"key":"Dexterity Potion"},{"floor":3,"key":"FairyPotion"},{"floor":11,"key":"GamblersBrew"},{"floor":13,"key":"Weak Potion"},{"floor":16,"key":"LiquidBronze"},{"floor":19,"key":"Energy Potion"},{"floor":22,"key":"LiquidBronze"},{"floor":23,"key":"Strength Potion"},{"floor":28,"key":"SpeedPotion"},{"floor":33,"key":"SteroidPotion"},{"floor":44,"key":"Fire Potion"},{"floor":47,"key":"Explosive Potion"}],"is_trial":false,"path_per_floor":["M","?","M","?","?","E","R","E","T","R","M","M","E","$","R","B",null,"M","M","?","?","M","E","M","R","T","R","M","E","?","$","R","B",null,"M","M","M","?","M","?","E","?","T","E","$","R","M","?","R","B",null],"character_chosen":"DEFECT","items_purchased":["Self Repair","Regal Pillow","Coolheaded","Symbiotic Virus","Capacitor","Gash","Art of War","Capacitor"],"campfire_rested":6,"item_purchase_floors":[14,14,14,31,31,31,45,45],"current_hp_per_floor":[72,61,58,51,51,13,37,1,1,25,37,49,48,48,82,58,76,58,53,27,27,53,32,24,63,63,63,69,42,42,42,81,59,76,69,76,82,82,41,41,60,60,60,53,53,82,71,71,71,31],"gold":43,"neow_bonus":"TEN_PERCENT_HP_BONUS","is_prod":false,"is_daily":false,"chose_seed":false,"campfire_upgraded":2,"win_rate":0,"timestamp":1568921847,"path_taken":["M","?","M","?","?","E","R","E","T","R","M","M","E","$","R","BOSS","M","M","?","?","M","E","?","R","T","R","M","E","?","$","R","BOSS","M","M","M","?","M","?","E","?","T","E","$","R","M","?","R","BOSS"],"build_version":"2019-07-17","purchased_purges":0,"victory":true,"max_hp_per_floor":[82,82,82,82,82,82,82,82,82,82,82,82,82,82,82,82,82,82,82,82,82,82,82,82,82,82,82,82,82,82,82,82,82,82,82,82,82,82,82,82,82,82,82,82,82,82,82,82,82,82],"card_choices":[{"not_picked":["Barrage","Ball Lightning"],"picked":"Blizzard","floor":1},{"not_picked":["Beam Cell","Steam"],"picked":"Stack","floor":3},{"not_picked":["Cold Snap","Scrape"],"picked":"FTL","floor":6},{"not_picked":["Turbo","Streamline"],"picked":"Scrape","floor":8},{"not_picked":["Turbo","Double Energy"],"picked":"Conserve Battery","floor":11},{"not_picked":["Stack","Double Energy"],"picked":"Hello World","floor":12},{"not_picked":["Steam","Compile Driver"],"picked":"Stack","floor":13},{"not_picked":["Rainbow","Thunder Strike"],"picked":"Echo Form","floor":16},{"not_picked":["Go for the Eyes","Leap+1"],"picked":"Chill","floor":18},{"not_picked":["Hyperbeam","Streamline"],"picked":"Coolheaded","floor":19},{"not_picked":["Gash","Barrage"],"picked":"Electrodynamics","floor":20},{"not_picked":["Turbo+1","Stack"],"picked":"Hologram","floor":22},{"not_picked":["Sweeping Beam","Ball Lightning"],"picked":"Creative AI","floor":23},{"not_picked":["Sunder","Steam"],"picked":"Auto Shields","floor":24},{"not_picked":["Hologram","Coolheaded"],"picked":"Leap+1","floor":28},{"not_picked":["Conserve Battery","Streamline"],"picked":"Steam+1","floor":29},{"not_picked":["Creative AI","Biased Cognition"],"picked":"Amplify","floor":33},{"not_picked":["Conserve Battery","Ball Lightning"],"picked":"Chill","floor":35},{"not_picked":["Barrage+1","Scrape"],"picked":"Reboot","floor":36},{"not_picked":["Chill","Steam"],"picked":"Aggregate+1","floor":37},{"not_picked":["Stack","Coolheaded"],"picked":"Rebound+1","floor":39},{"not_picked":["Doom and Gloom+1","Buffer"],"picked":"Defragment","floor":41},{"not_picked":["Consume","Go for the Eyes+1"],"picked":"Capacitor+1","floor":44},{"not_picked":["Doom and Gloom","Leap"],"picked":"Hologram+1","floor":47}],"player_experience":258578,"relics_obtained":[{"floor":6,"key":"Mercury Hourglass"},{"floor":8,"key":"DataDisk"},{"floor":9,"key":"Meat on the Bone"},{"floor":13,"key":"War Paint"},{"floor":20,"key":"Red Mask"},{"floor":23,"key":"Anchor"},{"floor":26,"key":"Juzu Bracelet"},{"floor":29,"key":"MawBank"},{"floor":41,"key":"Bag of Marbles"},{"floor":43,"key":"Letter Opener"},{"floor":44,"key":"Singing Bowl"}],"event_choices":[{"damage_healed":0,"gold_gain":75,"player_choice":"Gather Gold","damage_taken":11,"max_hp_gain":0,"max_hp_loss":0,"event_name":"World of Goop","floor":2,"gold_loss":0},{"cards_removed":["Strike_B"],"damage_healed":0,"gold_gain":0,"player_choice":"Card Removal","damage_taken":7,"max_hp_gain":0,"max_hp_loss":0,"event_name":"Golden Wing","floor":4,"gold_loss":0},{"damage_healed":0,"gold_gain":0,"player_choice":"Grow","damage_taken":0,"max_hp_gain":0,"max_hp_loss":0,"event_name":"Living Wall","floor":5,"gold_loss":0,"cards_upgraded":["Stack"]},{"damage_healed":0,"gold_gain":0,"player_choice":"Fought Bandits","damage_taken":0,"max_hp_gain":0,"max_hp_loss":0,"event_name":"Masked Bandits","floor":20,"gold_loss":0},{"damage_healed":0,"gold_gain":0,"player_choice":"Trade","damage_taken":0,"relics_obtained":["GremlinMask"],"max_hp_gain":0,"max_hp_loss":0,"event_name":"FaceTrader","floor":21,"gold_loss":0},{"damage_healed":0,"gold_gain":99,"player_choice":"Stole From Cult","damage_taken":0,"max_hp_gain":0,"max_hp_loss":0,"event_name":"Nest","floor":30,"gold_loss":0},{"cards_removed":["Strike_B"],"damage_healed":0,"gold_gain":0,"player_choice":"Card Removal","damage_taken":0,"max_hp_gain":0,"max_hp_loss":0,"event_name":"Wheel of Change","floor":38,"gold_loss":0},{"damage_healed":0,"gold_gain":0,"player_choice":"2 cards matched","damage_taken":0,"max_hp_gain":0,"max_hp_loss":0,"event_name":"Match and Keep!","floor":40,"gold_loss":0,"cards_obtained":["Heatsinks","Barrage"]},{"cards_removed":["Defend_B"],"damage_healed":0,"gold_gain":0,"player_choice":"Removed Skill","damage_taken":0,"max_hp_gain":0,"max_hp_loss":0,"event_name":"Falling","floor":42,"gold_loss":0},{"damage_healed":0,"gold_gain":0,"player_choice":"Ignored","damage_taken":0,"max_hp_gain":0,"max_hp_loss":0,"event_name":"Tomb of Lord Red Mask","floor":48,"gold_loss":0}],"is_beta":false,"boss_relics":[{"not_picked":["White Beast Statue","Ectoplasm"],"picked":"Philosopher\u0027s Stone"},{"not_picked":["Eternal Feather","Astrolabe"],"picked":"Lizard Tail"}],"items_purged_floors":[],"is_endless":false,"potions_floor_spawned":[1,3,11,13,16,19,22,23,28,33,44,47],"ascension_level":7}