{"gold_per_floor":[112,123,198,208,218,218,251,251,274,274,274],"floor_reached":11,"playtime":487,"items_purged":[],"score":117,"play_id":"ca752bd3-8a4b-489c-ade2-ee77dd367abf","local_time":"20190926060613","is_ascension_mode":true,"campfire_choices":[{"data":"Jack Of All Trades","floor":6.0,"key":"SMITH"}],"neow_cost":"TEN_PERCENT_HP_LOSS","seed_source_timestamp":3842157945187800,"circlet_count":0,"master_deck":["AscendersBane","Strike_G","Strike_G","Strike_G","Strike_G","Strike_G","Defend_G","Defend_G","Defend_G","Defend_G","Defend_G","Survivor","Neutralize","Jack Of All Trades+1","Madness","Blur","Deflect","Deadly Poison","Infinite Blades"],"special_seed":0,"relics":["Ring of the Snake","Potion Belt","Golden Idol","Art of War"],"potions_floor_usage":[7,7],"damage_taken":[{"damage":4.0,"enemies":"Jaw Worm","floor":1.0,"turns":5.0},{"damage":1.0,"enemies":"Small Slimes","floor":2.0,"turns":4.0},{"damage":0.0,"enemies":"2 Louse","floor":4.0,"turns":4.0},{"damage":1.0,"enemies":"2 Fungi Beasts","floor":5.0,"turns":6.0},{"damage":3,"enemies":"3 Sentries","floor":7,"turns":8},{"damage":49,"enemies":"Gremlin Nob","floor":11,"turns":4}],"seed_played":"6152254158584726930","potions_obtained":[{"floor":4.0,"key":"SteroidPotion"},{"floor":5.0,"key":"AttackPotion"}],"is_trial":false,"path_per_floor":["M","M","?","M","M","R","E","?","T","?","E"],"character_chosen":"THE_SILENT","items_purchased":[],"campfire_rested":0,"item_purchase_floors":[],"current_hp_per_floor":[59,58,47,47,46,46,43,28,28,28,0],"gold":274,"neow_bonus":"RANDOM_COLORLESS_2","is_prod":false,"is_daily":false,"chose_seed":false,"campfire_upgraded":1,"win_rate":0,"timestamp":1569470773,"path_taken":["M","M","?","M","M","R","E","?","T","?","E"],"build_version":"2019-07-17","purchased_purges":0,"victory":false,"max_hp_per_floor":[63,63,63,63,63,63,63,63,63,63,63],"card_choices":[{"not_picked":["Catalyst","Sucker Punch"],"picked":"Blur","floor":1.0},{"not_picked":["Masterful Stab","Acrobatics","Accuracy"],"picked":"SKIP","floor":2.0},{"not_picked":["Sucker Punch","Dodge and Roll"],"picked":"Deflect","floor":4.0},{"not_picked":["Poisoned Stab","Blur"],"picked":"Deadly Poison","floor":5.0},{"not_picked":["Deadly Poison","Prepared"],"picked":"Infinite Blades","floor":7}],"player_experience":342402,"relics_obtained":[{"floor":7,"key":"Potion Belt"},{"floor":9,"key":"Art of War"}],"event_choices":[{"damage_healed":0.0,"max_hp_gain":0.0,"max_hp_loss":0.0,"gold_gain":75.0,"event_name":"World of Goop","player_choice":"Gather Gold","floor":3.0,"gold_loss":0.0,"damage_taken":11.0},{"damage_healed":0,"gold_gain":0,"player_choice":"Take Damage","damage_taken":15,"relics_obtained":["Golden Idol"],"max_hp_gain":0,"max_hp_loss":0,"event_name":"Golden Idol","floor":8,"gold_loss":0},{"damage_healed":0,"gold_gain":0,"player_choice":"Ignored","damage_taken":0,"max_hp_gain":0,"max_hp_loss":0,"event_name":"Golden Wing","floor":10,"gold_loss":0}],"is_beta":false,"boss_relics":[],"items_purged_floors":[],"is_endless":false,"potions_floor_spawned":[4,5],"killed_by":"Gremlin Nob","ascension_level":12}