{"gold_per_floor":[15,27,43,53,70,70,95,113,113,142,6,26,26,41,41,143,143,158,257,273,291,307,307,342,342,421,821,821,833,861,878,878,977,977,991,1004,1104,485,501,501,531,549,549,549,577,622,622,653,653,653,653,653,47,77,77],"floor_reached":56,"playtime":3876,"items_purged":[],"score":1389,"play_id":"0b1ace6c-be8f-4a25-8222-a0a040734fd0","local_time":"20190729213106","is_ascension_mode":false,"campfire_choices":[{"floor":6,"key":"RECALL"},{"floor":13,"key":"REST"},{"data":"Spot Weakness","floor":15,"key":"SMITH"},{"floor":23,"key":"REST"},{"floor":25,"key":"REST"},{"floor":28,"key":"REST"},{"floor":32,"key":"REST"},{"floor":40,"key":"REST"},{"floor":44,"key":"REST"},{"floor":49,"key":"DIG"},{"floor":52,"key":"DIG"}],"neow_cost":"NO_GOLD","seed_source_timestamp":27233465460155,"circlet_count":0,"master_deck":["Strike_R","Strike_R","Strike_R","Strike_R","Strike_R+1","Defend_R","Defend_R","Defend_R+1","Defend_R","Bash","Thinking Ahead+1","Purity","Shrug It Off","Spot Weakness+1","Anger","Headbutt","Anger","Clash","Inflame","Feed","Flash of Steel","Shrug It Off","Warcry","Pommel Strike","Limit Break","Flame Barrier","Spot Weakness+1","Limit Break","Warcry","Headbutt","Fire Breathing","Juggernaut","Dual Wield","Headbutt","Offering","Heavy Blade+1","Sword Boomerang+1","Magnetism","Good Instincts","Metallicize","Clash","Impervious","Clash","Bludgeon+1","Evolve","Heavy Blade","Panacea","Iron Wave"],"relics":["Burning Blood","War Paint","Bronze Scales","Odd Mushroom","Fusion Hammer","Meat on the Bone","Ornamental Fan","Old Coin","Bottled Lightning","Ancient Tea Set","Busted Crown","Mango","Self Forming Clay","Pantograph","Shovel","Letter Opener","Turnip","PreservedInsect","Boot","Shuriken","Nunchaku","Whetstone","Bottled Tornado"],"potions_floor_usage":[8,10,16,24,24,27,30,33,42,45,55,55,55],"damage_taken":[{"damage":1,"enemies":"Cultist","floor":1,"turns":3},{"damage":22,"enemies":"Jaw Worm","floor":2,"turns":4},{"damage":0,"enemies":"2 Louse","floor":3,"turns":2},{"damage":7,"enemies":"Exordium Wildlife","floor":4,"turns":3},{"damage":18,"enemies":"3 Louse","floor":5,"turns":4},{"damage":32,"enemies":"3 Sentries","floor":7,"turns":7},{"damage":0,"enemies":"Looter","floor":8,"turns":2},{"damage":24,"enemies":"Lagavulin","floor":10,"turns":4},{"damage":9,"enemies":"The Mushroom Lair","floor":12,"turns":4},{"damage":8,"enemies":"Lots of Slimes","floor":14,"turns":3},{"damage":38,"enemies":"The Guardian","floor":16,"turns":8},{"damage":17,"enemies":"2 Thieves","floor":18,"turns":4},{"damage":10,"enemies":"Chosen","floor":20,"turns":3},{"damage":7,"enemies":"Shelled Parasite and Fungi","floor":21,"turns":4},{"damage":21,"enemies":"Snake Plant","floor":22,"turns":3},{"damage":58,"enemies":"Gremlin Leader","floor":24,"turns":8},{"damage":11,"enemies":"Colosseum Slavers","floor":27,"turns":3},{"damage":30,"enemies":"Colosseum Nobs","floor":27,"turns":5},{"damage":24,"enemies":"Snecko","floor":29,"turns":5},{"damage":16,"enemies":"Slavers","floor":30,"turns":5},{"damage":11,"enemies":"Chosen and Byrds","floor":31,"turns":5},{"damage":0,"enemies":"Champ","floor":33,"turns":9},{"damage":40,"enemies":"3 Darklings","floor":35,"turns":6},{"damage":27,"enemies":"3 Shapes","floor":36,"turns":3},{"damage":25,"enemies":"Mind Bloom Boss Battle","floor":37,"turns":5},{"damage":16,"enemies":"Maw","floor":39,"turns":6},{"damage":77,"enemies":"Nemesis","floor":41,"turns":7},{"damage":20,"enemies":"4 Shapes","floor":42,"turns":4},{"damage":8,"enemies":"Giant Head","floor":45,"turns":5},{"damage":10,"enemies":"2 Orb Walkers","floor":46,"turns":3},{"damage":3,"enemies":"Nemesis","floor":48,"turns":3},{"damage":41,"enemies":"Awakened One","floor":50,"turns":8},{"damage":12,"enemies":"Shield and Spear","floor":54,"turns":5},{"damage":115,"enemies":"The Heart","floor":55,"turns":7}],"seed_played":"-2287447889048994582","potions_obtained":[{"floor":1,"key":"Energy Potion"},{"floor":4,"key":"SpeedPotion"},{"floor":7,"key":"PowerPotion"},{"floor":14,"key":"SpeedPotion"},{"floor":21,"key":"Regen Potion"},{"floor":22,"key":"LiquidBronze"},{"floor":24,"key":"Explosive Potion"},{"floor":29,"key":"SteroidPotion"},{"floor":31,"key":"PowerPotion"},{"floor":37,"key":"FearPotion"},{"floor":45,"key":"SkillPotion"},{"floor":46,"key":"SteroidPotion"},{"floor":48,"key":"AttackPotion"}],"is_trial":false,"path_per_floor":["M","M","M","M","M","R","E","M","T","E","$","?","R","M","R","B",null,"M","?","M","M","M","R","E","R","T","?","R","M","E","M","R","B",null,"M","M","?","$","M","R","E","M","T","R","E","?","?","E","R","B",null,"R","$","E","B",null],"character_chosen":"IRONCLAD","items_purchased":["Flash of Steel","Shrug It Off","Magnetism","Good Instincts","Self Forming Clay","Warcry","Metallicize","Evolve","Heavy Blade","Panacea","Nunchaku","Whetstone"],"campfire_rested":7,"item_purchase_floors":[11,11,38,38,38,38,38,53,53,53,53,53],"current_hp_per_floor":[80,64,70,69,57,57,31,37,37,19,19,19,43,44,44,12,86,78,78,74,76,61,88,51,78,78,64,92,74,64,59,87,93,95,61,52,62,62,64,97,38,42,42,77,75,71,71,74,74,67,121,121,121,115,24],"gold":77,"neow_bonus":"RANDOM_COLORLESS_2","is_prod":false,"is_daily":false,"chose_seed":false,"campfire_upgraded":1,"win_rate":0,"timestamp":1564428666,"path_taken":["M","M","M","M","?","R","E","M","T","E","$","?","R","M","R","BOSS","M","?","M","M","M","R","E","R","T","?","R","M","E","M","R","BOSS","M","M","?","$","M","R","E","M","T","R","E","?","?","E","R","BOSS","R","$","E","BOSS"],"build_version":"2019-07-17","purchased_purges":0,"victory":true,"max_hp_per_floor":[80,80,80,80,80,80,80,80,80,80,80,83,83,86,86,86,86,89,89,89,92,92,92,92,92,92,95,95,95,95,95,95,95,95,95,95,112,112,112,112,112,118,118,118,118,118,118,118,118,121,121,121,121,121,121],"card_choices":[{"not_picked":["Sword Boomerang","Rupture"],"picked":"Shrug It Off","floor":1},{"not_picked":["Intimidate","Armaments"],"picked":"Spot Weakness","floor":2},{"not_picked":["Pummel","True Grit"],"picked":"Anger","floor":3},{"not_picked":["Iron Wave","True Grit"],"picked":"Headbutt","floor":4},{"not_picked":["Clash","Bludgeon"],"picked":"Anger","floor":5},{"not_picked":["Battle Trance","Burning Pact"],"picked":"Clash","floor":7},{"not_picked":["Thunderclap","Shockwave"],"picked":"Inflame","floor":8},{"not_picked":["Headbutt","Seeing Red"],"picked":"Feed","floor":10},{"not_picked":["Bloodletting","Entrench"],"picked":"Warcry","floor":12},{"not_picked":["Reckless Charge","Shockwave"],"picked":"Pommel Strike","floor":14},{"not_picked":["Impervious","Double Tap"],"picked":"Limit Break","floor":16},{"not_picked":["Heavy Blade","Armaments"],"picked":"Flame Barrier","floor":18},{"not_picked":["Headbutt","Shrug It Off"],"picked":"Spot Weakness+1","floor":20},{"not_picked":["Sword Boomerang","Iron Wave"],"picked":"Limit Break","floor":21},{"not_picked":["Armaments","Clothesline+1"],"picked":"Warcry","floor":22},{"not_picked":["Uppercut","Havoc+1"],"picked":"Headbutt","floor":24},{"not_picked":["Carnage","Uppercut"],"picked":"Fire Breathing","floor":27},{"not_picked":["Anger","Sever Soul+1"],"picked":"Juggernaut","floor":29},{"not_picked":["Sword Boomerang+1","Flame Barrier"],"picked":"Dual Wield","floor":30},{"not_picked":["Shrug It Off","Anger"],"picked":"Headbutt","floor":31},{"not_picked":["Feed","Exhume"],"picked":"Offering","floor":33},{"not_picked":[],"picked":"Heavy Blade+1","floor":35},{"not_picked":["Body Slam"],"picked":"SKIP","floor":36},{"not_picked":[],"picked":"Sword Boomerang+1","floor":37},{"not_picked":[],"picked":"Clash","floor":39},{"not_picked":[],"picked":"Impervious","floor":41},{"not_picked":[],"picked":"Clash","floor":42},{"not_picked":[],"picked":"Bludgeon","floor":45},{"not_picked":["True Grit"],"picked":"SKIP","floor":48},{"not_picked":[],"picked":"Iron Wave","floor":54}],"player_experience":157105,"relics_obtained":[{"floor":7,"key":"War Paint"},{"floor":10,"key":"Bronze Scales"},{"floor":12,"key":"Odd Mushroom"},{"floor":24,"key":"Meat on the Bone"},{"floor":26,"key":"Ornamental Fan"},{"floor":27,"key":"Old Coin"},{"floor":27,"key":"Bottled Lightning"},{"floor":30,"key":"Ancient Tea Set"},{"floor":37,"key":"Mango"},{"floor":41,"key":"Pantograph"},{"floor":43,"key":"Shovel"},{"floor":45,"key":"Letter Opener"},{"floor":46,"key":"Turnip"},{"floor":48,"key":"PreservedInsect"},{"floor":49,"key":"Boot"},{"floor":52,"key":"Shuriken"},{"floor":54,"key":"Bottled Tornado"}],"event_choices":[{"damage_healed":0,"gold_gain":0,"player_choice":"Fought Mushrooms","damage_taken":0,"max_hp_gain":0,"max_hp_loss":0,"event_name":"Mushrooms","floor":12,"gold_loss":0},{"damage_healed":0,"gold_gain":99,"player_choice":"Stole From Cult","damage_taken":0,"max_hp_gain":0,"max_hp_loss":0,"event_name":"Nest","floor":19,"gold_loss":0},{"damage_healed":0,"gold_gain":0,"player_choice":"Fight","damage_taken":0,"max_hp_gain":0,"max_hp_loss":0,"event_name":"Colosseum","floor":27,"gold_loss":0},{"damage_healed":0,"gold_gain":0,"player_choice":"Fought Nobs","damage_taken":0,"max_hp_gain":0,"max_hp_loss":0,"event_name":"Colosseum","floor":27,"gold_loss":0},{"damage_healed":0,"gold_gain":0,"player_choice":"Fight","damage_taken":0,"max_hp_gain":0,"max_hp_loss":0,"event_name":"MindBloom","floor":37,"gold_loss":0},{"damage_healed":0,"gold_gain":0,"player_choice":"Fight","damage_taken":0,"max_hp_gain":0,"max_hp_loss":0,"event_name":"Mysterious Sphere","floor":46,"gold_loss":0},{"cards_removed":["Warcry"],"damage_healed":0,"gold_gain":0,"player_choice":"Removed Skill","damage_taken":0,"max_hp_gain":0,"max_hp_loss":0,"event_name":"Falling","floor":47,"gold_loss":0}],"is_beta":false,"boss_relics":[{"not_picked":["Snecko Eye","White Beast Statue"],"picked":"Fusion Hammer"},{"not_picked":["Empty Cage","Coffee Dripper"],"picked":"Busted Crown"}],"items_purged_floors":[],"is_endless":false,"potions_floor_spawned":[1,4,7,14,21,22,24,29,31,37,45,46,48],"ascension_level":0}