{"gold_per_floor":[115,133,145,156,175,175,195,195,195,222,5,23,48,60,60,163,213,228,242,157,172,184,215,32,32],"floor_reached":25,"playtime":1448,"items_purged":[],"score":239,"play_id":"6492c517-9463-4d36-beff-b78e3445075b","local_time":"20190729202551","is_ascension_mode":false,"campfire_choices":[{"floor":6,"key":"RECALL"},{"floor":8,"key":"REST"},{"data":"Discovery","floor":15,"key":"SMITH"}],"neow_cost":"TEN_PERCENT_HP_LOSS","seed_source_timestamp":25775251908858,"circlet_count":0,"master_deck":["Strike_R","Strike_R","Strike_R","Strike_R","Strike_R","Defend_R","Defend_R","Defend_R","Defend_R","Bash","Shockwave","Inflame","Bloodletting","Body Slam","Shrug It Off+1","Flame Barrier","Demon Form","Discovery+1","True Grit","Metallicize","Inflame","Power Through","True Grit","Feed","Metallicize","Bloodletting","Corruption","Twin Strike","Barricade","Evolve","Metallicize"],"relics":["Burning Blood","Bird Faced Urn","Mercury Hourglass","Shuriken","Bottled Tornado","Tiny House","Letter Opener","Ornamental Fan","Bronze Scales"],"potions_floor_usage":[10,10,13,13,16,23,23,23],"damage_taken":[{"damage":12,"enemies":"Small Slimes","floor":1,"turns":4},{"damage":10,"enemies":"2 Louse","floor":2,"turns":3},{"damage":9,"enemies":"Cultist","floor":3,"turns":4},{"damage":12,"enemies":"Blue Slaver","floor":4,"turns":4},{"damage":18,"enemies":"Looter","floor":5,"turns":3},{"damage":28,"enemies":"Large Slime","floor":7,"turns":8},{"damage":35,"enemies":"Lagavulin","floor":10,"turns":8},{"damage":14,"enemies":"Lots of Slimes","floor":12,"turns":4},{"damage":12,"enemies":"Gremlin Nob","floor":13,"turns":4},{"damage":2,"enemies":"3 Louse","floor":14,"turns":4},{"damage":26,"enemies":"The Guardian","floor":16,"turns":9},{"damage":20,"enemies":"3 Byrds","floor":18,"turns":5},{"damage":20,"enemies":"Spheric Guardian","floor":19,"turns":7},{"damage":32,"enemies":"Cultist and Chosen","floor":21,"turns":10},{"damage":24,"enemies":"Chosen and Byrds","floor":22,"turns":7},{"damage":44,"enemies":"Gremlin Leader","floor":23,"turns":9},{"damage":43,"enemies":"Book of Stabbing","floor":25,"turns":5}],"seed_played":"-7395027354031170650","potions_obtained":[{"floor":3,"key":"Ancient Potion"},{"floor":7,"key":"BloodPotion"},{"floor":10,"key":"FearPotion"},{"floor":12,"key":"Swift Potion"},{"floor":14,"key":"LiquidBronze"},{"floor":16,"key":"Swift Potion"},{"floor":17,"key":"BloodPotion"},{"floor":18,"key":"Fire Potion"},{"floor":19,"key":"PowerPotion"}],"is_trial":false,"path_per_floor":["M","M","M","M","M","R","M","R","T","E","$","M","E","M","R","B",null,"M","M","?","M","M","E","$","E"],"character_chosen":"IRONCLAD","items_purchased":["Discovery","True Grit","Metallicize","Metallicize","Bronze Scales"],"campfire_rested":1,"item_purchase_floors":[11,11,11,24,24],"current_hp_per_floor":[66,62,61,57,47,47,27,48,48,39,39,35,35,47,47,39,77,65,64,64,48,40,34,34,0],"gold":32,"neow_bonus":"ONE_RARE_RELIC","is_prod":false,"is_daily":false,"chose_seed":false,"campfire_upgraded":1,"win_rate":0,"timestamp":1564424751,"path_taken":["M","M","M","M","M","R","M","R","T","E","$","M","E","M","R","BOSS","M","M","?","M","M","E","$","E"],"build_version":"2019-07-17","purchased_purges":0,"victory":false,"max_hp_per_floor":[72,72,72,72,72,72,72,72,72,72,72,72,72,72,72,72,77,77,80,80,80,80,80,80,80],"card_choices":[{"not_picked":["Armaments","Sword Boomerang"],"picked":"Shockwave","floor":1},{"not_picked":["Clothesline","Sword Boomerang"],"picked":"Inflame","floor":2},{"not_picked":["Havoc","Iron Wave"],"picked":"Bloodletting","floor":3},{"not_picked":["Burning Pact","True Grit"],"picked":"Body Slam","floor":4},{"not_picked":["Berserk","Seeing Red"],"picked":"Shrug It Off","floor":5},{"not_picked":["Power Through","Anger"],"picked":"Flame Barrier","floor":7},{"not_picked":["Burning Pact","Sever Soul"],"picked":"Demon Form","floor":10},{"not_picked":["Twin Strike","Pommel Strike"],"picked":"Inflame","floor":12},{"not_picked":["Armaments","Entrench"],"picked":"Power Through","floor":13},{"not_picked":["Headbutt","Sword Boomerang"],"picked":"True Grit","floor":14},{"not_picked":["Offering","Fiend Fire"],"picked":"Feed","floor":16},{"not_picked":["Warcry","Body Slam"],"picked":"Metallicize","floor":17},{"not_picked":["Iron Wave","Wild Strike+1"],"picked":"Bloodletting","floor":18},{"not_picked":["Anger","Seeing Red"],"picked":"Corruption","floor":19},{"not_picked":["Perfected Strike","Warcry"],"picked":"Twin Strike","floor":21},{"not_picked":["True Grit","Havoc"],"picked":"Barricade","floor":22},{"not_picked":["Havoc+1","Flex"],"picked":"Evolve","floor":23}],"player_experience":155657,"relics_obtained":[{"floor":9,"key":"Mercury Hourglass"},{"floor":10,"key":"Shuriken"},{"floor":13,"key":"Bottled Tornado"},{"floor":23,"key":"Ornamental Fan"}],"event_choices":[{"damage_healed":0,"gold_gain":0,"player_choice":"Obtained Relic","damage_taken":0,"relics_obtained":["Letter Opener"],"max_hp_gain":0,"max_hp_loss":0,"event_name":"Addict","floor":20,"gold_loss":85}],"is_beta":false,"boss_relics":[{"not_picked":["Snecko Eye","Astrolabe"],"picked":"Tiny House"}],"items_purged_floors":[],"is_endless":false,"potions_floor_spawned":[3,7,10,12,14,16,18,19,21],"killed_by":"Book of Stabbing","ascension_level":0}