{"gold_per_floor":[118,118,133,150,163,194,194,194,219,247,209,222,236,256,256,356,356,376,301,301,315,331,357,357,377,377,387,402,402],"floor_reached":29,"playtime":3203,"items_purged":[],"score":253,"play_id":"00c2e093-9a03-49e6-9e39-168f2dcd70d3","local_time":"20190705014032","is_ascension_mode":false,"campfire_choices":[{"data":"Cleave","floor":7.0,"key":"SMITH"},{"floor":15.0,"key":"REST"},{"data":"Double Tap","floor":24,"key":"SMITH"}],"neow_cost":"","seed_source_timestamp":0,"circlet_count":0,"master_deck":["Strike_R","Strike_R","Strike_R","Strike_R","Defend_R","Defend_R","Defend_R","Defend_R","Bash","Flame Barrier","Iron Wave","Cleave+1","Combust","Twin Strike","Twin Strike","Perfected Strike","Sword Boomerang","Shrug It Off","Anger","Double Tap+1","Seeing Red","Cleave","Perfected Strike+1","Cleave","Body Slam","Twin Strike","Clothesline","Iron Wave"],"special_seed":0,"relics":["Burning Blood","Boot","Centennial Puzzle","MawBank","Velvet Choker","Pantograph","Bottled Tornado"],"potions_floor_usage":[27,27],"damage_taken":[{"damage":9.0,"enemies":"2 Louse","floor":1.0,"turns":3.0},{"damage":3.0,"enemies":"Jaw Worm","floor":3.0,"turns":6.0},{"damage":6.0,"enemies":"Cultist","floor":4.0,"turns":3.0},{"damage":10.0,"enemies":"Looter","floor":5.0,"turns":3.0},{"damage":40.0,"enemies":"Gremlin Nob","floor":6.0,"turns":5.0},{"damage":1.0,"enemies":"2 Fungi Beasts","floor":10.0,"turns":2.0},{"damage":8.0,"enemies":"Gremlin Gang","floor":12.0,"turns":3.0},{"damage":11.0,"enemies":"Exordium Wildlife","floor":13.0,"turns":3.0},{"damage":10.0,"enemies":"3 Louse","floor":14.0,"turns":2.0},{"damage":48.0,"enemies":"The Guardian","floor":16.0,"turns":9.0},{"damage":3,"enemies":"3 Byrds","floor":18,"turns":4},{"damage":5,"enemies":"Chosen","floor":21,"turns":3},{"damage":12,"enemies":"Snecko","floor":22,"turns":4},{"damage":31,"enemies":"Gremlin Leader","floor":23,"turns":6},{"damage":20,"enemies":"Centurion and Healer","floor":25,"turns":4},{"damage":31,"enemies":"Shelled Parasite and Fungi","floor":27,"turns":4},{"damage":24,"enemies":"Sentry and Sphere","floor":28,"turns":4},{"damage":20,"enemies":"Snecko","floor":29,"turns":6}],"seed_played":"5145603256989997142","potions_obtained":[{"floor":3.0,"key":"Explosive Potion"},{"floor":4.0,"key":"Explosive Potion"},{"floor":10.0,"key":"SpeedPotion"},{"floor":14.0,"key":"Regen Potion"},{"floor":16.0,"key":"Energy Potion"},{"floor":23,"key":"BloodPotion"},{"floor":25,"key":"PowerPotion"},{"floor":27,"key":"SpeedPotion"}],"is_trial":false,"path_per_floor":["M","?","M","M","M","E","R","?","T","M","$","M","M","M","R","B",null,"M","?","?","M","M","E","R","M","T","M","M","M"],"character_chosen":"IRONCLAD","items_purchased":["Perfected Strike"],"campfire_rested":1,"item_purchase_floors":[11],"current_hp_per_floor":[77,77,80,80,76,42,42,39,39,44,44,42,37,33,57,29,80,80,80,80,80,74,49,49,35,35,30,12,0],"gold":402,"neow_bonus":"","is_prod":false,"is_daily":false,"chose_seed":false,"campfire_upgraded":2,"win_rate":0.0,"timestamp":1562283632,"path_taken":["M","?","M","M","M","E","R","?","T","M","?","M","M","M","R","BOSS","M","?","?","M","M","E","R","M","T","M","M","M"],"build_version":"2019-07-01","purchased_purges":0,"victory":false,"max_hp_per_floor":[80,80,80,80,80,80,80,80,80,80,80,80,80,80,80,80,80,80,80,80,80,80,80,80,80,80,80,80,80],"card_choices":[{"not_picked":["Flex","Thunderclap"],"picked":"Flame Barrier","floor":1.0},{"not_picked":["Uppercut","Warcry"],"picked":"Iron Wave","floor":3.0},{"not_picked":["Twin Strike","Seeing Red"],"picked":"Cleave","floor":4.0},{"not_picked":["Twin Strike","Clash"],"picked":"Combust","floor":5.0},{"not_picked":["Pummel","Infernal Blade"],"picked":"Twin Strike","floor":6.0},{"not_picked":["Pummel","Shrug It Off"],"picked":"Twin Strike","floor":10.0},{"not_picked":["Entrench","Warcry"],"picked":"Sword Boomerang","floor":12.0},{"not_picked":["Entrench","Power Through"],"picked":"Shrug It Off","floor":13.0},{"not_picked":["Entrench","Inflame"],"picked":"Anger","floor":14.0},{"not_picked":["Barricade","Impervious"],"picked":"Double Tap","floor":16.0},{"not_picked":["Thunderclap","True Grit+1"],"picked":"Seeing Red","floor":18},{"not_picked":["Rage","Combust+1"],"picked":"Perfected Strike+1","floor":21},{"not_picked":["Entrench","Combust"],"picked":"Cleave","floor":22},{"not_picked":["Barricade","Clash"],"picked":"Body Slam","floor":23},{"not_picked":["Flex","Headbutt"],"picked":"Twin Strike","floor":25},{"not_picked":["Sword Boomerang+1","Battle Trance"],"picked":"Clothesline","floor":27},{"not_picked":["Pommel Strike+1","Blood for Blood"],"picked":"Iron Wave","floor":28}],"player_experience":0,"relics_obtained":[{"floor":6.0,"key":"Boot"},{"floor":9.0,"key":"MawBank"},{"floor":23,"key":"Pantograph"},{"floor":26,"key":"Bottled Tornado"}],"event_choices":[{"damage_healed":0.0,"max_hp_gain":0.0,"max_hp_loss":0.0,"gold_gain":0.0,"event_name":"Liars Game","player_choice":"Ignored","floor":2.0,"gold_loss":0.0,"damage_taken":0.0},{"damage_healed":0.0,"max_hp_gain":0.0,"max_hp_loss":0.0,"gold_gain":0.0,"event_name":"Scrap Ooze","player_choice":"Success","floor":8.0,"gold_loss":0.0,"damage_taken":3.0,"relics_obtained":["Centennial Puzzle"]},{"cards_removed":["Strike_R"],"damage_healed":0,"gold_gain":0,"player_choice":"Gave Gold","damage_taken":0,"max_hp_gain":0,"max_hp_loss":0,"event_name":"Beggar","floor":19,"gold_loss":75},{"damage_healed":0,"gold_gain":0,"player_choice":"Read","damage_taken":0,"max_hp_gain":0,"max_hp_loss":0,"event_name":"The Library","floor":20,"gold_loss":0,"cards_obtained":["Cleave"]}],"is_beta":false,"boss_relics":[{"not_picked":["Cursed Key","Black Star"],"picked":"Velvet Choker"}],"items_purged_floors":[],"is_endless":false,"potions_floor_spawned":[3,4,10,14,16,23,25,27],"killed_by":"Snecko","ascension_level":0}