{"gold_per_floor":[114,114,130,130,153,192,1,1,1,1,41,41,41,66,66,186,186,199,199,199,217,38,38],"floor_reached":23,"playtime":1404,"items_purged":[],"score":344,"play_id":"7f76716f-3f73-42ba-a81e-e8fa50f318b4","local_time":"20190923063115","is_ascension_mode":true,"campfire_choices":[{"floor":8.0,"key":"REST"},{"data":"Apotheosis","floor":10.0,"key":"SMITH"},{"data":"Hello World","floor":15.0,"key":"SMITH"}],"neow_cost":"PERCENT_DAMAGE","seed_source_timestamp":3583060553662900,"circlet_count":0,"master_deck":["AscendersBane","Defend_B","Defend_B","Zap","Dualcast","Coolheaded","Auto Shields","FTL","Cold Snap","Go for the Eyes","Apotheosis+1","Conserve Battery","Consume","Hello World+1","Rainbow","Force Field+1","Self Repair+1","Glacier+1","Redo+1","Self Repair+1","Necronomicurse","Undo","Hello World"],"special_seed":0,"relics":["Cracked Core","Golden Idol","Darkstone Periapt","Juzu Bracelet","Happy Flower","Astrolabe","Necronomicon","Dream Catcher"],"potions_floor_usage":[],"damage_taken":[{"damage":0.0,"enemies":"2 Louse","floor":1.0,"turns":3.0},{"damage":0.0,"enemies":"Jaw Worm","floor":3.0,"turns":4.0},{"damage":0.0,"enemies":"Small Slimes","floor":5.0,"turns":3.0},{"damage":23.0,"enemies":"Gremlin Nob","floor":6.0,"turns":5.0},{"damage":0.0,"enemies":"Lagavulin","floor":11.0,"turns":5.0},{"damage":0.0,"enemies":"Red Slaver","floor":14.0,"turns":3.0},{"damage":27.0,"enemies":"The Guardian","floor":16.0,"turns":10.0},{"damage":2.0,"enemies":"Chosen","floor":18.0,"turns":8.0},{"damage":0.0,"enemies":"3 Byrds","floor":21.0,"turns":3.0},{"damage":72,"enemies":"Gremlin Leader","floor":23,"turns":11}],"seed_played":"-6668421995973005148","potions_obtained":[{"floor":3.0,"key":"EssenceOfSteel"},{"floor":11.0,"key":"Explosive Potion"},{"floor":16.0,"key":"LiquidBronze"}],"is_trial":false,"path_per_floor":["M","?","M","?","M","E","$","R","T","R","E","$","?","M","R","B",null,"M","?","?","M","$","E"],"character_chosen":"DEFECT","items_purchased":["Apotheosis","Conserve Battery","Dream Catcher","Hello World"],"campfire_rested":1,"item_purchase_floors":[7,7,22,22],"current_hp_per_floor":[50,43,43,43,43,20,20,40,40,40,40,40,79,79,79,52,72,79,79,69,69,69,0],"gold":38,"neow_bonus":"TRANSFORM_TWO_CARDS","is_prod":false,"is_daily":false,"chose_seed":false,"campfire_upgraded":2,"win_rate":0,"timestamp":1569213075,"path_taken":["M","?","M","?","M","E","?","R","T","R","E","?","?","M","R","BOSS","M","?","?","M","$","E"],"build_version":"2019-07-17","purchased_purges":0,"victory":false,"max_hp_per_floor":[75,75,75,69,69,69,69,69,69,69,69,69,79,79,79,79,79,79,79,85,85,85,85],"card_choices":[{"not_picked":["Ball Lightning","Compile Driver"],"picked":"Auto Shields","floor":1.0},{"not_picked":["Ball Lightning","Barrage"],"picked":"FTL","floor":3.0},{"not_picked":["Darkness","Coolheaded"],"picked":"Cold Snap","floor":5.0},{"not_picked":["Compile Driver","Chaos"],"picked":"Go for the Eyes","floor":6.0},{"not_picked":["Coolheaded","Compile Driver"],"picked":"Consume","floor":11.0},{"not_picked":["Genetic Algorithm","Auto Shields"],"picked":"Hello World","floor":14.0},{"not_picked":["Seek","Hyperbeam"],"picked":"Rainbow","floor":16.0},{"not_picked":["Sweeping Beam","Rebound+1"],"picked":"Redo+1","floor":18.0},{"not_picked":["Cold Snap","Recycle"],"picked":"Undo","floor":21.0}],"player_experience":314171,"relics_obtained":[{"floor":6.0,"key":"Darkstone Periapt"},{"floor":9.0,"key":"Juzu Bracelet"},{"floor":11.0,"key":"Happy Flower"},{"floor":20.0,"key":"Necronomicon"}],"event_choices":[{"cards_removed":["Defend_B"],"damage_healed":0.0,"max_hp_gain":0.0,"max_hp_loss":0.0,"gold_gain":0.0,"event_name":"Golden Wing","player_choice":"Card Removal","floor":2.0,"gold_loss":0.0,"damage_taken":7.0},{"damage_healed":0.0,"max_hp_gain":0.0,"max_hp_loss":6.0,"gold_gain":0.0,"event_name":"Golden Idol","player_choice":"Lose Max HP","floor":4.0,"gold_loss":0.0,"damage_taken":0.0,"relics_obtained":["Golden Idol"]},{"cards_removed":["Seek"],"damage_healed":29.0,"max_hp_gain":10.0,"max_hp_loss":0.0,"gold_gain":0.0,"event_name":"Bonfire Elementals","player_choice":"Offered Rare","floor":13.0,"gold_loss":0.0,"damage_taken":0.0},{"damage_healed":0.0,"max_hp_gain":0.0,"max_hp_loss":0.0,"gold_gain":0.0,"event_name":"Duplicator","player_choice":"Copied","floor":19.0,"gold_loss":0.0,"damage_taken":0.0,"cards_obtained":["Self Repair"]},{"damage_healed":0.0,"max_hp_gain":0.0,"max_hp_loss":0.0,"gold_gain":0.0,"event_name":"Cursed Tome","player_choice":"Obtained Book","floor":20.0,"gold_loss":0.0,"damage_taken":16.0}],"is_beta":false,"boss_relics":[{"not_picked":["Runic Dome","White Beast Statue"],"picked":"Astrolabe"}],"items_purged_floors":[],"is_endless":false,"potions_floor_spawned":[3,11,16],"killed_by":"Gremlin Leader","ascension_level":11}