{"gold_per_floor":[15,15,29,29,48,48,81,81,104,129,54,66,80,98,98,194,194,210,33,43,63,63,90,90,90,116,133,133,152,152,164,164,262,262,280,280,74,90,64,64,99,99,99,134,154,170,170,184,184,184],"floor_reached":51,"playtime":3128,"items_purged":["Strike_R","Strike_R","Defend_R"],"score":1014,"play_id":"15b34800-8de0-4023-b7e7-e1c5d2ad028a","local_time":"20190929170703","is_ascension_mode":true,"campfire_choices":[{"data":"Searing Blow","floor":6.0,"key":"SMITH"},{"data":"Searing Blow+1","floor":8.0,"key":"SMITH"},{"data":"Searing Blow+2","floor":15.0,"key":"SMITH"},{"floor":24.0,"key":"REST"},{"data":"Armaments","floor":28.0,"key":"SMITH"},{"data":"Searing Blow+3","floor":30.0,"key":"SMITH"},{"data":"Searing Blow+4","floor":32.0,"key":"SMITH"},{"data":"Searing Blow+5","floor":40.0,"key":"SMITH"},{"floor":42.0,"key":"REST"},{"floor":47,"key":"REST"},{"data":"Searing Blow+6","floor":49,"key":"SMITH"}],"neow_cost":"NO_GOLD","seed_source_timestamp":66427721551300,"circlet_count":0,"master_deck":["Defend_R","Defend_R","Bash","Good Instincts","Panacea","Whirlwind","Armaments","Searing Blow+7","Disarm","Iron Wave","Armaments+1","Warcry","Juggernaut","Warcry+1","Battle Trance","Shrug It Off+1","Headbutt+1","Combust","Rage","True Grit","Headbutt","Armaments","Fiend Fire","Havoc+1","Offering","Burning Pact+1","Armaments","Warcry","Flame Barrier","True Grit","Disarm+1","Metallicize+1"],"special_seed":0,"relics":["Burning Blood","Regal Pillow","Anchor","Ornamental Fan","Sozu","Letter Opener","Lantern","Lizard Tail","Shuriken","Omamori","Darkstone Periapt","Pen Nib"],"potions_floor_usage":[50],"damage_taken":[{"damage":3.0,"enemies":"2 Louse","floor":1.0,"turns":3.0},{"damage":1.0,"enemies":"Cultist","floor":3.0,"turns":3.0},{"damage":0.0,"enemies":"Small Slimes","floor":5.0,"turns":4.0},{"damage":12.0,"enemies":"Lagavulin","floor":7.0,"turns":7.0},{"damage":15.0,"enemies":"3 Sentries","floor":10.0,"turns":6.0},{"damage":3.0,"enemies":"Exordium Wildlife","floor":12.0,"turns":6.0},{"damage":3.0,"enemies":"Blue Slaver","floor":13.0,"turns":3.0},{"damage":2.0,"enemies":"Red Slaver","floor":14.0,"turns":4.0},{"damage":30.0,"enemies":"Slime Boss","floor":16.0,"turns":12.0},{"damage":17.0,"enemies":"Spheric Guardian","floor":18.0,"turns":4.0},{"damage":19.0,"enemies":"2 Thieves","floor":20.0,"turns":4.0},{"damage":0.0,"enemies":"Shelled Parasite and Fungi","floor":21.0,"turns":7.0},{"damage":45.0,"enemies":"Gremlin Leader","floor":23.0,"turns":7.0},{"damage":0.0,"enemies":"Chosen and Byrds","floor":27.0,"turns":5.0},{"damage":8.0,"enemies":"Snecko","floor":29.0,"turns":3.0},{"damage":6.0,"enemies":"Centurion and Healer","floor":31.0,"turns":4.0},{"damage":56.0,"enemies":"Collector","floor":33.0,"turns":7.0},{"damage":0.0,"enemies":"Orb Walker","floor":35.0,"turns":3.0},{"damage":23.0,"enemies":"3 Darklings","floor":38.0,"turns":4.0},{"damage":30.0,"enemies":"Giant Head","floor":41.0,"turns":7.0},{"damage":28,"enemies":"Nemesis","floor":44,"turns":5},{"damage":10,"enemies":"4 Shapes","floor":45,"turns":5},{"damage":17,"enemies":"Writhing Mass","floor":46,"turns":5},{"damage":14,"enemies":"Jaw Worm Horde","floor":48,"turns":4},{"damage":92,"enemies":"Time Eater","floor":50,"turns":12}],"seed_played":"2323867366568930467","potions_obtained":[{"floor":1.0,"key":"PowerPotion"},{"floor":2.0,"key":"Swift Potion"},{"floor":2.0,"key":"FearPotion"},{"floor":7.0,"key":"SpeedPotion"},{"floor":13.0,"key":"Energy Potion"},{"floor":16.0,"key":"Dexterity Potion"}],"is_trial":false,"path_per_floor":["M","?","M","?","M","R","E","R","T","E","$","M","M","M","R","B",null,"M","$","M","M","?","E","R","?","T","M","R","M","R","M","R","B",null,"M","T","$","M","$","R","E","R","T","E","M","M","R","M","R","B",null],"character_chosen":"IRONCLAD","items_purchased":["Battle Trance","Offering","Armaments"],"campfire_rested":3,"item_purchase_floors":[19,37,39],"current_hp_per_floor":[75,75,80,80,80,80,74,74,74,65,65,68,71,75,75,51,73,62,62,49,55,55,16,55,55,55,61,61,59,59,59,59,9,62,68,68,68,51,51,51,27,66,66,44,40,29,68,60,60,31],"gold":184,"neow_bonus":"RANDOM_COLORLESS_2","is_prod":false,"is_daily":false,"chose_seed":false,"campfire_upgraded":8,"win_rate":0,"timestamp":1569769623,"path_taken":["M","?","?","?","M","R","E","R","T","E","$","M","?","M","R","BOSS","M","$","M","M","?","E","R","?","T","M","R","M","R","M","R","BOSS","M","?","?","?","?","R","E","R","T","E","M","M","R","M","R","BOSS"],"build_version":"2019-07-17","purchased_purges":3,"victory":true,"max_hp_per_floor":[80,80,80,80,80,80,80,80,80,80,80,80,80,80,80,80,80,80,80,80,80,80,80,80,80,80,80,80,80,80,80,80,80,80,80,80,80,80,80,80,80,80,80,80,80,80,80,80,80,80],"card_choices":[{"not_picked":["Wild Strike","Heavy Blade"],"picked":"Whirlwind","floor":1.0},{"not_picked":["Rupture","Perfected Strike"],"picked":"Armaments","floor":3.0},{"not_picked":["Clothesline","Thunderclap"],"picked":"Searing Blow","floor":5.0},{"not_picked":["Uppercut","Perfected Strike"],"picked":"Disarm","floor":7.0},{"not_picked":["Carnage","Combust"],"picked":"Iron Wave","floor":10.0},{"not_picked":["Flame Barrier","Sword Boomerang","Heavy Blade"],"picked":"SKIP","floor":12.0},{"not_picked":["Twin Strike","Clash"],"picked":"Armaments","floor":13.0},{"not_picked":["Bludgeon","Reckless Charge"],"picked":"Warcry","floor":14.0},{"not_picked":["Barricade","Berserk"],"picked":"Juggernaut","floor":16.0},{"not_picked":["Bloodletting+1","True Grit"],"picked":"Warcry+1","floor":18.0},{"not_picked":["True Grit+1","Perfected Strike"],"picked":"Shrug It Off+1","floor":20.0},{"not_picked":["Uppercut","Cleave"],"picked":"Headbutt+1","floor":21.0},{"not_picked":["Rampage+1","Brutality"],"picked":"True Grit","floor":23.0},{"not_picked":["Wild Strike","Combust","Shrug It Off"],"picked":"SKIP","floor":27.0},{"not_picked":["Perfected Strike+1","Hemokinesis"],"picked":"Headbutt","floor":29.0},{"not_picked":["Shrug It Off","Flex"],"picked":"Armaments","floor":31.0},{"not_picked":["Barricade","Limit Break"],"picked":"Fiend Fire","floor":33.0},{"not_picked":["Sword Boomerang+1","Thunderclap"],"picked":"Havoc+1","floor":35.0},{"not_picked":["Body Slam","Sentinel+1"],"picked":"Burning Pact+1","floor":38.0},{"not_picked":["Anger","Armaments"],"picked":"Warcry","floor":41.0},{"not_picked":["Fiend Fire","Carnage"],"picked":"Flame Barrier","floor":44},{"not_picked":["Spot Weakness+1","Wild Strike+1"],"picked":"True Grit","floor":45},{"not_picked":["Sword Boomerang+1","Perfected Strike+1"],"picked":"Disarm+1","floor":46},{"not_picked":["Clash","Armaments+1"],"picked":"Metallicize+1","floor":48}],"player_experience":380283,"relics_obtained":[{"floor":7.0,"key":"Regal Pillow"},{"floor":9.0,"key":"Anchor"},{"floor":10.0,"key":"Ornamental Fan"},{"floor":23.0,"key":"Letter Opener"},{"floor":26.0,"key":"Lantern"},{"floor":36.0,"key":"Shuriken"},{"floor":41.0,"key":"Omamori"},{"floor":43.0,"key":"Darkstone Periapt"},{"floor":44,"key":"Pen Nib"}],"event_choices":[{"damage_healed":0.0,"max_hp_gain":0.0,"max_hp_loss":0.0,"gold_gain":0.0,"event_name":"Lab","player_choice":"Got Potions","floor":2.0,"gold_loss":0.0,"damage_taken":0.0},{"cards_removed":["Strike_R"],"damage_healed":0.0,"max_hp_gain":0.0,"max_hp_loss":0.0,"gold_gain":0.0,"event_name":"Bonfire Elementals","player_choice":"Offered Basic","floor":4.0,"gold_loss":0.0,"damage_taken":0.0},{"damage_healed":0.0,"max_hp_gain":0.0,"max_hp_loss":0.0,"gold_gain":0.0,"cards_transformed":["Strike_R","Strike_R"],"event_name":"Drug Dealer","player_choice":"Became Test Subject","floor":22.0,"gold_loss":0.0,"damage_taken":0.0,"cards_obtained":["Combust","Rage"]},{"cards_removed":["Defend_R"],"damage_healed":0.0,"max_hp_gain":0.0,"max_hp_loss":0.0,"gold_gain":0.0,"event_name":"Wheel of Change","player_choice":"Card Removal","floor":25.0,"gold_loss":0.0,"damage_taken":0.0}],"is_beta":false,"boss_relics":[{"not_picked":["Calling Bell","Black Star"],"picked":"Sozu"},{"not_picked":["Runic Dome","Pandora\u0027s Box"],"picked":"Lizard Tail"}],"items_purged_floors":[11,19,37],"is_endless":false,"potions_floor_spawned":[1,7,13,16,21,23,29,31,35,44,46,48],"ascension_level":7}