{"gold_per_floor":[109,129,129,83,83,113,128,148,148,174,185,185,8,35,35,135,135,145,145,145,160,170,170,202,220,220,220,246,260,260,294,294,398,398,411,76,90,0,0,31,51,51,51,71,83,109,109,125,125,125],"floor_reached":50,"playtime":2798,"items_purged":[],"score":753,"play_id":"b90f5e1a-a8ca-4e8c-bd9e-96e7124ffb80","local_time":"20190909213854","is_ascension_mode":true,"campfire_choices":[{"floor":15,"key":"REST"},{"data":"Magnetism","floor":23,"key":"SMITH"},{"floor":27,"key":"REST"},{"floor":32,"key":"REST"},{"floor":42,"key":"REST"},{"data":"Metallicize","floor":49,"key":"SMITH"}],"neow_cost":"NONE","seed_source_timestamp":2427177421314900,"circlet_count":0,"master_deck":["Strike_R+1","Strike_R+1","Strike_R+1","Defend_R+1","Defend_R+1","Defend_R+1","Bash","Reaper","Blood for Blood","Cleave","Cleave+1","Flex","Thunderclap","Sword Boomerang","Cleave+1","Flex","Magnetism+1","Sentinel","Juggernaut+1","Sword Boomerang","Carnage","Seeing Red+1","Fire Breathing","Thunderclap","Armaments","Exhume","Sever Soul+1","Warcry+1","Inflame","Feed","Iron Wave","Blind","Metallicize+1","Disarm+1","Infernal Blade","Bloodletting+1","Decay","Sentinel","Armaments+1","Feel No Pain"],"relics":["Burning Blood","Bag of Marbles","Matryoshka","Paper Frog","Art of War","Bag of Preparation","Letter Opener","Black Star","Red Skull","StoneCalendar","Strawberry","Bird Faced Urn","Dream Catcher","Torii","Question Card","PreservedInsect","Cursed Key","Boot","Red Mask","Centennial Puzzle","Darkstone Periapt","Bottled Tornado","Dead Branch","Juzu Bracelet"],"potions_floor_usage":[6,10,14,14,24,31,31,33,40,46,50,50,50],"damage_taken":[{"damage":6,"enemies":"Cultist","floor":1,"turns":3},{"damage":5,"enemies":"Small Slimes","floor":2,"turns":3},{"damage":40,"enemies":"Lagavulin","floor":6,"turns":4},{"damage":7,"enemies":"Jaw Worm","floor":7,"turns":3},{"damage":11,"enemies":"3 Louse","floor":8,"turns":3},{"damage":15,"enemies":"Gremlin Nob","floor":10,"turns":3},{"damage":12,"enemies":"Exordium Wildlife","floor":11,"turns":2},{"damage":23,"enemies":"Lagavulin","floor":14,"turns":4},{"damage":51,"enemies":"Hexaghost","floor":16,"turns":8},{"damage":9,"enemies":"Chosen","floor":18,"turns":4},{"damage":11,"enemies":"Spheric Guardian","floor":21,"turns":3},{"damage":0,"enemies":"Snecko","floor":22,"turns":2},{"damage":46,"enemies":"Book of Stabbing","floor":24,"turns":5},{"damage":42,"enemies":"Snake Plant","floor":25,"turns":4},{"damage":30,"enemies":"Slavers","floor":28,"turns":4},{"damage":14,"enemies":"Centurion and Healer","floor":29,"turns":2},{"damage":13,"enemies":"Book of Stabbing","floor":31,"turns":4},{"damage":74,"enemies":"Collector","floor":33,"turns":7},{"damage":22,"enemies":"Orb Walker","floor":35,"turns":3},{"damage":30,"enemies":"3 Darklings","floor":37,"turns":4},{"damage":53,"enemies":"Giant Head","floor":40,"turns":7},{"damage":37,"enemies":"Maw","floor":41,"turns":8},{"damage":23,"enemies":"Jaw Worm Horde","floor":44,"turns":3},{"damage":13,"enemies":"4 Shapes","floor":45,"turns":2},{"damage":24,"enemies":"Reptomancer","floor":46,"turns":3},{"damage":18,"enemies":"Maw","floor":48,"turns":5},{"damage":103,"enemies":"Time Eater","floor":50,"turns":9}],"seed_played":"7624746679124338893","potions_obtained":[{"floor":1,"key":"AttackPotion"},{"floor":8,"key":"Explosive Potion"},{"floor":10,"key":"Regen Potion"},{"floor":11,"key":"Weak Potion"},{"floor":22,"key":"Weak Potion"},{"floor":25,"key":"Ancient Potion"},{"floor":28,"key":"LiquidBronze"},{"floor":29,"key":"SkillPotion"},{"floor":40,"key":"SpeedPotion"},{"floor":41,"key":"Swift Potion"},{"floor":45,"key":"Weak Potion"},{"floor":48,"key":"Energy Potion"}],"is_trial":false,"path_per_floor":["M","M","T","$","?","E","M","M","T","E","M","?","$","E","R","B",null,"M","?","?","M","M","R","E","M","T","R","E","M","?","E","R","B",null,"M","$","M","?","?","E","M","R","T","M","M","E","?","M","R","B"],"character_chosen":"IRONCLAD","items_purchased":["Cleave","Magnetism","Boot","Dexterity Potion","Strength Potion","Blind"],"campfire_rested":4,"item_purchase_floors":[4,13,36,36,36,36],"current_hp_per_floor":[80,80,80,80,80,46,49,50,50,45,52,36,36,41,65,27,80,77,77,77,72,78,78,44,16,23,49,27,45,45,50,76,25,87,77,77,59,59,59,24,20,46,52,43,40,26,81,75,75,0],"gold":125,"neow_bonus":"ONE_RANDOM_RARE_CARD","is_prod":false,"is_daily":false,"chose_seed":false,"campfire_upgraded":2,"win_rate":0,"timestamp":1568057934,"path_taken":["M","M","?","?","?","E","M","?","T","E","M","?","?","E","R","BOSS","M","?","?","M","M","R","E","M","T","R","E","M","?","E","R","BOSS","M","$","M","?","?","E","M","R","T","?","M","E","?","M","R","BOSS"],"build_version":"2019-07-17","purchased_purges":0,"victory":false,"max_hp_per_floor":[80,80,80,80,80,80,80,80,80,80,80,80,80,80,80,80,80,80,80,80,80,80,80,80,80,87,87,87,87,87,87,87,87,87,87,87,87,87,87,87,87,87,93,93,93,93,81,81,81,81],"card_choices":[{"not_picked":["Entrench","Twin Strike"],"picked":"Blood for Blood","floor":1},{"not_picked":["Pommel Strike","Headbutt"],"picked":"Cleave","floor":2},{"not_picked":["Pommel Strike","Battle Trance"],"picked":"Flex","floor":6},{"not_picked":["Battle Trance","Perfected Strike"],"picked":"Thunderclap","floor":7},{"not_picked":["Wild Strike","Fiend Fire"],"picked":"Sword Boomerang","floor":8},{"not_picked":["Warcry","Rampage"],"picked":"Cleave","floor":10},{"not_picked":["Evolve","Headbutt"],"picked":"Flex","floor":11},{"not_picked":["Whirlwind","Corruption"],"picked":"Sentinel","floor":14},{"not_picked":["Bludgeon","Reaper"],"picked":"Juggernaut","floor":16},{"not_picked":["Clash+1","Thunderclap"],"picked":"Battle Trance","floor":18},{"not_picked":["Twin Strike+1","Perfected Strike+1"],"picked":"Seeing Red+1","floor":21},{"not_picked":["Anger","Armaments"],"picked":"Fire Breathing","floor":22},{"not_picked":["Warcry","Sever Soul"],"picked":"Thunderclap","floor":24},{"not_picked":["Uppercut","Wild Strike"],"picked":"Armaments","floor":25},{"not_picked":["Blood for Blood","Sword Boomerang+1"],"picked":"Exhume","floor":28},{"not_picked":["Burning Pact","Warcry+1"],"picked":"Sever Soul+1","floor":29},{"not_picked":["Sword Boomerang","Body Slam"],"picked":"Warcry+1","floor":31},{"not_picked":["Shrug It Off","Sword Boomerang","Anger+1"],"picked":"Inflame","floor":32},{"not_picked":["Immolate","Brutality","Dark Embrace"],"picked":"Feed","floor":33},{"not_picked":["Bloodletting+1","Corruption","Clothesline+1"],"picked":"Iron Wave","floor":35},{"not_picked":["Twin Strike","Shrug It Off","Exhume"],"picked":"Metallicize","floor":37},{"not_picked":["Corruption+1","Pummel+1","Carnage+1"],"picked":"Disarm+1","floor":40},{"not_picked":["Rupture","Thunderclap","True Grit+1"],"picked":"Infernal Blade","floor":41},{"not_picked":["Corruption+1","Heavy Blade","Rupture+1"],"picked":"Bloodletting+1","floor":42},{"not_picked":["True Grit+1","Clothesline","Searing Blow+1"],"picked":"Sentinel","floor":44},{"not_picked":["Twin Strike+1","Headbutt","Hemokinesis"],"picked":"Armaments+1","floor":45},{"not_picked":["Body Slam+1","Bludgeon","Heavy Blade","Searing Blow"],"picked":"SKIP","floor":46},{"not_picked":["Perfected Strike","Wild Strike+1","Rupture"],"picked":"Feel No Pain","floor":48}],"player_experience":110049,"relics_obtained":[{"floor":3,"key":"Bag of Marbles"},{"floor":6,"key":"Matryoshka"},{"floor":9,"key":"Paper Frog"},{"floor":9,"key":"Art of War"},{"floor":10,"key":"Bag of Preparation"},{"floor":14,"key":"Letter Opener"},{"floor":24,"key":"Red Skull"},{"floor":24,"key":"StoneCalendar"},{"floor":26,"key":"Strawberry"},{"floor":26,"key":"Bird Faced Urn"},{"floor":28,"key":"Dream Catcher"},{"floor":28,"key":"Torii"},{"floor":31,"key":"Question Card"},{"floor":31,"key":"PreservedInsect"},{"floor":40,"key":"Centennial Puzzle"},{"floor":40,"key":"Darkstone Periapt"},{"floor":43,"key":"Bottled Tornado"},{"floor":46,"key":"Dead Branch"},{"floor":46,"key":"Juzu Bracelet"}],"event_choices":[{"cards_removed":["Strike_R"],"damage_healed":0,"gold_gain":0,"player_choice":"Forget","damage_taken":0,"max_hp_gain":0,"max_hp_loss":0,"event_name":"Living Wall","floor":5,"gold_loss":0},{"damage_healed":0,"gold_gain":0,"player_choice":"Entered Light","damage_taken":16,"max_hp_gain":0,"max_hp_loss":0,"event_name":"Shining Light","floor":12,"gold_loss":0,"cards_upgraded":["Cleave","Cleave"]},{"damage_healed":0,"gold_gain":0,"cards_transformed":["Strike_R","Defend_R"],"player_choice":"Became Test Subject","damage_taken":0,"max_hp_gain":0,"max_hp_loss":0,"event_name":"Drug Dealer","floor":19,"gold_loss":0,"cards_obtained":["Sword Boomerang","Carnage"]},{"damage_healed":0,"gold_gain":0,"player_choice":"Simplicity","damage_taken":0,"max_hp_gain":0,"max_hp_loss":0,"event_name":"Back to Basics","floor":20,"gold_loss":0,"cards_upgraded":["Strike_R","Strike_R","Strike_R","Defend_R","Defend_R","Defend_R"]},{"damage_healed":0,"gold_gain":0,"player_choice":"Upgraded","damage_taken":0,"max_hp_gain":0,"max_hp_loss":0,"event_name":"Upgrade Shrine","floor":30,"gold_loss":0,"cards_upgraded":["Juggernaut"]},{"damage_healed":0,"gold_gain":0,"player_choice":"Paid","damage_taken":0,"relics_obtained":["Red Mask"],"max_hp_gain":0,"max_hp_loss":0,"event_name":"Tomb of Lord Red Mask","floor":38,"gold_loss":90},{"cards_removed":["Battle Trance"],"damage_healed":0,"gold_gain":0,"player_choice":"Removed Skill","damage_taken":0,"max_hp_gain":0,"max_hp_loss":0,"event_name":"Falling","floor":39,"gold_loss":0},{"damage_healed":81,"gold_gain":0,"player_choice":"Heal","damage_taken":0,"max_hp_gain":0,"max_hp_loss":12,"event_name":"The Moai Head","floor":47,"gold_loss":0}],"is_beta":false,"boss_relics":[{"not_picked":["White Beast Statue","Orrery"],"picked":"Black Star"},{"not_picked":["Runic Pyramid","Calling Bell"],"picked":"Cursed Key"}],"items_purged_floors":[],"is_endless":false,"potions_floor_spawned":[1,8,10,11,22,25,28,29,40,41,44,45,48],"killed_by":"Time Eater","ascension_level":4}