{"gold_per_floor":[10,10,10,26,36,69,85,104,131,165,176,176,351,451,451,451],"floor_reached":16,"playtime":912,"items_purged":[],"score":146,"play_id":"d32f6ff0-bb46-4cea-a4b7-07b4353e7826","local_time":"20190913215641","is_ascension_mode":true,"campfire_choices":[{"floor":12,"key":"REST"},{"data":"Feed","floor":15,"key":"SMITH"}],"neow_cost":"NO_GOLD","seed_source_timestamp":2775733712542900,"circlet_count":0,"master_deck":["Strike_R+1","Strike_R+1","Strike_R","Defend_R","Defend_R","Defend_R","Defend_R","Bash","Fire Breathing","Flex","Battle Trance","True Grit","Feed+1","Thunderclap","Feel No Pain","Seeing Red","Thunderclap","Doubt"],"relics":["Burning Blood","Whetstone","Centennial Puzzle","Regal Pillow"],"potions_floor_usage":[6,8],"damage_taken":[{"damage":0,"enemies":"2 Louse","floor":1,"turns":3},{"damage":1,"enemies":"Cultist","floor":4,"turns":4},{"damage":12,"enemies":"Small Slimes","floor":5,"turns":4},{"damage":53,"enemies":"3 Sentries","floor":6,"turns":14},{"damage":0,"enemies":"2 Fungi Beasts","floor":7,"turns":3},{"damage":5,"enemies":"Lots of Slimes","floor":8,"turns":4},{"damage":12,"enemies":"Gremlin Nob","floor":10,"turns":3},{"damage":22,"enemies":"Exordium Wildlife","floor":11,"turns":6},{"damage":85,"enemies":"The Guardian","floor":16,"turns":12}],"seed_played":"-177748602817083935","potions_obtained":[{"floor":1,"key":"Regen Potion"},{"floor":6,"key":"SkillPotion"},{"floor":11,"key":"Ancient Potion"}],"is_trial":false,"path_per_floor":["M","?","$","M","M","E","M","M","T","E","M","R","?","?","R","B"],"character_chosen":"IRONCLAD","items_purchased":[],"campfire_rested":1,"item_purchase_floors":[],"current_hp_per_floor":[78,78,78,80,74,42,51,55,55,52,39,81,81,81,81,0],"gold":451,"neow_bonus":"REMOVE_TWO","is_prod":false,"is_daily":false,"chose_seed":false,"campfire_upgraded":1,"win_rate":0,"timestamp":1568404601,"path_taken":["M","?","?","M","M","E","M","M","T","E","M","R","?","?","R","BOSS"],"build_version":"2019-07-17","purchased_purges":0,"victory":false,"max_hp_per_floor":[80,80,80,80,80,80,83,86,86,89,92,92,92,92,92,92],"card_choices":[{"not_picked":["Pommel Strike","Anger"],"picked":"Fire Breathing","floor":1},{"not_picked":["Wild Strike","Havoc"],"picked":"Battle Trance","floor":4},{"not_picked":["Battle Trance","Body Slam"],"picked":"True Grit","floor":5},{"not_picked":["Dropkick","Searing Blow"],"picked":"Feed","floor":6},{"not_picked":["Warcry","Sword Boomerang"],"picked":"Thunderclap","floor":7},{"not_picked":["Flex","Armaments"],"picked":"Feel No Pain","floor":8},{"not_picked":["Hemokinesis","Corruption"],"picked":"Seeing Red","floor":10},{"not_picked":["Body Slam","Sentinel"],"picked":"Thunderclap","floor":11}],"player_experience":175163,"relics_obtained":[{"floor":6,"key":"Whetstone"},{"floor":9,"key":"Centennial Puzzle"},{"floor":10,"key":"Regal Pillow"}],"event_choices":[{"damage_healed":0,"gold_gain":0,"player_choice":"1 cards matched","damage_taken":0,"max_hp_gain":0,"max_hp_loss":0,"event_name":"Match and Keep!","floor":2,"gold_loss":0,"cards_obtained":["Flex"]},{"damage_healed":0,"gold_gain":175,"player_choice":"AGREE","damage_taken":0,"max_hp_gain":0,"max_hp_loss":0,"event_name":"Liars Game","floor":13,"gold_loss":0,"cards_obtained":["Doubt"]},{"damage_healed":0,"gold_gain":100,"player_choice":"Pray","damage_taken":0,"max_hp_gain":0,"max_hp_loss":0,"event_name":"Golden Shrine","floor":14,"gold_loss":0}],"is_beta":false,"boss_relics":[],"items_purged_floors":[],"is_endless":false,"potions_floor_spawned":[1,6,11],"killed_by":"The Guardian","ascension_level":6}