{"gold_per_floor":[115,115,115,127,137,137,164,182,182,213,11,11,24,24,24,120,120,139,409,309,324,374,374,390,46,46,7,7,17,17,34,34,34],"floor_reached":33,"playtime":3708,"items_purged":["Strike_R","Strike_R","Strike_R"],"score":318,"play_id":"1bf6e303-97a6-4d7d-8fbf-2089f255b500","local_time":"20191002210129","is_ascension_mode":true,"campfire_choices":[{"data":"Flame Barrier","floor":6,"key":"SMITH"},{"data":"Seeing Red","floor":12,"key":"SMITH"},{"floor":15,"key":"REST"},{"data":"Spot Weakness","floor":23,"key":"SMITH"},{"data":"Entrench","floor":30,"key":"SMITH"},{"data":"Heavy Blade","floor":32,"key":"SMITH"}],"neow_cost":"PERCENT_DAMAGE","seed_source_timestamp":180456846045700,"circlet_count":0,"master_deck":["Strike_R+1","Defend_R","Defend_R","Defend_R","Defend_R","Bash","Flame Barrier+1","Clothesline+1","Inflame","Seeing Red+1","Cleave","Spot Weakness+1","Demon Form","Heavy Blade+1","Flame Barrier","Entrench+1","Heavy Blade"],"relics":["Burning Blood","PreservedInsect","Bird Faced Urn","Paper Frog","Pen Nib","Philosopher\u0027s Stone","Membership Card","Oddly Smooth Stone","Mummified Hand"],"potions_floor_usage":[16,29,33,33,33],"damage_taken":[{"damage":19,"enemies":"Small Slimes","floor":1,"turns":3},{"damage":9,"enemies":"Jaw Worm","floor":4,"turns":6},{"damage":3,"enemies":"2 Louse","floor":5,"turns":3},{"damage":10,"enemies":"3 Sentries","floor":7,"turns":8},{"damage":6,"enemies":"Looter","floor":8,"turns":4},{"damage":21,"enemies":"Lagavulin","floor":10,"turns":8},{"damage":5,"enemies":"Lots of Slimes","floor":13,"turns":3},{"damage":38,"enemies":"Hexaghost","floor":16,"turns":11},{"damage":4,"enemies":"Chosen","floor":18,"turns":5},{"damage":12,"enemies":"Shell Parasite","floor":21,"turns":4},{"damage":23,"enemies":"Cultist and Chosen","floor":24,"turns":5},{"damage":14,"enemies":"Centurion and Healer","floor":29,"turns":4},{"damage":9,"enemies":"Snecko","floor":31,"turns":6},{"damage":93,"enemies":"Collector","floor":33,"turns":7}],"seed_played":"3485316189548682843","potions_obtained":[{"floor":1,"key":"GamblersBrew"},{"floor":5,"key":"BloodPotion"},{"floor":16,"key":"BloodPotion"},{"floor":18,"key":"Strength Potion"},{"floor":29,"key":"Weak Potion"},{"floor":31,"key":"SpeedPotion"}],"is_trial":false,"path_per_floor":["M","?","?","M","M","R","E","M","T","E","$","R","M","?","R","B",null,"M","?","$","M","?","R","M","$","T","$","$","M","R","M","R","B"],"character_chosen":"IRONCLAD","items_purchased":["Cleave","Spot Weakness","Membership Card","Oddly Smooth Stone","Flame Barrier"],"campfire_rested":1,"item_purchase_floors":[11,11,25,25,27],"current_hp_per_floor":[59,52,45,42,45,45,41,43,43,30,30,30,33,14,42,12,96,96,60,60,56,56,56,41,41,41,41,41,37,37,36,36,0],"gold":34,"neow_bonus":"TWENTY_PERCENT_HP_BONUS","is_prod":false,"is_daily":false,"chose_seed":false,"campfire_upgraded":5,"win_rate":1,"timestamp":1570068089,"path_taken":["M","?","?","M","M","R","E","M","T","E","$","R","M","?","R","BOSS","M","?","$","?","?","R","?","$","T","?","$","M","R","M","R","BOSS"],"build_version":"2019-07-17","purchased_purges":3,"victory":false,"max_hp_per_floor":[96,96,96,96,96,96,96,96,96,96,96,96,96,96,96,96,96,96,96,96,96,96,96,96,96,96,96,96,96,96,96,96,96],"card_choices":[{"not_picked":["Body Slam","Cleave"],"picked":"Flame Barrier","floor":1},{"not_picked":["True Grit","Heavy Blade"],"picked":"Clothesline","floor":4},{"not_picked":["Clash","True Grit","Anger"],"picked":"SKIP","floor":5},{"not_picked":["Ghostly Armor","Reaper"],"picked":"Inflame","floor":7},{"not_picked":["Hemokinesis","Armaments","Anger"],"picked":"SKIP","floor":8},{"not_picked":["Flex","Carnage"],"picked":"Seeing Red","floor":10},{"not_picked":["Shrug It Off","Reckless Charge","Pommel Strike"],"picked":"SKIP","floor":13},{"not_picked":["Immolate","Berserk"],"picked":"Demon Form","floor":16},{"not_picked":["Sever Soul","Anger"],"picked":"Heavy Blade","floor":18},{"not_picked":["Bloodletting","Rupture+1","Flex"],"picked":"SKIP","floor":21},{"not_picked":["Twin Strike","Wild Strike","Warcry"],"picked":"SKIP","floor":24},{"not_picked":["Twin Strike+1","Blood for Blood+1"],"picked":"Entrench","floor":29},{"not_picked":["Inflame+1","Wild Strike"],"picked":"Heavy Blade","floor":31}],"player_experience":131523,"relics_obtained":[{"floor":7,"key":"Bird Faced Urn"},{"floor":9,"key":"Paper Frog"},{"floor":10,"key":"Pen Nib"},{"floor":26,"key":"Mummified Hand"}],"event_choices":[{"damage_healed":0,"gold_gain":0,"player_choice":"Success","damage_taken":7,"relics_obtained":["PreservedInsect"],"max_hp_gain":0,"max_hp_loss":0,"event_name":"Scrap Ooze","floor":2,"gold_loss":0},{"cards_removed":["Strike_R"],"damage_healed":0,"gold_gain":0,"player_choice":"Card Removal","damage_taken":7,"max_hp_gain":0,"max_hp_loss":0,"event_name":"Golden Wing","floor":3,"gold_loss":0},{"damage_healed":0,"gold_gain":0,"player_choice":"Entered Light","damage_taken":19,"max_hp_gain":0,"max_hp_loss":0,"event_name":"Shining Light","floor":14,"gold_loss":0,"cards_upgraded":["Clothesline","Strike_R"]},{"damage_healed":0,"gold_gain":270,"player_choice":"GOLD GOLD GOLD ","damage_taken":36,"max_hp_gain":0,"max_hp_loss":0,"event_name":"Knowing Skull","floor":19,"potions_obtained":[],"gold_loss":0,"cards_obtained":[]},{"damage_healed":0,"gold_gain":100,"player_choice":"Bet on Murderer","damage_taken":0,"max_hp_gain":0,"max_hp_loss":0,"event_name":"The Joust","floor":22,"gold_loss":50}],"is_beta":false,"boss_relics":[{"not_picked":["Cursed Key","Fusion Hammer"],"picked":"Philosopher\u0027s Stone"}],"items_purged_floors":[11,20,25],"is_endless":false,"potions_floor_spawned":[1,5,16,18,29,31],"killed_by":"Collector","ascension_level":3}