{"gold_per_floor":[116,131,144,107,126,161,161,194,194,164],"floor_reached":10,"playtime":505,"items_purged":[],"score":137,"play_id":"9e63be39-59a8-41b1-a9a0-02c418bf6c97","local_time":"20190929184026","is_ascension_mode":true,"campfire_choices":[{"floor":7.0,"key":"DIG"}],"neow_cost":"TEN_PERCENT_HP_LOSS","seed_source_timestamp":74861268811000,"circlet_count":0,"master_deck":["AscendersBane","Strike_G","Strike_G","Strike_G","Strike_G","Strike_G","Defend_G","Defend_G","Defend_G","Defend_G","Defend_G","Survivor","Neutralize","Deadly Poison","PiercingWail","Dash","Blur","Skewer","Caltrops","Catalyst"],"special_seed":0,"relics":["Ring of the Snake","Shovel","Omamori","Paper Crane","Singing Bowl","Sundial"],"potions_floor_usage":[],"damage_taken":[{"damage":0.0,"enemies":"Cultist","floor":1.0,"turns":4.0},{"damage":2.0,"enemies":"2 Louse","floor":2.0,"turns":4.0},{"damage":0.0,"enemies":"Small Slimes","floor":3.0,"turns":4.0},{"damage":5.0,"enemies":"Blue Slaver","floor":5.0,"turns":5.0},{"damage":19.0,"enemies":"3 Sentries","floor":6.0,"turns":11.0},{"damage":28.0,"enemies":"Gremlin Nob","floor":8.0,"turns":6.0},{"damage":7,"enemies":"Looter","floor":10,"turns":2}],"seed_played":"5883393344213912339","potions_obtained":[{"floor":2.0,"key":"SneckoOil"}],"is_trial":false,"path_per_floor":["M","M","M","$","M","E","R","E","T","M"],"character_chosen":"THE_SILENT","items_purchased":["Blur"],"campfire_rested":0,"item_purchase_floors":[4],"current_hp_per_floor":[59,57,57,57,52,33,33,5,5,0],"gold":164,"neow_bonus":"ONE_RARE_RELIC","is_prod":false,"is_daily":false,"chose_seed":false,"campfire_upgraded":0,"win_rate":0,"timestamp":1569775226,"path_taken":["M","M","M","?","M","E","R","E","T","M"],"build_version":"2019-07-17","purchased_purges":0,"victory":false,"max_hp_per_floor":[60,60,60,60,60,60,60,60,60,60],"card_choices":[{"not_picked":["Dagger Throw","Quick Slash"],"picked":"Deadly Poison","floor":1.0},{"not_picked":["Flying Knee","Dagger Throw"],"picked":"PiercingWail","floor":2.0},{"not_picked":["Outmaneuver","Masterful Stab"],"picked":"Dash","floor":3.0},{"not_picked":["Grand Finale","Blade Dance"],"picked":"Skewer","floor":5.0},{"not_picked":["Acrobatics","Deflect"],"picked":"Caltrops","floor":6.0},{"not_picked":["Finisher","Dagger Spray"],"picked":"Catalyst","floor":8.0}],"player_experience":383411,"relics_obtained":[{"floor":6.0,"key":"Omamori"},{"floor":7.0,"key":"Paper Crane"},{"floor":8.0,"key":"Singing Bowl"},{"floor":9.0,"key":"Sundial"}],"event_choices":[],"is_beta":false,"boss_relics":[],"items_purged_floors":[],"is_endless":false,"potions_floor_spawned":[2],"killed_by":"Looter","ascension_level":15}