{"gold_per_floor":[114,189,205,221,221,256,269,301,301,335,351,351,1,16,16,116,116,133,147,166,186,186,219,233,267,267,267,267],"floor_reached":28,"playtime":1788,"items_purged":[],"score":392,"play_id":"4aa353e9-1406-4174-b6ee-ed15d1b73ba5","local_time":"20190921074241","is_ascension_mode":true,"campfire_choices":[{"floor":12,"key":"REST"},{"data":"Juggernaut","floor":15,"key":"SMITH"},{"data":"Dual Wield","floor":27,"key":"SMITH"}],"neow_cost":"NONE","seed_source_timestamp":3414723585053600,"circlet_count":0,"master_deck":["Strike_R","Strike_R","Strike_R","Strike_R","Strike_R","Defend_R","Defend_R","Defend_R","Defend_R","Bash","Anger","Ghostly Armor","Thunderclap","Juggernaut+1","Bash","Iron Wave","Carnage","Anger","Disarm","Sever Soul","Intimidate","Reaper","Infernal Blade","Flex","Havoc","True Grit+1","Writhe","Cleave","Dual Wield+1","Anger+1"],"special_seed":0,"relics":["Burning Blood","Bronze Scales","The Courier","Nunchaku","Bird Faced Urn","Toolbox","Pantograph","Runic Pyramid","Bag of Preparation","Meat on the Bone","Question Card","Pear"],"potions_floor_usage":[10,16,19,23,25,28,28],"damage_taken":[{"damage":9.0,"enemies":"Jaw Worm","floor":1.0,"turns":5.0},{"damage":4,"enemies":"2 Louse","floor":3,"turns":3},{"damage":0,"enemies":"Cultist","floor":4,"turns":4},{"damage":39,"enemies":"Gremlin Nob","floor":6,"turns":5},{"damage":11,"enemies":"Looter","floor":7,"turns":2},{"damage":21,"enemies":"Lagavulin","floor":8,"turns":8},{"damage":19,"enemies":"3 Sentries","floor":10,"turns":7},{"damage":1,"enemies":"Exordium Wildlife","floor":11,"turns":2},{"damage":7,"enemies":"Red Slaver","floor":14,"turns":3},{"damage":40,"enemies":"The Guardian","floor":16,"turns":10},{"damage":15,"enemies":"Chosen","floor":18,"turns":6},{"damage":16,"enemies":"Shell Parasite","floor":19,"turns":5},{"damage":16,"enemies":"Snake Plant","floor":20,"turns":4},{"damage":30,"enemies":"Shelled Parasite and Fungi","floor":21,"turns":6},{"damage":47,"enemies":"Slavers","floor":23,"turns":5},{"damage":13,"enemies":"Snecko","floor":24,"turns":4},{"damage":56,"enemies":"Gremlin Leader","floor":25,"turns":10},{"damage":69,"enemies":"Slavers","floor":28,"turns":4}],"seed_played":"7552888972662319973","potions_obtained":[{"floor":6,"key":"Dexterity Potion"},{"floor":10,"key":"GamblersBrew"},{"floor":11,"key":"Swift Potion"},{"floor":14,"key":"Poison Potion"},{"floor":18,"key":"Weak Potion"},{"floor":21,"key":"BloodPotion"},{"floor":24,"key":"Swift Potion"}],"is_trial":false,"path_per_floor":["M","?","M","M","?","E","M","E","T","E","M","R","$","M","R","B",null,"M","M","M","M","?","E","M","E","T","R","E"],"character_chosen":"IRONCLAD","items_purchased":["Toolbox","Pantograph"],"campfire_rested":1,"item_purchase_floors":[13,13],"current_hp_per_floor":[77,66,68,74,74,41,36,21,21,8,15,41,41,40,40,35,75,76,74,66,44,44,32,45,21,31,31,0],"gold":267,"neow_bonus":"TEN_PERCENT_HP_BONUS","is_prod":false,"is_daily":false,"chose_seed":false,"campfire_upgraded":2,"win_rate":0,"timestamp":1569044561,"path_taken":["M","?","M","M","?","E","M","E","T","E","M","R","$","M","R","BOSS","M","M","M","?","?","E","M","E","T","R","E"],"build_version":"2019-07-17","purchased_purges":0,"victory":false,"max_hp_per_floor":[88,88,88,88,88,88,88,88,88,88,88,88,88,88,88,88,88,88,88,88,88,88,88,88,88,98,98,98],"card_choices":[{"not_picked":["Havoc","Perfected Strike"],"picked":"Anger","floor":1.0},{"not_picked":["Heavy Blade","Bloodletting"],"picked":"Ghostly Armor","floor":3},{"not_picked":["Rupture","Corruption"],"picked":"Thunderclap","floor":4},{"not_picked":["Body Slam","Cleave"],"picked":"Iron Wave","floor":6},{"not_picked":["Rampage","Flex"],"picked":"Carnage","floor":7},{"not_picked":["Thunderclap","Berserk"],"picked":"Anger","floor":8},{"not_picked":["Body Slam","Iron Wave"],"picked":"Disarm","floor":10},{"not_picked":["Bloodletting","Uppercut"],"picked":"Sever Soul","floor":11},{"not_picked":["Clash","Body Slam"],"picked":"Intimidate","floor":14},{"not_picked":["Immolate","Dark Embrace"],"picked":"Reaper","floor":16},{"not_picked":["Reckless Charge","Warcry+1"],"picked":"Infernal Blade","floor":18},{"not_picked":["Havoc","True Grit"],"picked":"Flex","floor":19},{"not_picked":["Headbutt","Heavy Blade+1"],"picked":"Havoc","floor":20},{"not_picked":["Flame Barrier","Clothesline"],"picked":"True Grit+1","floor":21},{"not_picked":["Headbutt","Searing Blow"],"picked":"Cleave","floor":23},{"not_picked":["Headbutt+1","Warcry"],"picked":"Dual Wield","floor":24},{"not_picked":["Heavy Blade+1","Rupture+1"],"picked":"Anger+1","floor":25}],"player_experience":270372,"relics_obtained":[{"floor":6,"key":"Bronze Scales"},{"floor":8,"key":"The Courier"},{"floor":9,"key":"Nunchaku"},{"floor":10,"key":"Bird Faced Urn"},{"floor":23,"key":"Meat on the Bone"},{"floor":25,"key":"Question Card"},{"floor":26,"key":"Pear"}],"event_choices":[{"damage_healed":0.0,"max_hp_gain":0.0,"max_hp_loss":0.0,"gold_gain":75.0,"event_name":"World of Goop","player_choice":"Gather Gold","floor":2.0,"gold_loss":0.0,"damage_taken":11.0},{"damage_healed":0,"gold_gain":0,"player_choice":"2 cards matched","damage_taken":0,"max_hp_gain":0,"max_hp_loss":0,"event_name":"Match and Keep!","floor":5,"gold_loss":0,"cards_obtained":["Juggernaut","Bash"]},{"damage_healed":0,"gold_gain":0,"player_choice":"Opened","damage_taken":0,"relics_obtained":["Bag of Preparation"],"max_hp_gain":0,"max_hp_loss":0,"event_name":"The Mausoleum","floor":22,"gold_loss":0,"cards_obtained":["Writhe"]}],"is_beta":false,"boss_relics":[{"not_picked":["Astrolabe","White Beast Statue"],"picked":"Runic Pyramid"}],"items_purged_floors":[],"is_endless":false,"potions_floor_spawned":[6,10,11,14,18,21,24],"killed_by":"Slavers","ascension_level":6}