{"gold_per_floor":[113,123,123,135,60,60,92,92,116,146,163,163,63,63,63,160,160,177,192,203,30,30,59,75,86,86,86,99,99],"floor_reached":29,"playtime":1376,"items_purged":["Strike_R","Strike_R","Strike_R"],"score":255,"play_id":"c9e0674b-8eae-43a2-9cd1-c1d18b73b6bd","local_time":"20190906194249","is_ascension_mode":false,"campfire_choices":[{"data":"Bash","floor":6,"key":"SMITH"},{"data":"Defend_R","floor":8,"key":"SMITH"},{"floor":12,"key":"REST"},{"data":"Dropkick","floor":15,"key":"SMITH"},{"floor":27,"key":"RECALL"}],"neow_cost":"NONE","seed_source_timestamp":2162435629247299,"circlet_count":0,"master_deck":["Strike_R","Strike_R","Defend_R+1","Defend_R","Defend_R","Defend_R","Bash+1","Dropkick+1","Dropkick+1"],"relics":["Burning Blood","Red Skull","PreservedInsect","Pen Nib","Lizard Tail","Question Card","Ornamental Fan","Meat on the Bone"],"potions_floor_usage":[7,7,16,16,16,18,20,24,28],"damage_taken":[{"damage":6,"enemies":"Cultist","floor":1,"turns":3},{"damage":0,"enemies":"Small Slimes","floor":2,"turns":3},{"damage":7,"enemies":"2 Louse","floor":4,"turns":2},{"damage":40,"enemies":"3 Sentries","floor":7,"turns":8},{"damage":23,"enemies":"Lagavulin","floor":10,"turns":5},{"damage":10,"enemies":"Lots of Slimes","floor":11,"turns":5},{"damage":29,"enemies":"Hexaghost","floor":16,"turns":9},{"damage":8,"enemies":"Chosen","floor":18,"turns":6},{"damage":36,"enemies":"3 Byrds","floor":19,"turns":8},{"damage":18,"enemies":"3 Cultists","floor":20,"turns":5},{"damage":25,"enemies":"Book of Stabbing","floor":23,"turns":4},{"damage":18,"enemies":"Shelled Parasite and Fungi","floor":24,"turns":4},{"damage":24,"enemies":"Snake Plant","floor":25,"turns":3},{"damage":18,"enemies":"Centurion and Healer","floor":28,"turns":4},{"damage":45,"enemies":"Gremlin Leader","floor":29,"turns":3}],"seed_played":"5758371437259318072","potions_obtained":[{"floor":1,"key":"SkillPotion"},{"floor":4,"key":"SteroidPotion"},{"floor":11,"key":"LiquidBronze"},{"floor":14,"key":"SpeedPotion"},{"floor":14,"key":"Dexterity Potion"},{"floor":16,"key":"Fire Potion"},{"floor":18,"key":"Swift Potion"},{"floor":20,"key":"Ancient Potion"},{"floor":28,"key":"PowerPotion"}],"is_trial":false,"path_per_floor":["M","M","?","M","$","R","E","R","T","E","M","R","$","?","R","B",null,"M","M","M","$","T","E","M","M","T","R","M","E"],"character_chosen":"IRONCLAD","items_purchased":["PowerPotion"],"campfire_rested":1,"item_purchase_floors":[21],"current_hp_per_floor":[88,88,88,87,87,87,53,53,53,36,32,58,58,58,58,35,88,86,56,44,44,44,25,13,43,43,43,43,0],"gold":99,"neow_bonus":"TEN_PERCENT_HP_BONUS","is_prod":false,"is_daily":false,"chose_seed":false,"campfire_upgraded":3,"win_rate":0,"timestamp":1567791769,"path_taken":["M","?","?","M","$","R","E","R","T","E","M","R","$","?","R","BOSS","M","M","M","$","?","E","M","M","T","R","M","E"],"build_version":"2019-07-17","purchased_purges":3,"victory":false,"max_hp_per_floor":[88,88,88,88,88,88,88,88,88,88,88,88,88,88,88,88,88,88,88,88,88,88,88,88,88,88,88,88,88],"card_choices":[{"not_picked":["Clash","Rampage"],"picked":"Dropkick","floor":1},{"not_picked":["Heavy Blade","Shrug It Off","Wild Strike"],"picked":"SKIP","floor":2},{"not_picked":["Flex","Heavy Blade","Wild Strike"],"picked":"SKIP","floor":4},{"not_picked":["Demon Form","Headbutt","Carnage"],"picked":"SKIP","floor":7},{"not_picked":["Infernal Blade","Battle Trance","Corruption"],"picked":"SKIP","floor":10},{"not_picked":["Pommel Strike","Burning Pact","Heavy Blade"],"picked":"SKIP","floor":11},{"not_picked":["Blood for Blood","Whirlwind","Perfected Strike"],"picked":"SKIP","floor":18},{"not_picked":["Perfected Strike+1","Havoc"],"picked":"Dropkick+1","floor":19},{"not_picked":["Cleave","Shrug It Off","Clothesline+1"],"picked":"SKIP","floor":20},{"not_picked":["Reaper","Entrench","Intimidate+1","Wild Strike"],"picked":"SKIP","floor":23},{"not_picked":["Sword Boomerang","Infernal Blade","Warcry","Feel No Pain"],"picked":"SKIP","floor":24},{"not_picked":["Wild Strike","Thunderclap","Shrug It Off","Anger+1"],"picked":"SKIP","floor":25},{"not_picked":["Twin Strike","Flex","Pommel Strike","Entrench"],"picked":"SKIP","floor":28}],"player_experience":88357,"relics_obtained":[{"floor":7,"key":"Red Skull"},{"floor":9,"key":"PreservedInsect"},{"floor":10,"key":"Pen Nib"},{"floor":22,"key":"Question Card"},{"floor":23,"key":"Ornamental Fan"},{"floor":26,"key":"Meat on the Bone"}],"event_choices":[{"damage_healed":0,"gold_gain":0,"player_choice":"Ignored","damage_taken":0,"max_hp_gain":0,"max_hp_loss":0,"event_name":"Liars Game","floor":3,"gold_loss":0},{"damage_healed":0,"gold_gain":0,"player_choice":"Got Potions","damage_taken":0,"max_hp_gain":0,"max_hp_loss":0,"event_name":"Lab","floor":14,"gold_loss":0}],"is_beta":false,"boss_relics":[{"not_picked":["Coffee Dripper","Eternal Feather"],"picked":"Lizard Tail"}],"items_purged_floors":[5,13,21],"is_endless":false,"potions_floor_spawned":[1,4,11,16,18,20,28],"killed_by":"Gremlin Leader","ascension_level":0}