{"gold_per_floor":[368,385,404,414,57,91,91,91,91,108,140,158,178,178,178,309,309,334,47,67,87,37,73,87,122,147,147,161,185,185,210,210,333,333,349,72,72,72,95,136,22,22,47,81,81,104,122,158,158,158,158,158,7,38,38],"floor_reached":55,"playtime":4149,"items_purged":[],"score":886,"play_id":"bef57f0b-f1e2-4616-a7fd-f6004470048b","local_time":"20190729170702","is_ascension_mode":false,"campfire_choices":[{"floor":15,"key":"REST"},{"floor":27,"key":"REST"},{"floor":30,"key":"REST"},{"floor":32,"key":"RECALL"},{"floor":42,"key":"REST"},{"floor":45,"key":"REST"},{"floor":49,"key":"REST"},{"data":"Second Wind","floor":52,"key":"SMITH"}],"neow_cost":"PERCENT_DAMAGE","seed_source_timestamp":11137875646514,"circlet_count":0,"master_deck":["Strike_R","Strike_R","Strike_R","Strike_R","Strike_R","Defend_R","Defend_R","Defend_R","Defend_R","Bash","Iron Wave","Headbutt","Rage","Anger","Second Wind+1","Apotheosis","Pommel Strike","Juggernaut","Headbutt","Ghostly Armor+1","Shrug It Off+1","Injury","Demon Form","Headbutt","True Grit+1","Madness+1","Metallicize+1","Inflame","Body Slam","Seeing Red+1","Second Wind+1","Feel No Pain","True Grit+1","True Grit+1","Headbutt","Immolate","True Grit+1","Magnetism","Trip+1","Writhe","Dual Wield+1","Burning Pact+1","Intimidate+1","Shrug It Off+1","Regret","Bloodletting+1","Ghostly Armor+1","Battle Trance+1","Headbutt","Warcry+1","Sever Soul+1","Shrug It Off+1","Flame Barrier+1","Iron Wave","Infernal Blade+1"],"relics":["Burning Blood","Toxic Egg 2","Bronze Scales","Letter Opener","PreservedInsect","Golden Idol","Cursed Key","Dream Catcher","Red Skull","Magic Flower","Runic Pyramid","Happy Flower","Lantern","Art of War","Centennial Puzzle","Shuriken"],"potions_floor_usage":[6,6,11,13,23,33,33,33,50,50,55],"damage_taken":[{"damage":6,"enemies":"Jaw Worm","floor":1,"turns":4},{"damage":5,"enemies":"Small Slimes","floor":2,"turns":3},{"damage":6,"enemies":"Cultist","floor":3,"turns":3},{"damage":14,"enemies":"Blue Slaver","floor":4,"turns":4},{"damage":21,"enemies":"Lagavulin","floor":6,"turns":5},{"damage":19,"enemies":"Lots of Slimes","floor":10,"turns":3},{"damage":15,"enemies":"3 Sentries","floor":11,"turns":5},{"damage":10,"enemies":"2 Fungi Beasts","floor":12,"turns":3},{"damage":12,"enemies":"Large Slime","floor":13,"turns":4},{"damage":23,"enemies":"The Guardian","floor":16,"turns":8},{"damage":12,"enemies":"Shell Parasite","floor":18,"turns":5},{"damage":12,"enemies":"2 Thieves","floor":20,"turns":4},{"damage":8,"enemies":"Cultist and Chosen","floor":21,"turns":5},{"damage":24,"enemies":"Slavers","floor":23,"turns":6},{"damage":1,"enemies":"Centurion and Healer","floor":24,"turns":7},{"damage":30,"enemies":"Book of Stabbing","floor":25,"turns":3},{"damage":23,"enemies":"Snake Plant","floor":28,"turns":4},{"damage":30,"enemies":"3 Cultists","floor":29,"turns":6},{"damage":0,"enemies":"Snecko","floor":31,"turns":4},{"damage":48,"enemies":"Champ","floor":33,"turns":10},{"damage":46,"enemies":"3 Darklings","floor":35,"turns":6},{"damage":22,"enemies":"3 Shapes","floor":39,"turns":5},{"damage":25,"enemies":"Nemesis","floor":40,"turns":7},{"damage":12,"enemies":"Reptomancer","floor":44,"turns":4},{"damage":1,"enemies":"3 Darklings","floor":46,"turns":5},{"damage":8,"enemies":"4 Shapes","floor":47,"turns":4},{"damage":72,"enemies":"Giant Head","floor":48,"turns":8},{"damage":17,"enemies":"Donu and Deca","floor":50,"turns":10},{"damage":41,"enemies":"Shield and Spear","floor":54,"turns":5},{"damage":82,"enemies":"The Heart","floor":55,"turns":8}],"seed_played":"1355520677726315653","potions_obtained":[{"floor":1,"key":"AttackPotion"},{"floor":3,"key":"SkillPotion"},{"floor":10,"key":"Strength Potion"},{"floor":12,"key":"EssenceOfSteel"},{"floor":18,"key":"Weak Potion"},{"floor":23,"key":"SteroidPotion"},{"floor":28,"key":"SpeedPotion"},{"floor":29,"key":"Weak Potion"},{"floor":39,"key":"Ancient Potion"},{"floor":48,"key":"Weak Potion"}],"is_trial":false,"path_per_floor":["M","M","M","M","$","E","?","?","T","M","E","M","M","?","R","B",null,"M","$","M","M","?","E","M","E","T","R","M","M","R","M","R","B",null,"M","$","?","?","M","E","$","R","T","E","R","M","M","E","R","B",null,"R","$","E","B"],"character_chosen":"IRONCLAD","items_purchased":["Second Wind","Apotheosis","Metallicize","Pommel Strike","True Grit+1","Dream Catcher","Madness+1","Magnetism","Trip+1","BloodPotion","Intimidate+1","Shrug It Off+1","Flame Barrier+1","Iron Wave"],"campfire_rested":6,"item_purchase_floors":[5,5,5,5,19,19,19,36,36,41,41,53,53,53],"current_hp_per_floor":[56,57,57,49,49,34,16,80,80,67,58,54,48,48,72,55,80,74,74,68,66,66,48,53,29,29,53,39,18,42,51,51,12,80,43,43,63,63,50,34,34,58,58,55,79,80,80,17,41,33,80,80,80,48,0],"gold":38,"neow_bonus":"TWO_FIFTY_GOLD","is_prod":false,"is_daily":false,"chose_seed":false,"campfire_upgraded":1,"win_rate":0,"timestamp":1564412822,"path_taken":["M","M","M","M","$","E","?","?","T","M","E","M","?","?","R","BOSS","M","$","M","M","?","E","M","E","T","R","M","M","R","M","R","BOSS","M","?","?","?","M","E","$","R","T","E","R","M","M","E","R","BOSS","R","$","E","BOSS"],"build_version":"2019-07-17","purchased_purges":0,"victory":false,"max_hp_per_floor":[80,80,80,80,80,80,80,80,80,80,80,80,80,80,80,80,80,80,80,80,80,80,80,80,80,80,80,80,80,80,80,80,80,80,80,80,80,80,80,80,80,80,80,80,80,80,80,80,80,80,80,80,80,80,80],"card_choices":[{"not_picked":["Blood for Blood","Armaments"],"picked":"Iron Wave","floor":1},{"not_picked":["Sword Boomerang","Combust"],"picked":"Headbutt","floor":2},{"not_picked":["Whirlwind","Double Tap"],"picked":"Rage","floor":3},{"not_picked":["Shrug It Off","Infernal Blade"],"picked":"Anger","floor":4},{"not_picked":["Uppercut","Combust"],"picked":"Juggernaut","floor":6},{"not_picked":["Inflame","Cleave"],"picked":"Headbutt","floor":10},{"not_picked":["Uppercut","Heavy Blade"],"picked":"Ghostly Armor+1","floor":11},{"not_picked":["Wild Strike","Anger"],"picked":"Shrug It Off+1","floor":12},{"not_picked":["Clothesline","Sword Boomerang","Reaper"],"picked":"SKIP","floor":13},{"not_picked":["Exhume+1","Immolate"],"picked":"Demon Form","floor":16},{"not_picked":["Spot Weakness+1","Wild Strike+1"],"picked":"Headbutt","floor":18},{"not_picked":["Hemokinesis","Warcry+1"],"picked":"Metallicize+1","floor":20},{"not_picked":["Armaments+1","Pommel Strike"],"picked":"Inflame","floor":21},{"not_picked":["Havoc+1","Wild Strike"],"picked":"Body Slam","floor":23},{"not_picked":["Perfected Strike","Searing Blow"],"picked":"Seeing Red+1","floor":24},{"not_picked":["Clothesline","Clash","Body Slam"],"picked":"SKIP","floor":25},{"not_picked":["Whirlwind","Reaper"],"picked":"Second Wind+1","floor":27},{"not_picked":["Rampage","Clothesline"],"picked":"Feel No Pain","floor":28},{"not_picked":["Rampage","Pommel Strike+1"],"picked":"True Grit+1","floor":29},{"not_picked":["Cleave","Sever Soul"],"picked":"True Grit+1","floor":30},{"not_picked":["Rampage","Body Slam"],"picked":"Headbutt","floor":31},{"not_picked":["Bludgeon","Feed"],"picked":"Immolate","floor":33},{"not_picked":["Dropkick","Rupture"],"picked":"True Grit+1","floor":35},{"not_picked":["Havoc+1","Headbutt+1"],"picked":"Dual Wield+1","floor":39},{"not_picked":["Perfected Strike+1","Berserk"],"picked":"Burning Pact+1","floor":40},{"not_picked":["Havoc+1","Battle Trance+1"],"picked":"Shrug It Off+1","floor":42},{"not_picked":["Disarm+1","Sword Boomerang+1"],"picked":"Bloodletting+1","floor":44},{"not_picked":["Flex+1","Wild Strike"],"picked":"Ghostly Armor+1","floor":45},{"not_picked":["Rupture","Blood for Blood"],"picked":"Battle Trance+1","floor":46},{"not_picked":["Searing Blow+1","Clash+1"],"picked":"Headbutt","floor":47},{"not_picked":["Sword Boomerang+1","Reckless Charge"],"picked":"Warcry+1","floor":48},{"not_picked":["Rampage","Warcry+1"],"picked":"Sever Soul+1","floor":49},{"not_picked":["Demon Form","Thunderclap"],"picked":"Infernal Blade+1","floor":54}],"player_experience":146146,"relics_obtained":[{"floor":6,"key":"Toxic Egg 2"},{"floor":9,"key":"Letter Opener"},{"floor":11,"key":"PreservedInsect"},{"floor":23,"key":"Red Skull"},{"floor":25,"key":"Magic Flower"},{"floor":40,"key":"Happy Flower"},{"floor":43,"key":"Lantern"},{"floor":44,"key":"Art of War"},{"floor":48,"key":"Centennial Puzzle"},{"floor":54,"key":"Shuriken"}],"event_choices":[{"damage_healed":0,"gold_gain":0,"player_choice":"Success","damage_taken":18,"relics_obtained":["Bronze Scales"],"max_hp_gain":0,"max_hp_loss":0,"event_name":"Scrap Ooze","floor":7,"gold_loss":0},{"cards_removed":["Metallicize"],"damage_healed":64,"gold_gain":0,"player_choice":"Offered Uncommon","damage_taken":0,"max_hp_gain":0,"max_hp_loss":0,"event_name":"Bonfire Elementals","floor":8,"gold_loss":0},{"damage_healed":0,"gold_gain":0,"player_choice":"Take Wound","damage_taken":0,"relics_obtained":["Golden Idol"],"max_hp_gain":0,"max_hp_loss":0,"event_name":"Golden Idol","floor":14,"gold_loss":0,"cards_obtained":["Injury"]},{"damage_healed":0,"gold_gain":0,"player_choice":"Bet on Murderer","damage_taken":0,"max_hp_gain":0,"max_hp_loss":0,"event_name":"The Joust","floor":22,"gold_loss":50},{"damage_healed":20,"gold_gain":0,"player_choice":"Writhe","damage_taken":0,"max_hp_gain":0,"max_hp_loss":0,"event_name":"Winding Halls","floor":37,"gold_loss":0,"cards_obtained":["Writhe"]},{"cards_removed":["Doubt"],"damage_healed":0,"gold_gain":0,"player_choice":"Card Removal","damage_taken":0,"max_hp_gain":0,"max_hp_loss":0,"event_name":"Wheel of Change","floor":38,"gold_loss":0}],"is_beta":false,"boss_relics":[{"not_picked":["Busted Crown","Black Blood"],"picked":"Cursed Key"},{"not_picked":["Eternal Feather","Lizard Tail"],"picked":"Runic Pyramid"}],"items_purged_floors":[],"is_endless":false,"potions_floor_spawned":[1,3,10,12,18,23,28,29,31,39,48],"killed_by":"The Heart","ascension_level":0}