{"gold_per_floor":[114,114,39,39,39,39,53,70,119,147,159,189,214,288,300,409,421,449,472,484,496,519,531,558,570],"floor_reached":25,"playtime":1965,"items_purged":["Regret"],"score":244,"play_id":"70177a9f-f29b-4b1d-81e4-f8a4d9537f05","local_time":"20191011202621","is_ascension_mode":true,"campfire_choices":[{"floor":6.0,"key":"DIG"},{"floor":11.0,"key":"DIG"},{"floor":15.0,"key":"REST"},{"floor":23,"key":"REST"}],"neow_cost":"CURSE","seed_source_timestamp":141816651073400,"circlet_count":0,"master_deck":["Strike_G","Strike_G","Strike_G","Strike_G","Strike_G+1","Defend_G","Defend_G","Defend_G","Defend_G","Defend_G","Survivor","Neutralize+1","Noxious Fumes","Expertise","Endless Agony","Flying Knee","Dagger Spray+1","Deadly Poison","Catalyst","Venomology","Escape Plan","Outmaneuver+1"],"special_seed":0,"relics":["Ring of the Snake","Shovel","Smiling Mask","MawBank","Bronze Scales","Whetstone","Busted Crown"],"potions_floor_usage":[22,24],"damage_taken":[{"damage":13.0,"enemies":"Cultist","floor":1.0,"turns":6.0},{"damage":6.0,"enemies":"Small Slimes","floor":7.0,"turns":4.0},{"damage":0.0,"enemies":"2 Louse","floor":8.0,"turns":3.0},{"damage":0.0,"enemies":"Exordium Wildlife","floor":10.0,"turns":5.0},{"damage":10.0,"enemies":"Gremlin Gang","floor":12.0,"turns":3.0},{"damage":8.0,"enemies":"Blue Slaver","floor":13.0,"turns":3.0},{"damage":20.0,"enemies":"Gremlin Nob","floor":14.0,"turns":4.0},{"damage":40.0,"enemies":"Slime Boss","floor":16.0,"turns":9.0},{"damage":0,"enemies":"Chosen","floor":18,"turns":4},{"damage":10,"enemies":"Shell Parasite","floor":19,"turns":4},{"damage":18,"enemies":"Cultist and Chosen","floor":22,"turns":6},{"damage":32,"enemies":"3 Cultists","floor":24,"turns":6},{"damage":30,"enemies":"Book of Stabbing","floor":25,"turns":3}],"seed_played":"-5661740767663984789","potions_obtained":[{"floor":7.0,"key":"PowerPotion"},{"floor":10.0,"key":"SkillPotion"},{"floor":13.0,"key":"Dexterity Potion"},{"floor":18,"key":"Strength Potion"},{"floor":19,"key":"Ancient Potion"}],"is_trial":false,"path_per_floor":["M","?","$","?","?","R","M","M","T","M","R","M","M","?","R","B",null,"M","M","?","?","M","R","M","E"],"character_chosen":"THE_SILENT","items_purchased":[],"campfire_rested":2,"item_purchase_floors":[],"current_hp_per_floor":[57,57,57,57,70,70,64,64,64,64,64,54,46,26,47,7,54,54,44,44,44,26,47,15,0],"gold":570,"neow_bonus":"ONE_RARE_RELIC","is_prod":false,"is_daily":false,"chose_seed":false,"campfire_upgraded":0,"win_rate":0,"timestamp":1570843581,"path_taken":["M","?","$","?","?","R","M","M","T","?","R","M","?","?","R","BOSS","M","M","?","?","M","R","M","E"],"build_version":"2019-07-17","purchased_purges":1,"victory":false,"max_hp_per_floor":[70,70,70,70,70,70,70,70,70,70,70,70,70,70,70,70,70,70,70,70,70,70,70,70,70],"card_choices":[{"not_picked":["Deadly Poison","Accuracy"],"picked":"Noxious Fumes","floor":1.0},{"not_picked":["Riddle With Holes","Choke"],"picked":"Expertise","floor":7.0},{"not_picked":["Cloak And Dagger","Underhanded Strike"],"picked":"Endless Agony","floor":8.0},{"not_picked":["Deflect","Dodge and Roll"],"picked":"Flying Knee","floor":10.0},{"not_picked":["Prepared","Infinite Blades"],"picked":"Dagger Spray","floor":12.0},{"not_picked":["Deflect","Terror"],"picked":"Deadly Poison","floor":13.0},{"not_picked":["Blur","Deflect"],"picked":"Catalyst","floor":14.0},{"not_picked":["Unload","Phantasmal Killer"],"picked":"Venomology","floor":16.0},{"not_picked":["Masterful Stab"],"picked":"SKIP","floor":18},{"not_picked":["Blade Dance"],"picked":"SKIP","floor":19},{"not_picked":[],"picked":"Escape Plan","floor":22},{"not_picked":[],"picked":"Outmaneuver+1","floor":24}],"player_experience":248933,"relics_obtained":[{"floor":6.0,"key":"Smiling Mask"},{"floor":9.0,"key":"MawBank"},{"floor":11.0,"key":"Bronze Scales"},{"floor":14.0,"key":"Whetstone"}],"event_choices":[{"damage_healed":0.0,"max_hp_gain":0.0,"max_hp_loss":0.0,"gold_gain":0.0,"event_name":"Living Wall","player_choice":"Grow","floor":2.0,"gold_loss":0.0,"damage_taken":0.0,"cards_upgraded":["Neutralize"]},{"damage_healed":0.0,"max_hp_gain":0.0,"max_hp_loss":0.0,"gold_gain":0.0,"event_name":"Golden Idol","player_choice":"Ignored","floor":4.0,"gold_loss":0.0,"damage_taken":0.0},{"damage_healed":23.0,"max_hp_gain":0.0,"max_hp_loss":0.0,"gold_gain":0.0,"event_name":"Big Fish","player_choice":"Banana","floor":5.0,"gold_loss":0.0,"damage_taken":0.0},{"damage_healed":0.0,"max_hp_gain":0.0,"max_hp_loss":0.0,"gold_gain":30.0,"event_name":"Dead Adventurer","player_choice":"Searched \u00273\u0027 times","floor":14.0,"gold_loss":0.0,"damage_taken":0.0},{"damage_healed":0,"gold_gain":0,"player_choice":"Ignored","damage_taken":0,"max_hp_gain":0,"max_hp_loss":0,"event_name":"Vampires","floor":20,"gold_loss":0},{"damage_healed":0,"gold_gain":0,"player_choice":"Leave","damage_taken":0,"max_hp_gain":0,"max_hp_loss":0,"event_name":"FaceTrader","floor":21,"gold_loss":0}],"is_beta":false,"boss_relics":[{"not_picked":["Astrolabe","Eternal Feather"],"picked":"Busted Crown"}],"items_purged_floors":[3],"is_endless":false,"potions_floor_spawned":[7,10,13,18,19],"killed_by":"Book of Stabbing","ascension_level":5}