{"gold_per_floor":[112,112,30,30,46,75,88,88,88,88,121,86,97,172,172,271,271,282,381,54,85,85],"floor_reached":22,"playtime":997,"items_purged":[],"score":304,"play_id":"df293de2-9fff-42b1-8f72-3a87abed0d03","local_time":"20190923175615","is_ascension_mode":true,"campfire_choices":[{"floor":8.0,"key":"REST"},{"data":"1","floor":10.0,"key":"LIFT"},{"floor":15.0,"key":"REST"}],"neow_cost":"PERCENT_DAMAGE","seed_source_timestamp":3625087226362000,"circlet_count":0,"master_deck":["AscendersBane","Strike_B","Strike_B+1","Strike_B+1","Defend_B+1","Defend_B","Defend_B","Defend_B","Zap","Dualcast","Amplify","Ball Lightning+1","Hello World","Undo","Capacitor","Stack","Stack","Streamline","Echo Form","Stack","Apotheosis","Static Discharge"],"special_seed":0,"relics":["Cracked Core","Letter Opener","Girya","Whetstone","White Beast Statue","Juzu Bracelet","Red Mask"],"potions_floor_usage":[21,21],"damage_taken":[{"damage":1.0,"enemies":"2 Louse","floor":1.0,"turns":3.0},{"damage":4.0,"enemies":"Jaw Worm","floor":5.0,"turns":3.0},{"damage":6.0,"enemies":"Lagavulin","floor":6.0,"turns":8.0},{"damage":0.0,"enemies":"Small Slimes","floor":7.0,"turns":4.0},{"damage":17.0,"enemies":"Gremlin Nob","floor":11.0,"turns":4.0},{"damage":12.0,"enemies":"2 Fungi Beasts","floor":13.0,"turns":4.0},{"damage":36.0,"enemies":"The Guardian","floor":16.0,"turns":13.0},{"damage":14.0,"enemies":"Chosen","floor":18.0,"turns":6.0},{"damage":31,"enemies":"Masked Bandits","floor":21,"turns":6}],"seed_played":"-4851695671677193278","potions_obtained":[{"floor":1.0,"key":"PowerPotion"},{"floor":7.0,"key":"FocusPotion"},{"floor":16.0,"key":"Explosive Potion"},{"floor":18.0,"key":"SpeedPotion"},{"floor":21,"key":"GamblersBrew"}],"is_trial":false,"path_per_floor":["M","?","$","?","M","E","M","R","T","R","E","?","M","?","R","B",null,"M","?","$","?","?"],"character_chosen":"DEFECT","items_purchased":["Hello World","Apotheosis","Juzu Bracelet"],"campfire_rested":2,"item_purchase_floors":[3,20,20],"current_hp_per_floor":[49,34,34,27,23,17,17,39,39,39,22,40,28,17,39,3,57,43,43,43,12,0],"gold":85,"neow_bonus":"THREE_RARE_CARDS","is_prod":false,"is_daily":false,"chose_seed":false,"campfire_upgraded":0,"win_rate":0,"timestamp":1569254175,"path_taken":["M","?","$","?","M","E","M","R","T","R","E","?","M","?","R","BOSS","M","?","$","?","?"],"build_version":"2019-07-17","purchased_purges":0,"victory":false,"max_hp_per_floor":[75,75,75,75,75,75,75,75,75,75,75,75,75,75,75,75,75,75,75,75,75,75],"card_choices":[{"not_picked":["Fission","Core Surge"],"picked":"Amplify","floor":0.0},{"not_picked":["Reprogram","Rebound"],"picked":"Ball Lightning","floor":1.0},{"not_picked":["Streamline","Cold Snap"],"picked":"Undo","floor":5.0},{"not_picked":["Stack","Turbo"],"picked":"Capacitor","floor":6.0},{"not_picked":["Go for the Eyes","Ball Lightning"],"picked":"Stack","floor":7.0},{"not_picked":["Steam","Ball Lightning"],"picked":"Stack","floor":11.0},{"not_picked":["Hologram","Steam Power"],"picked":"Streamline","floor":13.0},{"not_picked":["Reboot","Hyperbeam"],"picked":"Echo Form","floor":16.0},{"not_picked":["Steam Power","Cold Snap"],"picked":"Stack","floor":18.0},{"not_picked":["Turbo","Cold Snap"],"picked":"Static Discharge","floor":21}],"player_experience":318246,"relics_obtained":[{"floor":6.0,"key":"Letter Opener"},{"floor":9.0,"key":"Girya"},{"floor":11.0,"key":"Whetstone"},{"floor":21,"key":"Red Mask"}],"event_choices":[{"damage_healed":0.0,"max_hp_gain":0.0,"max_hp_loss":0.0,"gold_gain":0.0,"event_name":"Shining Light","player_choice":"Entered Light","floor":2.0,"gold_loss":0.0,"damage_taken":15.0,"cards_upgraded":["Defend_B","Strike_B"]},{"cards_removed":["Strike_B"],"damage_healed":0.0,"max_hp_gain":0.0,"max_hp_loss":0.0,"gold_gain":0.0,"event_name":"Golden Wing","player_choice":"Card Removal","floor":4.0,"gold_loss":0.0,"damage_taken":7.0},{"damage_healed":18.0,"max_hp_gain":0.0,"max_hp_loss":0.0,"gold_gain":0.0,"event_name":"The Cleric","player_choice":"Healed","floor":12.0,"gold_loss":35.0,"damage_taken":0.0},{"damage_healed":0.0,"max_hp_gain":0.0,"max_hp_loss":0.0,"gold_gain":75.0,"event_name":"World of Goop","player_choice":"Gather Gold","floor":14.0,"gold_loss":0.0,"damage_taken":11.0},{"damage_healed":0.0,"max_hp_gain":0.0,"max_hp_loss":0.0,"gold_gain":99.0,"event_name":"Nest","player_choice":"Stole From Cult","floor":19.0,"gold_loss":0.0,"damage_taken":0.0},{"damage_healed":0,"gold_gain":0,"player_choice":"Fought Bandits","damage_taken":0,"max_hp_gain":0,"max_hp_loss":0,"event_name":"Masked Bandits","floor":21,"gold_loss":0}],"is_beta":false,"boss_relics":[{"not_picked":["Snecko Eye","Nuclear Battery"],"picked":"White Beast Statue"}],"items_purged_floors":[],"is_endless":false,"potions_floor_spawned":[1,7,16,18,21],"ascension_level":12}