{"gold_per_floor":[113,164,75,75,88,115,131,160,160,176,205,221,250,250,250,349,349,365,378,303,303,402,430,430,464,464,477,477,0,0],"floor_reached":30,"playtime":1228,"items_purged":[],"score":381,"play_id":"fe29a739-42fa-4d92-9741-a5bf4e3a35da","local_time":"20190909220429","is_ascension_mode":true,"campfire_choices":[{"floor":15,"key":"RECALL"},{"data":"Limit Break","floor":24,"key":"SMITH"}],"neow_cost":"NONE","seed_source_timestamp":865174917706000,"circlet_count":0,"master_deck":["Strike_R","Strike_R","Strike_R+1","Strike_R+1","Strike_R","Defend_R","Defend_R","Defend_R","Bash","Wild Strike","Shrug It Off","Inflame","Flame Barrier","Dark Embrace","Cleave","Flex","Whirlwind+1","Flex","Heavy Blade+1","Sever Soul+1","Limit Break+1","Perfected Strike+1","Evolve","Power Through","Heavy Blade+1","Double Tap","Corruption+1"],"relics":["Burning Blood","Whetstone","Question Card","Dodecahedron","Molten Egg 2","Orichalcum","Bag of Preparation","Busted Crown","Oddly Smooth Stone","Frozen Egg 2","Nilry\u0027s Codex","Bottled Flame"],"potions_floor_usage":[8,11,12,13,16,16,16,16,16,23,25,30,30],"damage_taken":[{"damage":9,"enemies":"2 Louse","floor":1,"turns":2},{"damage":0,"enemies":"Small Slimes","floor":5,"turns":2},{"damage":15,"enemies":"3 Sentries","floor":6,"turns":7},{"damage":0,"enemies":"Cultist","floor":7,"turns":2},{"damage":28,"enemies":"Lagavulin","floor":8,"turns":5},{"damage":20,"enemies":"Large Slime","floor":10,"turns":5},{"damage":0,"enemies":"3 Sentries","floor":11,"turns":2},{"damage":0,"enemies":"Gremlin Gang","floor":12,"turns":4},{"damage":13,"enemies":"Lagavulin","floor":13,"turns":6},{"damage":18,"enemies":"The Guardian","floor":16,"turns":5},{"damage":0,"enemies":"Spheric Guardian","floor":18,"turns":1},{"damage":0,"enemies":"3 Byrds","floor":19,"turns":2},{"damage":29,"enemies":"Slavers","floor":23,"turns":4},{"damage":0,"enemies":"Gremlin Leader","floor":25,"turns":5},{"damage":18,"enemies":"Snake Plant","floor":27,"turns":3},{"damage":24,"enemies":"Book of Stabbing","floor":30,"turns":4}],"seed_played":"7967122429986318380","potions_obtained":[{"floor":6,"key":"SkillPotion"},{"floor":8,"key":"EssenceOfSteel"},{"floor":10,"key":"Energy Potion"},{"floor":11,"key":"Regen Potion"},{"floor":14,"key":"EntropicBrew"},{"floor":14,"key":"Strength Potion"},{"floor":14,"key":"Energy Potion"},{"floor":16,"key":"AttackPotion"},{"floor":19,"key":"GamblersBrew"},{"floor":23,"key":"SkillPotion"}],"is_trial":false,"path_per_floor":["M","?","$","?","M","E","M","E","T","M","E","M","E","?","R","B",null,"M","M","?","?","?","E","R","E","T","M","?","$","E"],"character_chosen":"IRONCLAD","items_purchased":["Shrug It Off","Inflame","Bottled Flame","Double Tap","Corruption+1"],"campfire_rested":0,"item_purchase_floors":[3,3,29,29,29],"current_hp_per_floor":[77,77,77,77,80,71,77,55,55,41,47,53,61,61,61,49,80,80,80,80,65,65,42,42,48,48,36,20,20,0],"gold":0,"neow_bonus":"RANDOM_COMMON_RELIC","is_prod":false,"is_daily":false,"chose_seed":false,"campfire_upgraded":1,"win_rate":0,"timestamp":1568059469,"path_taken":["M","?","$","?","M","E","M","E","T","M","E","?","E","?","R","BOSS","M","?","?","?","?","E","R","E","T","M","?","?","E"],"build_version":"2019-07-17","purchased_purges":0,"victory":false,"max_hp_per_floor":[80,80,80,80,80,80,80,80,80,80,80,80,80,80,80,80,80,80,80,80,85,85,85,85,85,85,85,85,85,85],"card_choices":[{"not_picked":["Perfected Strike","Havoc"],"picked":"Wild Strike","floor":1},{"not_picked":["Dropkick","Armaments"],"picked":"Flame Barrier","floor":5},{"not_picked":["Clothesline","Shockwave"],"picked":"Dark Embrace","floor":6},{"not_picked":["Body Slam","Reckless Charge","Anger"],"picked":"Cleave","floor":7},{"not_picked":["Uppercut","Metallicize","Combust"],"picked":"Flex","floor":8},{"not_picked":["Armaments","Flex","Reckless Charge+1"],"picked":"Whirlwind+1","floor":10},{"not_picked":["Pommel Strike+1","Clash+1","Thunderclap+1"],"picked":"Flex","floor":11},{"not_picked":["Spot Weakness","Shrug It Off","Whirlwind+1"],"picked":"Heavy Blade+1","floor":12},{"not_picked":["Fire Breathing","Perfected Strike+1","True Grit"],"picked":"Sever Soul+1","floor":13},{"not_picked":["Offering","Brutality","Fiend Fire+1"],"picked":"Limit Break","floor":16},{"not_picked":["Reckless Charge+1"],"picked":"Perfected Strike+1","floor":18},{"not_picked":["Perfected Strike+1"],"picked":"Evolve","floor":19},{"not_picked":["Headbutt+1"],"picked":"Power Through","floor":23},{"not_picked":["Twin Strike+1"],"picked":"Heavy Blade+1","floor":25},{"not_picked":["Hemokinesis+1","Reckless Charge+1"],"picked":"SKIP","floor":27}],"player_experience":236400,"relics_obtained":[{"floor":6,"key":"Question Card"},{"floor":8,"key":"Dodecahedron"},{"floor":9,"key":"Molten Egg 2"},{"floor":11,"key":"Orichalcum"},{"floor":13,"key":"Bag of Preparation"},{"floor":23,"key":"Oddly Smooth Stone"},{"floor":25,"key":"Frozen Egg 2"},{"floor":28,"key":"Nilry\u0027s Codex"}],"event_choices":[{"damage_healed":0,"gold_gain":51,"player_choice":"Gained Gold","damage_taken":0,"max_hp_gain":0,"max_hp_loss":0,"event_name":"Golden Wing","floor":2,"gold_loss":0},{"damage_healed":0,"gold_gain":0,"cards_transformed":["Defend_R"],"player_choice":"Transformed","damage_taken":0,"max_hp_gain":0,"max_hp_loss":0,"event_name":"Transmorgrifier","floor":4,"gold_loss":0,"cards_obtained":["Reckless Charge"]},{"damage_healed":0,"gold_gain":0,"player_choice":"Got Potions","damage_taken":0,"max_hp_gain":0,"max_hp_loss":0,"event_name":"Lab","floor":14,"gold_loss":0},{"cards_removed":["Reckless Charge"],"damage_healed":0,"gold_gain":0,"player_choice":"Gave Gold","damage_taken":0,"max_hp_gain":0,"max_hp_loss":0,"event_name":"Beggar","floor":20,"gold_loss":75},{"damage_healed":0,"gold_gain":0,"player_choice":"Shed Blood","damage_taken":20,"max_hp_gain":5,"max_hp_loss":0,"event_name":"Forgotten Altar","floor":21,"gold_loss":0},{"damage_healed":0,"gold_gain":99,"player_choice":"Stole From Cult","damage_taken":0,"max_hp_gain":0,"max_hp_loss":0,"event_name":"Nest","floor":22,"gold_loss":0},{"damage_healed":0,"gold_gain":0,"player_choice":"Obtained Book","damage_taken":16,"max_hp_gain":0,"max_hp_loss":0,"event_name":"Cursed Tome","floor":28,"gold_loss":0}],"is_beta":false,"boss_relics":[{"not_picked":["White Beast Statue","Astrolabe"],"picked":"Busted Crown"}],"items_purged_floors":[],"is_endless":false,"potions_floor_spawned":[6,8,10,11,16,19,23],"killed_by":"Book of Stabbing","ascension_level":2}