{"gold_per_floor":[116,19,31,31,43,43,62,89,89,89,123,123,123,188,188,267,267,281,291,69,69],"floor_reached":21,"playtime":1285,"items_purged":[],"score":327,"play_id":"e53e0faf-3248-4a87-abcc-adac78c03ebc","local_time":"20190928192942","is_ascension_mode":true,"campfire_choices":[{"floor":6.0,"key":"REST"},{"floor":10.0,"key":"REST"},{"floor":13.0,"key":"REST"},{"data":"Loop","floor":15.0,"key":"SMITH"}],"neow_cost":"PERCENT_DAMAGE","seed_source_timestamp":4062433594448800,"circlet_count":0,"master_deck":["AscendersBane","Strike_B","Strike_B","Strike_B","Strike_B+1","Defend_B","Defend_B","Defend_B","Defend_B","Zap","Dualcast","Creative AI","Redo","Leap","Loop+1","Go for the Eyes+1","Leap","Stack","Coolheaded","Self Repair","Stack","Core Surge+1","Auto Shields","Conserve Battery","Static Discharge"],"special_seed":0,"relics":["Cracked Core","Ancient Tea Set","Regal Pillow","Molten Egg 2","Vajra","Sozu","Bronze Scales"],"potions_floor_usage":[21],"damage_taken":[{"damage":5.0,"enemies":"Small Slimes","floor":1.0,"turns":3.0},{"damage":1.0,"enemies":"2 Louse","floor":3.0,"turns":3.0},{"damage":3.0,"enemies":"Jaw Worm","floor":5.0,"turns":4.0},{"damage":3.0,"enemies":"2 Fungi Beasts","floor":7.0,"turns":4.0},{"damage":44.0,"enemies":"Gremlin Nob","floor":8.0,"turns":6.0},{"damage":22.0,"enemies":"3 Sentries","floor":11.0,"turns":15.0},{"damage":21.0,"enemies":"3 Sentries","floor":14.0,"turns":5.0},{"damage":33.0,"enemies":"The Guardian","floor":16.0,"turns":13.0},{"damage":28.0,"enemies":"Spheric Guardian","floor":18.0,"turns":11.0},{"damage":15.0,"enemies":"3 Byrds","floor":19.0,"turns":5.0},{"damage":46,"enemies":"Masked Bandits","floor":21,"turns":3}],"seed_played":"-2292970928912104133","potions_obtained":[{"floor":1.0,"key":"FairyPotion"},{"floor":7.0,"key":"LiquidBronze"},{"floor":11.0,"key":"SteroidPotion"},{"floor":14.0,"key":"FearPotion"}],"is_trial":false,"path_per_floor":["M","$","M","?","M","R","M","E","T","R","E","?","R","?","R","B",null,"M","M","$","?"],"character_chosen":"DEFECT","items_purchased":["Leap","Loop","Bronze Scales","Static Discharge"],"campfire_rested":3,"item_purchase_floors":[2,2,20,20],"current_hp_per_floor":[41,41,40,19,16,37,34,7,7,43,21,26,63,49,49,23,63,42,34,34,0],"gold":69,"neow_bonus":"THREE_RARE_CARDS","is_prod":false,"is_daily":false,"chose_seed":false,"campfire_upgraded":1,"win_rate":0,"timestamp":1569691782,"path_taken":["M","$","M","?","M","R","M","E","T","R","E","?","R","?","R","BOSS","M","M","$","?"],"build_version":"2019-07-17","purchased_purges":0,"victory":false,"max_hp_per_floor":[71,71,71,71,71,71,71,71,71,71,71,76,76,76,76,76,76,76,76,76,76],"card_choices":[{"not_picked":["Electrodynamics","Amplify"],"picked":"Creative AI","floor":0.0},{"not_picked":["Compile Driver","Fusion"],"picked":"Redo","floor":1.0},{"not_picked":["Turbo","Sweeping Beam"],"picked":"Go for the Eyes","floor":3.0},{"not_picked":["Barrage","Rebound"],"picked":"Leap","floor":5.0},{"not_picked":["Compile Driver","Rebound"],"picked":"Stack","floor":7.0},{"not_picked":["Go for the Eyes","Scrape"],"picked":"Coolheaded","floor":8.0},{"not_picked":["Genetic Algorithm","Stack"],"picked":"Self Repair","floor":11.0},{"not_picked":["Leap","Undo"],"picked":"Stack","floor":14.0},{"not_picked":["Multi-Cast","Meteor Strike+1"],"picked":"Core Surge+1","floor":16.0},{"not_picked":["Heatsinks","Steam"],"picked":"Auto Shields","floor":18.0},{"not_picked":["Compile Driver+1","Hologram"],"picked":"Conserve Battery","floor":19.0}],"player_experience":367283,"relics_obtained":[{"floor":8.0,"key":"Ancient Tea Set"},{"floor":9.0,"key":"Regal Pillow"},{"floor":11.0,"key":"Molten Egg 2"},{"floor":14.0,"key":"Vajra"}],"event_choices":[{"damage_healed":0.0,"max_hp_gain":0.0,"max_hp_loss":0.0,"gold_gain":0.0,"event_name":"Shining Light","player_choice":"Entered Light","floor":4.0,"gold_loss":0.0,"damage_taken":21.0,"cards_upgraded":["Go for the Eyes","Strike_B"]},{"damage_healed":0.0,"max_hp_gain":5.0,"max_hp_loss":0.0,"gold_gain":0.0,"event_name":"Big Fish","player_choice":"Donut","floor":12.0,"gold_loss":0.0,"damage_taken":0.0},{"damage_healed":0.0,"max_hp_gain":0.0,"max_hp_loss":0.0,"gold_gain":0.0,"event_name":"Dead Adventurer","player_choice":"Searched \u00271\u0027 times","floor":14.0,"gold_loss":0.0,"damage_taken":0.0},{"damage_healed":0,"gold_gain":0,"player_choice":"Fought Bandits","damage_taken":0,"max_hp_gain":0,"max_hp_loss":0,"event_name":"Masked Bandits","floor":21,"gold_loss":0}],"is_beta":false,"boss_relics":[{"not_picked":["Tiny House","Nuclear Battery"],"picked":"Sozu"}],"items_purged_floors":[],"is_endless":false,"potions_floor_spawned":[1,7,11,14,19],"killed_by":"Masked Bandits","ascension_level":15}