{"gold_per_floor":[111,129,129,56,80,121,139,179,205,223,223,246,284,359,359,479,479,499,599,612,612,112,143,164,208,208,229,229,254,254,297,297,427,427,443,160,13,0,23,23,39,39,91,91,115,115,115,115,115,115],"floor_reached":50,"playtime":6876,"items_purged":[],"score":800,"play_id":"ba98647e-e247-4fbf-81cd-c5a154045ddf","local_time":"20191011235510","is_ascension_mode":true,"campfire_choices":[{"data":"Eruption","floor":15.0,"key":"SMITH"},{"data":"Ragnarok","floor":28.0,"key":"SMITH"},{"data":"Adaptation","floor":30.0,"key":"SMITH"},{"floor":32.0,"key":"REST"},{"floor":40.0,"key":"DIG"},{"floor":44.0,"key":"RECALL"},{"floor":46.0,"key":"DIG"},{"data":"Apotheosis","floor":49.0,"key":"SMITH"}],"neow_cost":"NONE","seed_source_timestamp":0,"circlet_count":0,"master_deck":["Strike_P","Strike_P","Strike_P","Defend_P","Defend_P","Defend_P","Defend_P","Eruption+1","Vigilance","Adaptation+1","CutThroughFate","ThirdEye","Weave","JustLucky","JustLucky","CutThroughFate","SignatureMove","Wallop","Weave","DeceiveReality","Ragnarok+1","Sanctity","FollowUp+1","BattleHymn","Vengeance","Sanctity+1","Evaluate","ClearTheMind+1","Consecrate","Protect+1","Wireheading+1","SandsOfTime","BattleHymn","Judgement","Crescendo","SandsOfTime+1","CutThroughFate","CutThroughFate+1","Crescendo+1","Consecrate","ClearTheMind","Weave","Weave+1","ReachHeaven+1","BattleHymn+1","MasterReality","ThirdEye","Bandage Up","Apotheosis+1","Panache"],"special_seed":0,"relics":["PureWater","Golden Idol","Meat on the Bone","Omamori","Ancient Tea Set","Boot","Black Star","CaptainsWheel","Lantern","Bottled Flame","Prayer Wheel","Strawberry","Juzu Bracelet","Centennial Puzzle","Bottled Tornado","Shovel","Anchor","Calling Bell","Bag of Marbles","Eternal Feather","StoneCalendar","Toy Ornithopter","Orrery","Red Mask","Molten Egg 2","Mummified Hand"],"potions_floor_usage":[50,50],"damage_taken":[{"damage":0.0,"enemies":"Small Slimes","floor":1.0,"turns":2.0},{"damage":0.0,"enemies":"Jaw Worm","floor":2.0,"turns":3.0},{"damage":0.0,"enemies":"Cultist","floor":5.0,"turns":3.0},{"damage":0.0,"enemies":"Gremlin Nob","floor":6.0,"turns":2.0},{"damage":0.0,"enemies":"Looter","floor":7.0,"turns":4.0},{"damage":25.0,"enemies":"3 Sentries","floor":8.0,"turns":11.0},{"damage":6.0,"enemies":"Exordium Wildlife","floor":10.0,"turns":4.0},{"damage":0.0,"enemies":"Lots of Slimes","floor":12.0,"turns":3.0},{"damage":7.0,"enemies":"Gremlin Nob","floor":13.0,"turns":5.0},{"damage":21.0,"enemies":"Hexaghost","floor":16.0,"turns":9.0},{"damage":18.0,"enemies":"2 Thieves","floor":18.0,"turns":3.0},{"damage":0.0,"enemies":"Shell Parasite","floor":20.0,"turns":3.0},{"damage":0.0,"enemies":"Gremlin Leader","floor":23.0,"turns":4.0},{"damage":0.0,"enemies":"Snake Plant","floor":24.0,"turns":2.0},{"damage":0.0,"enemies":"Slavers","floor":25.0,"turns":5.0},{"damage":9.0,"enemies":"Shelled Parasite and Fungi","floor":27.0,"turns":2.0},{"damage":23.0,"enemies":"Centurion and Healer","floor":29.0,"turns":3.0},{"damage":1.0,"enemies":"Book of Stabbing","floor":31.0,"turns":5.0},{"damage":42.0,"enemies":"Automaton","floor":33.0,"turns":8.0},{"damage":17.0,"enemies":"3 Darklings","floor":35.0,"turns":3.0},{"damage":0.0,"enemies":"3 Shapes","floor":39.0,"turns":4.0},{"damage":0.0,"enemies":"Transient","floor":41.0,"turns":5.0},{"damage":10.0,"enemies":"Writhing Mass","floor":45.0,"turns":4.0},{"damage":120,"enemies":"Awakened One","floor":50,"turns":4}],"seed_played":"1704132133084777862","potions_obtained":[{"floor":0.0,"key":"PowerPotion"},{"floor":0.0,"key":"DuplicationPotion"},{"floor":0.0,"key":"EssenceOfSteel"},{"floor":2.0,"key":"FearPotion"},{"floor":8.0,"key":"Weak Potion"},{"floor":10.0,"key":"Energy Potion"},{"floor":13.0,"key":"DuplicationPotion"},{"floor":16.0,"key":"Regen Potion"},{"floor":20.0,"key":"Dexterity Potion"},{"floor":25.0,"key":"SkillPotion"},{"floor":29.0,"key":"Weak Potion"},{"floor":41.0,"key":"Weak Potion"},{"floor":45.0,"key":"Regen Potion"}],"is_trial":false,"path_per_floor":["M","M","?","$","M","E","M","E","T","M","?","M","E","?","R","B",null,"M","?","M","?","$","E","M","E","T","M","R","M","R","E","R","B",null,"M","$","$","?","M","R","M","$","T","R","M","R","?","?","R","B"],"character_chosen":"WATCHER","items_purchased":["ThirdEye","Weave","Lantern","Bottled Flame","BattleHymn","Energy Potion","Toy Ornithopter","StancePotion","Explosive Potion","Orrery"],"campfire_rested":1,"item_purchase_floors":[4,4,22,22,22,22,36,36,36,37],"current_hp_per_floor":[72,72,54,54,54,54,54,41,41,47,65,65,58,47,47,38,72,54,54,54,54,54,61,61,61,61,57,57,46,46,45,68,38,79,62,62,62,62,62,79,79,79,79,79,74,79,79,69,79,0],"gold":115,"neow_bonus":"THREE_SMALL_POTIONS","is_prod":false,"is_daily":false,"chose_seed":false,"campfire_upgraded":4,"win_rate":0,"timestamp":1570863310,"path_taken":["M","M","?","$","M","E","M","E","T","M","?","M","E","?","R","BOSS","M","?","?","?","?","E","M","E","T","M","R","M","R","E","R","BOSS","M","?","$","?","M","R","M","$","T","R","M","R","?","?","R","BOSS"],"build_version":"2019-10-11","purchased_purges":0,"victory":false,"max_hp_per_floor":[72,72,72,72,72,72,72,72,72,72,72,72,72,72,72,72,72,72,72,72,72,72,79,79,79,79,79,79,79,79,79,79,79,79,79,79,79,79,79,79,79,79,79,79,79,79,79,79,79,79],"card_choices":[{"not_picked":["MentalFortress","PathToVictory"],"picked":"Adaptation","floor":1.0},{"not_picked":["FollowUp","Consecrate"],"picked":"CutThroughFate","floor":2.0},{"not_picked":["SandsOfTime","CutThroughFate"],"picked":"JustLucky","floor":5.0},{"not_picked":["Crescendo","Consecrate"],"picked":"JustLucky","floor":6.0},{"not_picked":["Crescendo","JustLucky"],"picked":"CutThroughFate","floor":7.0},{"not_picked":["WreathOfFlame","Discipline"],"picked":"SignatureMove","floor":8.0},{"not_picked":["SandsOfTime","EmptyBody"],"picked":"Wallop","floor":10.0},{"not_picked":["Wallop","JustLucky"],"picked":"Weave","floor":12.0},{"not_picked":["EmptyFist","SashWhip"],"picked":"DeceiveReality","floor":13.0},{"not_picked":["ConjureBlade","Wish"],"picked":"Ragnarok","floor":16.0},{"not_picked":["WreathOfFlame","Crescendo"],"picked":"Sanctity","floor":18.0},{"not_picked":["Worship","JustLucky"],"picked":"FollowUp+1","floor":20.0},{"not_picked":["Omniscience","Wallop"],"picked":"Vengeance","floor":23.0},{"not_picked":["Crescendo","FlyingSleeves"],"picked":"Sanctity+1","floor":24.0},{"not_picked":["Scrawl","EmptyMind+1"],"picked":"Evaluate","floor":24.0},{"not_picked":["FlyingSleeves","Establishment"],"picked":"ClearTheMind+1","floor":25.0},{"not_picked":["Sanctity","Wallop"],"picked":"Consecrate","floor":27.0},{"not_picked":["SignatureMove","BowlingBash"],"picked":"Protect+1","floor":27.0},{"not_picked":["DeceiveReality","ForeignInfluence"],"picked":"Wireheading+1","floor":29.0},{"not_picked":["Fasting2","Protect+1"],"picked":"SandsOfTime","floor":29.0},{"not_picked":["Prostrate","Devotion"],"picked":"BattleHymn","floor":31.0},{"not_picked":["Alpha","Brilliance"],"picked":"Judgement","floor":33.0},{"not_picked":["Pray+1","CutThroughFate+1"],"picked":"Crescendo","floor":35.0},{"not_picked":["ClearTheMind","EmptyBody+1"],"picked":"SandsOfTime+1","floor":35.0},{"not_picked":["FollowUp","ForeignInfluence"],"picked":"CutThroughFate","floor":37.0},{"not_picked":["ConjureBlade","Halt"],"picked":"CutThroughFate+1","floor":37.0},{"not_picked":["Omniscience","CrushJoints+1"],"picked":"Crescendo+1","floor":37.0},{"not_picked":["CrushJoints","SashWhip"],"picked":"Consecrate","floor":37.0},{"not_picked":["Brilliance","EmptyBody"],"picked":"ClearTheMind","floor":37.0},{"not_picked":["CrushJoints","Sanctity+1"],"picked":"Weave","floor":39.0},{"not_picked":["EmptyBody","CrushJoints"],"picked":"Weave+1","floor":39.0},{"not_picked":["Evaluate+1","EmptyBody"],"picked":"ReachHeaven+1","floor":41.0},{"not_picked":["JustLucky+1","FearNoEvil+1"],"picked":"BattleHymn+1","floor":41.0},{"not_picked":["Tantrum+1","Pray"],"picked":"MasterReality","floor":45.0},{"not_picked":["CarveReality+1","SpiritShield"],"picked":"ThirdEye","floor":45.0},{"not_picked":["Chrysalis","Thinking Ahead"],"picked":"Bandage Up","floor":48.0},{"not_picked":["Swift Strike+1","Madness"],"picked":"Apotheosis","floor":48.0},{"not_picked":["Master of Strategy","Good Instincts"],"picked":"Panache","floor":48.0}],"player_experience":281866,"relics_obtained":[{"floor":6.0,"key":"Meat on the Bone"},{"floor":8.0,"key":"Omamori"},{"floor":9.0,"key":"Ancient Tea Set"},{"floor":13.0,"key":"Boot"},{"floor":23.0,"key":"Prayer Wheel"},{"floor":23.0,"key":"Strawberry"},{"floor":25.0,"key":"Juzu Bracelet"},{"floor":25.0,"key":"Centennial Puzzle"},{"floor":26.0,"key":"Bottled Tornado"},{"floor":31.0,"key":"Shovel"},{"floor":31.0,"key":"Anchor"},{"floor":34.0,"key":"Bag of Marbles"},{"floor":34.0,"key":"Eternal Feather"},{"floor":34.0,"key":"StoneCalendar"},{"floor":40.0,"key":"Molten Egg 2"},{"floor":46.0,"key":"Mummified Hand"}],"event_choices":[{"damage_healed":0.0,"max_hp_gain":0.0,"max_hp_loss":0.0,"gold_gain":0.0,"event_name":"Golden Idol","player_choice":"Take Damage","floor":3.0,"gold_loss":0.0,"damage_taken":18.0,"relics_obtained":["Golden Idol"]},{"damage_healed":18.0,"max_hp_gain":0.0,"max_hp_loss":0.0,"gold_gain":0.0,"event_name":"Mushrooms","player_choice":"Healed and dodged fight","floor":11.0,"gold_loss":0.0,"damage_taken":0.0,"cards_obtained":["Parasite"]},{"damage_healed":0.0,"max_hp_gain":0.0,"max_hp_loss":0.0,"gold_gain":75.0,"event_name":"World of Goop","player_choice":"Gather Gold","floor":14.0,"gold_loss":0.0,"damage_taken":11.0},{"damage_healed":0.0,"max_hp_gain":0.0,"max_hp_loss":0.0,"gold_gain":100.0,"event_name":"Golden Shrine","player_choice":"Pray","floor":19.0,"gold_loss":0.0,"damage_taken":0.0},{"damage_healed":0.0,"max_hp_gain":0.0,"max_hp_loss":0.0,"gold_gain":0.0,"event_name":"The Mausoleum","player_choice":"Opened","floor":21.0,"gold_loss":0.0,"damage_taken":0.0,"relics_obtained":["CaptainsWheel"]},{"damage_healed":0.0,"max_hp_gain":0.0,"max_hp_loss":0.0,"gold_gain":0.0,"event_name":"Tomb of Lord Red Mask","player_choice":"Paid","floor":38.0,"gold_loss":13.0,"damage_taken":0.0,"relics_obtained":["Red Mask"]},{"cards_removed":["Strike_P"],"damage_healed":0.0,"max_hp_gain":0.0,"max_hp_loss":0.0,"gold_gain":0.0,"event_name":"Falling","player_choice":"Removed Attack","floor":47.0,"gold_loss":0.0,"damage_taken":0.0},{"damage_healed":0.0,"max_hp_gain":0.0,"max_hp_loss":0.0,"gold_gain":0.0,"event_name":"SensoryStone","player_choice":"Memory 3","floor":48.0,"gold_loss":0.0,"damage_taken":10.0}],"is_beta":true,"boss_relics":[{"not_picked":["Astrolabe","Sozu"],"picked":"Black Star"},{"not_picked":["Fusion Hammer","Snecko Eye"],"picked":"Calling Bell"}],"items_purged_floors":[],"is_endless":false,"potions_floor_spawned":[2,8,10,13,16,20,23,25,29,41,45],"killed_by":"Awakened One","ascension_level":1}