{"gold_per_floor":[359,359,359,359,373,373,408,14,66,66,84,108,142,158,158,281,281,301,321,246,266,285,285,354,354,378,378,409,409,51,83,83,183,183,201,211,211,0,16,43,43,56,56,107,123,152,164,174,174,174],"floor_reached":50,"playtime":3117,"items_purged":["Strike_B","Doubt"],"score":990,"play_id":"27708675-0d4c-4511-9a6b-a47e540d7fcf","local_time":"20190925220513","is_ascension_mode":true,"campfire_choices":[{"floor":6.0,"key":"REST"},{"floor":10.0,"key":"REST"},{"floor":15.0,"key":"REST"},{"floor":23.0,"key":"REST"},{"floor":27.0,"key":"REST"},{"floor":32.0,"key":"REST"},{"data":"Conserve Battery","floor":41.0,"key":"SMITH"},{"data":"Dualcast","floor":49.0,"key":"SMITH"}],"neow_cost":"TEN_PERCENT_HP_LOSS","seed_source_timestamp":3810529257076100,"circlet_count":0,"master_deck":["AscendersBane","Strike_B","Defend_B","Defend_B","Zap","Dualcast+1","Rip and Tear","FTL","Conserve Battery","Loop+1","Conserve Battery+1","Go for the Eyes+1","Ball Lightning+1","All For One+1","Hologram","Go for the Eyes+1","Coolheaded+1","Self Repair+1","Sweeping Beam+1","Conserve Battery","Writhe","Hello World+1","Auto Shields","Compile Driver+1","Creative AI+1","Auto Shields","FTL+1","FTL+1","Conserve Battery","Static Discharge+1","Parasite","Gash+1","Gash+1","Rip and Tear+1","Parasite","Blizzard+1"],"special_seed":0,"relics":["Cracked Core","Bloody Idol","Molten Egg 2","Frozen Egg 2","Boot","Bag of Preparation","Cursed Key","Tiny Chest","Potion Belt","Bottled Tornado","DataDisk","Orichalcum","Cables","Philosopher\u0027s Stone","Red Mask","Unceasing Top","Turnip","Emotion Chip","PreservedInsect"],"potions_floor_usage":[50,50],"damage_taken":[{"damage":4.0,"enemies":"Jaw Worm","floor":1.0,"turns":4.0},{"damage":0.0,"enemies":"2 Louse","floor":5.0,"turns":2.0},{"damage":35.0,"enemies":"Lagavulin","floor":7.0,"turns":5.0},{"damage":3.0,"enemies":"Small Slimes","floor":11.0,"turns":3.0},{"damage":7.0,"enemies":"3 Louse","floor":12.0,"turns":3.0},{"damage":20.0,"enemies":"Gremlin Nob","floor":13.0,"turns":3.0},{"damage":0.0,"enemies":"Blue Slaver","floor":14.0,"turns":3.0},{"damage":1.0,"enemies":"The Guardian","floor":16.0,"turns":10.0},{"damage":0.0,"enemies":"Chosen","floor":18.0,"turns":3.0},{"damage":9.0,"enemies":"3 Byrds","floor":19.0,"turns":3.0},{"damage":21.0,"enemies":"Snake Plant","floor":21.0,"turns":4.0},{"damage":8.0,"enemies":"3 Cultists","floor":22.0,"turns":5.0},{"damage":29.0,"enemies":"Slavers","floor":24.0,"turns":7.0},{"damage":26.0,"enemies":"Book of Stabbing","floor":28.0,"turns":7.0},{"damage":26.0,"enemies":"Gremlin Leader","floor":31.0,"turns":6.0},{"damage":43.0,"enemies":"Automaton","floor":33.0,"turns":9.0},{"damage":4.0,"enemies":"Orb Walker","floor":35.0,"turns":4.0},{"damage":44.0,"enemies":"3 Darklings","floor":36.0,"turns":5.0},{"damage":0.0,"enemies":"Maw","floor":39.0,"turns":6.0},{"damage":22.0,"enemies":"Nemesis","floor":40.0,"turns":5.0},{"damage":16.0,"enemies":"Sphere and 2 Shapes","floor":42.0,"turns":5.0},{"damage":23.0,"enemies":"2 Orb Walkers","floor":44.0,"turns":4.0},{"damage":1.0,"enemies":"4 Shapes","floor":45.0,"turns":7.0},{"damage":6.0,"enemies":"Giant Head","floor":46.0,"turns":8.0},{"damage":9.0,"enemies":"Spire Growth","floor":47.0,"turns":5.0},{"damage":15.0,"enemies":"Writhing Mass","floor":48.0,"turns":5.0},{"damage":87,"enemies":"Donu and Deca","floor":50,"turns":6}],"seed_played":"7552328749552614199","potions_obtained":[{"floor":1.0,"key":"EssenceOfSteel"},{"floor":7.0,"key":"Poison Potion"},{"floor":14.0,"key":"Block Potion"},{"floor":16.0,"key":"Energy Potion"},{"floor":21.0,"key":"SkillPotion"},{"floor":28.0,"key":"Swift Potion"},{"floor":33.0,"key":"Regen Potion"},{"floor":35.0,"key":"Swift Potion"},{"floor":39.0,"key":"Block Potion"},{"floor":40.0,"key":"Explosive Potion"},{"floor":46.0,"key":"SneckoOil"}],"is_trial":false,"path_per_floor":["M","?","?","?","M","R","E","$","T","R","M","M","E","M","R","B",null,"M","M","?","M","M","R","E","?","T","R","E","?","$","E","R","B",null,"M","M","?","?","M","E","R","M","T","?","M","E","M","M","R","B"],"character_chosen":"DEFECT","items_purchased":["Frozen Egg 2","Loop+1","Orichalcum","Hello World+1","Auto Shields"],"campfire_rested":6,"item_purchase_floors":[8,8,30,30,30],"current_hp_per_floor":[64,64,47,40,40,60,25,25,25,45,42,35,15,15,35,34,60,60,51,51,30,22,42,23,23,28,48,37,37,37,26,46,18,56,67,38,38,38,53,58,58,57,57,49,63,68,68,68,68,0],"gold":174,"neow_bonus":"TWO_FIFTY_GOLD","is_prod":false,"is_daily":false,"chose_seed":false,"campfire_upgraded":2,"win_rate":0,"timestamp":1569441913,"path_taken":["M","?","?","?","M","R","E","$","T","R","M","M","E","M","R","BOSS","M","M","?","M","M","R","E","?","T","R","E","?","$","E","R","BOSS","M","M","?","?","M","E","R","M","T","?","M","E","?","M","R","BOSS"],"build_version":"2019-07-17","purchased_purges":2,"victory":false,"max_hp_per_floor":[68,68,68,68,68,68,68,68,68,68,68,68,68,68,68,68,68,68,68,68,68,68,68,68,68,68,68,68,68,68,68,68,68,68,68,68,68,68,68,68,68,68,68,68,68,68,68,68,68,68],"card_choices":[{"not_picked":["Chaos","Steam Power"],"picked":"Rip and Tear","floor":1.0},{"not_picked":["Steam","Reinforced Body"],"picked":"FTL","floor":5.0},{"not_picked":["Hologram","Compile Driver"],"picked":"Conserve Battery","floor":7.0},{"not_picked":["Skim","Melter+1"],"picked":"Conserve Battery","floor":11.0},{"not_picked":["Barrage+1","Redo"],"picked":"Go for the Eyes+1","floor":12.0},{"not_picked":["Hyperbeam+1","Force Field","Fusion"],"picked":"SKIP","floor":13.0},{"not_picked":["Conserve Battery","Compile Driver+1"],"picked":"Ball Lightning+1","floor":14.0},{"not_picked":["Fission","Biased Cognition+1"],"picked":"All For One+1","floor":16.0},{"not_picked":["Doom and Gloom+1","Barrage+1"],"picked":"Hologram","floor":18.0},{"not_picked":["Sweeping Beam+1","Compile Driver+1"],"picked":"Go for the Eyes+1","floor":19.0},{"not_picked":["Redo","Go for the Eyes+1"],"picked":"Coolheaded+1","floor":21.0},{"not_picked":["Reinforced Body","Cold Snap+1"],"picked":"Self Repair+1","floor":22.0},{"not_picked":["Fusion","Tempest"],"picked":"Sweeping Beam+1","floor":24.0},{"not_picked":["Steam","Redo"],"picked":"Conserve Battery","floor":28.0},{"not_picked":["Conserve Battery","Steam"],"picked":"Compile Driver+1","floor":31.0},{"not_picked":["Meteor Strike+1","Hyperbeam+1"],"picked":"Creative AI+1","floor":33.0},{"not_picked":["Reinforced Body","Compile Driver+1"],"picked":"Auto Shields","floor":35.0},{"not_picked":["Recycle","Melter+1"],"picked":"FTL+1","floor":36.0},{"not_picked":["Recycle","Leap+1"],"picked":"FTL+1","floor":39.0},{"not_picked":["Doom and Gloom+1","Sweeping Beam+1"],"picked":"Conserve Battery","floor":40.0},{"not_picked":["Go for the Eyes+1","Glacier"],"picked":"Static Discharge+1","floor":42.0},{"not_picked":["Genetic Algorithm","Consume"],"picked":"Gash+1","floor":45.0},{"not_picked":["Cold Snap+1","Double Energy+1"],"picked":"Gash+1","floor":46.0},{"not_picked":["Turbo","Conserve Battery"],"picked":"Rip and Tear+1","floor":47.0},{"not_picked":["Reprogram","Chaos"],"picked":"Blizzard+1","floor":48.0}],"player_experience":337098,"relics_obtained":[{"floor":7.0,"key":"Molten Egg 2"},{"floor":9.0,"key":"Boot"},{"floor":13.0,"key":"Bag of Preparation"},{"floor":24.0,"key":"Tiny Chest"},{"floor":26.0,"key":"Potion Belt"},{"floor":28.0,"key":"Bottled Tornado"},{"floor":31.0,"key":"Cables"},{"floor":40.0,"key":"Unceasing Top"},{"floor":43.0,"key":"Turnip"},{"floor":44.0,"key":"Emotion Chip"},{"floor":46.0,"key":"PreservedInsect"}],"event_choices":[{"cards_removed":["Strike_B"],"damage_healed":0.0,"max_hp_gain":0.0,"max_hp_loss":0.0,"gold_gain":0.0,"event_name":"Living Wall","player_choice":"Forget","floor":2.0,"gold_loss":0.0,"damage_taken":0.0},{"damage_healed":0.0,"max_hp_gain":0.0,"max_hp_loss":0.0,"gold_gain":0.0,"event_name":"Golden Idol","player_choice":"Take Damage","floor":3.0,"gold_loss":0.0,"damage_taken":17.0,"relics_obtained":["Golden Idol"]},{"cards_removed":["Defend_B"],"damage_healed":0.0,"max_hp_gain":0.0,"max_hp_loss":0.0,"gold_gain":0.0,"event_name":"Golden Wing","player_choice":"Card Removal","floor":4.0,"gold_loss":0.0,"damage_taken":7.0},{"cards_removed":["Strike_B"],"damage_healed":0.0,"max_hp_gain":0.0,"max_hp_loss":0.0,"gold_gain":0.0,"event_name":"Beggar","player_choice":"Gave Gold","floor":20.0,"gold_loss":75.0,"damage_taken":0.0},{"damage_healed":0.0,"max_hp_gain":0.0,"max_hp_loss":0.0,"gold_gain":0.0,"event_name":"Forgotten Altar","player_choice":"Gave Idol","floor":25.0,"relics_lost":["Golden Idol"],"gold_loss":0.0,"damage_taken":0.0,"relics_obtained":["Bloody Idol"]},{"damage_healed":0.0,"max_hp_gain":0.0,"max_hp_loss":0.0,"gold_gain":0.0,"event_name":"The Mausoleum","player_choice":"Opened","floor":29.0,"gold_loss":0.0,"damage_taken":0.0,"relics_obtained":["DataDisk"],"cards_obtained":["Writhe"]},{"cards_removed":["Defend_B"],"damage_healed":0.0,"max_hp_gain":0.0,"max_hp_loss":0.0,"gold_gain":0.0,"event_name":"Falling","player_choice":"Removed Skill","floor":37.0,"gold_loss":0.0,"damage_taken":0.0},{"damage_healed":0.0,"max_hp_gain":0.0,"max_hp_loss":0.0,"gold_gain":0.0,"event_name":"Tomb of Lord Red Mask","player_choice":"Paid","floor":38.0,"gold_loss":211.0,"damage_taken":0.0,"relics_obtained":["Red Mask"]},{"damage_healed":0.0,"max_hp_gain":0.0,"max_hp_loss":0.0,"gold_gain":0.0,"event_name":"Mysterious Sphere","player_choice":"Fight","floor":44.0,"gold_loss":0.0,"damage_taken":0.0}],"is_beta":false,"boss_relics":[{"not_picked":["Eternal Feather","Nuclear Battery"],"picked":"Cursed Key"},{"not_picked":["Orrery","Astrolabe"],"picked":"Philosopher\u0027s Stone"}],"items_purged_floors":[8,30],"is_endless":false,"potions_floor_spawned":[1,7,14,16,18,21,28,33,35,39,40,46],"killed_by":"Donu and Deca","ascension_level":12}