{"gold_per_floor":[113,181,181,192,267,301,360,371,371,371,389,409,95,121,121,218,218,238,272,272,272,289,317,329,359,409,434,434,46,63,83,83,188,188,198,218,234,37,52,52,274,274,356,356,383,397,397,24,24,24],"floor_reached":50,"playtime":4429,"items_purged":["Defend_R","Defend_R","Defend_R"],"score":640,"play_id":"25fd84b7-b8fe-4637-9f14-a2f5062e543d","local_time":"20190901162707","is_ascension_mode":false,"campfire_choices":[{"floor":10.0,"key":"REST"},{"data":"Shockwave","floor":15.0,"key":"SMITH"},{"data":"Fire Breathing","floor":28.0,"key":"SMITH"},{"data":"1","floor":32.0,"key":"LIFT"},{"data":"2","floor":40,"key":"LIFT"},{"data":"3","floor":47,"key":"LIFT"},{"data":"Inflame","floor":49,"key":"SMITH"}],"neow_cost":"NONE","seed_source_timestamp":0,"circlet_count":0,"master_deck":["Strike_R","Strike_R","Strike_R","Strike_R","Strike_R","Defend_R","Bash","Clash","Spot Weakness","Shockwave+1","Pommel Strike","Cleave","Perfected Strike","Armaments+1","Warcry+1","Bludgeon","Iron Wave","Rage+1","Cleave","Carnage","Flex+1","Fire Breathing+1","Whirlwind+1","Infernal Blade+1","Perfected Strike","Juggernaut","Decay","Regret","Parasite","Iron Wave+1","Clash+1","Headbutt+1","Heavy Blade+1","Madness+1","Madness+1","Decay","Inflame+1","Blood for Blood+1","Apotheosis+1","Warcry+1"],"special_seed":0,"relics":["Burning Blood","Sundial","Gambling Chip","Bag of Marbles","Toxic Egg 2","Bottled Lightning","FossilizedHelix","Sozu","Red Mask","MutagenicStrength","Thread and Needle","Ornamental Fan","Bag of Preparation","Dream Catcher","Girya","Calling Bell","StoneCalendar","Paper Frog","Ancient Tea Set","HandDrill","Question Card","Oddly Smooth Stone"],"potions_floor_usage":[50,50],"damage_taken":[{"damage":3.0,"enemies":"2 Louse","floor":1.0,"turns":3.0},{"damage":2.0,"enemies":"Small Slimes","floor":4.0,"turns":3.0},{"damage":42.0,"enemies":"Gremlin Nob","floor":6.0,"turns":5.0},{"damage":16.0,"enemies":"3 Sentries","floor":7.0,"turns":7.0},{"damage":3.0,"enemies":"Jaw Worm","floor":8.0,"turns":3.0},{"damage":2.0,"enemies":"Large Slime","floor":11.0,"turns":3.0},{"damage":15.0,"enemies":"Exordium Wildlife","floor":12.0,"turns":2.0},{"damage":3.0,"enemies":"3 Sentries","floor":14.0,"turns":5.0},{"damage":13.0,"enemies":"Hexaghost","floor":16.0,"turns":6.0},{"damage":0.0,"enemies":"3 Byrds","floor":18.0,"turns":4.0},{"damage":16.0,"enemies":"Masked Bandits","floor":19.0,"turns":4.0},{"damage":20.0,"enemies":"2 Thieves","floor":22.0,"turns":4.0},{"damage":12.0,"enemies":"Book of Stabbing","floor":23.0,"turns":4.0},{"damage":5.0,"enemies":"Centurion and Healer","floor":24.0,"turns":4.0},{"damage":0.0,"enemies":"Gremlin Leader","floor":25.0,"turns":4.0},{"damage":0.0,"enemies":"Slavers","floor":27.0,"turns":3.0},{"damage":0.0,"enemies":"Shelled Parasite and Fungi","floor":30.0,"turns":3.0},{"damage":0.0,"enemies":"Snecko","floor":31.0,"turns":3.0},{"damage":67.0,"enemies":"Champ","floor":33.0,"turns":8.0},{"damage":0.0,"enemies":"3 Shapes","floor":35.0,"turns":2.0},{"damage":0.0,"enemies":"Orb Walker","floor":36.0,"turns":1.0},{"damage":6.0,"enemies":"Maw","floor":37.0,"turns":5.0},{"damage":0.0,"enemies":"3 Darklings","floor":39.0,"turns":3.0},{"damage":11,"enemies":"Reptomancer","floor":45,"turns":4},{"damage":13,"enemies":"Transient","floor":46,"turns":5},{"damage":90,"enemies":"Awakened One","floor":50,"turns":6}],"seed_played":"8972279151590319732","potions_obtained":[{"floor":4.0,"key":"FearPotion"},{"floor":11.0,"key":"BloodPotion"},{"floor":12.0,"key":"Block Potion"},{"floor":16.0,"key":"GamblersBrew"}],"is_trial":false,"path_per_floor":["M","?","?","M","?","E","?","M","T","R","M","M","$","E","R","B",null,"M","?","?","?","M","E","M","E","T","E","R","$","M","M","R","B",null,"M","M","M","$","M","R","?","?","T","?","E","M","R","$","R","B"],"character_chosen":"IRONCLAD","items_purchased":["Bottled Lightning","Girya","HandDrill","Apotheosis+1","Warcry+1"],"campfire_rested":1,"item_purchase_floors":[13,29,38,48,48],"current_hp_per_floor":[88,88,76,80,69,33,23,26,26,52,56,47,47,50,50,43,88,88,78,78,78,64,58,59,65,65,71,71,71,77,83,83,22,88,88,88,88,88,88,88,88,77,77,77,72,65,65,65,65,0],"gold":24,"neow_bonus":"TEN_PERCENT_HP_BONUS","is_prod":false,"is_daily":false,"chose_seed":false,"campfire_upgraded":3,"win_rate":0.0,"timestamp":1567348027,"path_taken":["M","?","?","M","?","E","?","M","T","R","M","M","$","E","R","BOSS","M","?","?","?","M","E","M","E","T","E","R","$","?","M","R","BOSS","M","M","M","$","M","R","?","?","T","?","E","?","R","$","R","BOSS"],"build_version":"2019-07-17","purchased_purges":3,"victory":false,"max_hp_per_floor":[88,88,88,88,88,88,88,88,88,88,88,88,88,88,88,88,88,88,88,88,88,88,88,88,88,88,88,88,88,88,88,88,88,88,88,88,88,88,88,88,88,88,88,88,88,88,88,88,88,88],"card_choices":[{"not_picked":["Warcry","Clothesline"],"picked":"Clash","floor":1.0},{"not_picked":["Pommel Strike","Body Slam"],"picked":"Spot Weakness","floor":4.0},{"not_picked":["Battle Trance","Pommel Strike"],"picked":"Shockwave","floor":6.0},{"not_picked":["Armaments","Shrug It Off"],"picked":"Pommel Strike","floor":7.0},{"not_picked":["Pommel Strike","Shrug It Off"],"picked":"Cleave","floor":8.0},{"not_picked":["Body Slam","Dark Embrace"],"picked":"Perfected Strike","floor":11.0},{"not_picked":["Twin Strike","Perfected Strike"],"picked":"Armaments+1","floor":12.0},{"not_picked":["True Grit+1","Iron Wave"],"picked":"Warcry+1","floor":14.0},{"not_picked":["Offering+1","Limit Break+1"],"picked":"Bludgeon","floor":16.0},{"not_picked":["Heavy Blade","Clothesline"],"picked":"Iron Wave","floor":18.0},{"not_picked":["Sword Boomerang+1","Perfected Strike"],"picked":"Rage+1","floor":19.0},{"not_picked":["Pummel+1","Perfected Strike"],"picked":"Cleave","floor":22.0},{"not_picked":["Bloodletting+1","Rampage"],"picked":"Carnage","floor":23.0},{"not_picked":["Entrench+1","Rage+1"],"picked":"Flex+1","floor":24.0},{"not_picked":["Thunderclap","Impervious+1"],"picked":"Fire Breathing","floor":25.0},{"not_picked":["Iron Wave","Warcry+1"],"picked":"Whirlwind+1","floor":27.0},{"not_picked":["Second Wind+1","Warcry+1"],"picked":"Infernal Blade+1","floor":30.0},{"not_picked":["Shockwave+1","Sever Soul"],"picked":"Perfected Strike","floor":31.0},{"not_picked":["Double Tap+1","Dark Embrace"],"picked":"Juggernaut","floor":33.0},{"not_picked":["Sword Boomerang","Clothesline+1"],"picked":"Iron Wave+1","floor":35.0},{"not_picked":["Anger","Iron Wave+1"],"picked":"Clash+1","floor":36.0},{"not_picked":["Perfected Strike","Heavy Blade+1"],"picked":"Headbutt+1","floor":37.0},{"not_picked":["True Grit+1","Sword Boomerang"],"picked":"Heavy Blade+1","floor":39.0},{"not_picked":["Perfected Strike","Dropkick","Warcry+1"],"picked":"Inflame","floor":45},{"not_picked":["Bloodletting+1","Barricade","Flame Barrier+1"],"picked":"Blood for Blood+1","floor":46}],"player_experience":10834,"relics_obtained":[{"floor":6.0,"key":"Gambling Chip"},{"floor":9.0,"key":"Toxic Egg 2"},{"floor":14.0,"key":"FossilizedHelix"},{"floor":19.0,"key":"Red Mask"},{"floor":23.0,"key":"Thread and Needle"},{"floor":25.0,"key":"Ornamental Fan"},{"floor":26.0,"key":"Bag of Preparation"},{"floor":27.0,"key":"Dream Catcher"},{"floor":34.0,"key":"StoneCalendar"},{"floor":34.0,"key":"Paper Frog"},{"floor":34.0,"key":"Ancient Tea Set"},{"floor":43,"key":"Question Card"},{"floor":45,"key":"Oddly Smooth Stone"}],"event_choices":[{"damage_healed":0.0,"max_hp_gain":0.0,"max_hp_loss":0.0,"gold_gain":68.0,"event_name":"Golden Wing","player_choice":"Gained Gold","floor":2.0,"gold_loss":0.0,"damage_taken":0.0},{"damage_healed":0.0,"max_hp_gain":0.0,"max_hp_loss":0.0,"gold_gain":0.0,"event_name":"Scrap Ooze","player_choice":"Success","floor":3.0,"gold_loss":0.0,"damage_taken":12.0,"relics_obtained":["Sundial"]},{"damage_healed":0.0,"max_hp_gain":0.0,"max_hp_loss":0.0,"gold_gain":75.0,"event_name":"World of Goop","player_choice":"Gather Gold","floor":5.0,"gold_loss":0.0,"damage_taken":11.0},{"damage_healed":0.0,"max_hp_gain":0.0,"max_hp_loss":0.0,"gold_gain":0.0,"event_name":"Dead Adventurer","player_choice":"Searched \u00272\u0027 times","floor":7.0,"gold_loss":0.0,"damage_taken":0.0,"relics_obtained":["Bag of Marbles"]},{"damage_healed":0.0,"max_hp_gain":0.0,"max_hp_loss":0.0,"gold_gain":0.0,"event_name":"Masked Bandits","player_choice":"Fought Bandits","floor":19.0,"gold_loss":0.0,"damage_taken":0.0},{"damage_healed":0.0,"max_hp_gain":0.0,"max_hp_loss":0.0,"gold_gain":0.0,"event_name":"Vampires","player_choice":"Ignored","floor":20.0,"gold_loss":0.0,"damage_taken":0.0},{"damage_healed":0.0,"max_hp_gain":0.0,"max_hp_loss":0.0,"gold_gain":0.0,"event_name":"Drug Dealer","player_choice":"Inject Mutagens","floor":21.0,"gold_loss":0.0,"damage_taken":0.0,"relics_obtained":["MutagenicStrength"]},{"damage_healed":0,"gold_gain":222,"player_choice":"Wore Mask","damage_taken":0,"max_hp_gain":0,"max_hp_loss":0,"event_name":"Tomb of Lord Red Mask","floor":41,"gold_loss":0},{"damage_healed":0,"gold_gain":0,"player_choice":"Embrace Madness","damage_taken":11,"max_hp_gain":0,"max_hp_loss":0,"event_name":"Winding Halls","floor":42,"gold_loss":0,"cards_obtained":["Madness","Madness"]},{"damage_healed":0,"gold_gain":0,"player_choice":"Cursed","damage_taken":0,"max_hp_gain":0,"max_hp_loss":0,"event_name":"Wheel of Change","floor":44,"gold_loss":0,"cards_obtained":["Decay"]}],"is_beta":false,"boss_relics":[{"not_picked":["Tiny House","Black Blood"],"picked":"Sozu"},{"not_picked":["Eternal Feather","Astrolabe"],"picked":"Calling Bell"}],"items_purged_floors":[13,29,48],"is_endless":false,"potions_floor_spawned":[4,11,12,16,19,22,24,27,30,31,45,46],"killed_by":"Awakened One","ascension_level":0}