{"gold_per_floor":[113,132,132,132,60,60,85,103,157,172,189,189,189,138,138,241,241,260,37,37,37,49,49,63,63,87,87],"floor_reached":27,"playtime":9701,"items_purged":["Strike_R"],"score":325,"play_id":"604ebbce-4149-4767-ba8c-d9aa5868e134","local_time":"20191006174233","is_ascension_mode":true,"campfire_choices":[{"data":"Inflame","floor":6,"key":"SMITH"},{"data":"Armaments","floor":13,"key":"SMITH"},{"data":"Clothesline","floor":15,"key":"SMITH"},{"data":"Seeing Red","floor":23,"key":"SMITH"},{"floor":25,"key":"REST"}],"neow_cost":"NONE","seed_source_timestamp":214568013253500,"circlet_count":0,"master_deck":["Strike_R","Strike_R","Strike_R","Defend_R+1","Defend_R+1","Defend_R","Defend_R","Bash","Barricade","Iron Wave","Inflame+1","Disarm","Clothesline+1","Armaments+1","Iron Wave","Shrug It Off","Impervious","Seeing Red+1","Writhe","Battle Trance+1"],"relics":["Burning Blood","War Paint","Bag of Preparation","Philosopher\u0027s Stone","Strawberry","Darkstone Periapt","Ancient Tea Set"],"potions_floor_usage":[18,18],"damage_taken":[{"damage":1,"enemies":"Cultist","floor":1,"turns":4},{"damage":7,"enemies":"Jaw Worm","floor":2,"turns":3},{"damage":53,"enemies":"3 Sentries","floor":7,"turns":11},{"damage":0,"enemies":"Small Slimes","floor":8,"turns":4},{"damage":3,"enemies":"Exordium Wildlife","floor":10,"turns":4},{"damage":14,"enemies":"2 Fungi Beasts","floor":11,"turns":4},{"damage":0,"enemies":"Hexaghost","floor":16,"turns":12},{"damage":36,"enemies":"3 Byrds","floor":18,"turns":7},{"damage":31,"enemies":"Shell Parasite","floor":22,"turns":6},{"damage":4,"enemies":"Shelled Parasite and Fungi","floor":24,"turns":10},{"damage":80,"enemies":"Slavers","floor":27,"turns":9}],"seed_played":"1532787143130301202","potions_obtained":[{"floor":7,"key":"Energy Potion"},{"floor":8,"key":"AttackPotion"},{"floor":16,"key":"Fire Potion"},{"floor":18,"key":"GamblersBrew"}],"is_trial":false,"path_per_floor":["M","M","?","?","$","R","E","M","T","M","M","?","R","$","R","B",null,"M","$","?","?","M","R","M","R","T","E"],"character_chosen":"IRONCLAD","items_purchased":["Disarm","Shrug It Off","Strawberry"],"campfire_rested":1,"item_purchase_floors":[5,14,19],"current_hp_per_floor":[80,79,72,77,77,77,30,36,36,39,31,31,31,31,31,37,85,55,62,62,68,43,43,45,74,74,0],"gold":87,"neow_bonus":"ONE_RANDOM_RARE_CARD","is_prod":false,"is_daily":false,"chose_seed":false,"campfire_upgraded":4,"win_rate":0,"timestamp":1570401753,"path_taken":["M","M","?","?","?","R","E","M","T","M","?","?","R","$","R","BOSS","M","$","?","?","M","R","M","R","T","E"],"build_version":"2019-07-17","purchased_purges":1,"victory":false,"max_hp_per_floor":[80,80,80,85,85,85,85,85,85,85,85,85,85,85,85,85,85,85,92,92,98,98,98,98,98,98,98],"card_choices":[{"not_picked":["Cleave","Wild Strike"],"picked":"Iron Wave","floor":1},{"not_picked":["Battle Trance","Twin Strike"],"picked":"Inflame","floor":2},{"not_picked":["Thunderclap","Body Slam"],"picked":"Clothesline","floor":7},{"not_picked":["Evolve","Dropkick","Body Slam"],"picked":"SKIP","floor":8},{"not_picked":["Twin Strike","Sword Boomerang"],"picked":"Armaments","floor":10},{"not_picked":["Evolve","Wild Strike"],"picked":"Iron Wave","floor":11},{"not_picked":["Berserk","Bludgeon"],"picked":"Impervious","floor":16},{"not_picked":["Burning Pact+1","True Grit"],"picked":"Seeing Red","floor":18},{"not_picked":["Carnage","Cleave"],"picked":"Battle Trance+1","floor":22},{"not_picked":["Flex","Perfected Strike","True Grit"],"picked":"SKIP","floor":24}],"player_experience":193907,"relics_obtained":[{"floor":7,"key":"War Paint"},{"floor":9,"key":"Bag of Preparation"},{"floor":26,"key":"Ancient Tea Set"}],"event_choices":[{"cards_removed":["Strike_R"],"damage_healed":0,"gold_gain":0,"player_choice":"Card Removal","damage_taken":7,"max_hp_gain":0,"max_hp_loss":0,"event_name":"Golden Wing","floor":3,"gold_loss":0},{"damage_healed":0,"gold_gain":0,"player_choice":"Donut","damage_taken":0,"max_hp_gain":5,"max_hp_loss":0,"event_name":"Big Fish","floor":4,"gold_loss":0},{"damage_healed":0,"gold_gain":0,"player_choice":"Ignored","damage_taken":0,"max_hp_gain":0,"max_hp_loss":0,"event_name":"Liars Game","floor":12,"gold_loss":0},{"damage_healed":0,"gold_gain":0,"player_choice":"Ignored","damage_taken":0,"max_hp_gain":0,"max_hp_loss":0,"event_name":"Ghosts","floor":20,"gold_loss":0},{"damage_healed":0,"gold_gain":0,"player_choice":"Opened","damage_taken":0,"relics_obtained":["Darkstone Periapt"],"max_hp_gain":0,"max_hp_loss":0,"event_name":"The Mausoleum","floor":21,"gold_loss":0,"cards_obtained":["Writhe"]}],"is_beta":false,"boss_relics":[{"not_picked":["Mark of Pain","Tiny House"],"picked":"Philosopher\u0027s Stone"}],"items_purged_floors":[19],"is_endless":false,"potions_floor_spawned":[7,8,16,18],"killed_by":"Slavers","ascension_level":3}