{"gold_per_floor":[19,19,34,48,64,105,120,120,146,227,188,188,227,227,227,352,352,376,359,377,11,11,42,42,82,82,100,115,131,131,170,170,301,301,326,326,0,15,29,29,64,64,119,154,173,188,8,33,33,33],"floor_reached":51,"playtime":3509,"items_purged":["Strike_R","Strike_R"],"score":963,"play_id":"0961c162-c0cb-4afb-9c79-ede5f3dca819","local_time":"20190908214532","is_ascension_mode":true,"campfire_choices":[{"floor":8,"key":"REST"},{"floor":12,"key":"REST"},{"floor":15,"key":"REST"},{"floor":24,"key":"REST"},{"floor":32,"key":"REST"},{"floor":40,"key":"REST"},{"floor":42,"key":"REST"},{"floor":49,"key":"REST"}],"neow_cost":"NO_GOLD","seed_source_timestamp":2340456572566100,"circlet_count":0,"master_deck":["Strike_R","Strike_R","Strike_R","Defend_R","Defend_R","Defend_R+1","Defend_R","Bash","Feed","Clothesline","Rage","Shockwave","Cleave","Headbutt","Flame Barrier","Iron Wave","Reaper","Infernal Blade","Metallicize+1","Iron Wave","Metallicize","Madness","Swift Strike","Evolve+1","Shrug It Off+1","Armaments+1","Battle Trance+1","Spot Weakness+1","Inflame+1","Double Tap","Cleave+1","Disarm+1","Iron Wave+1","Demon Form+1","Metallicize+1","Ghostly Armor+1","Dropkick","Cleave+1","Dual Wield"],"relics":["Burning Blood","Golden Idol","Vajra","Juzu Bracelet","Red Skull","Anchor","Pen Nib","Fusion Hammer","Kunai","Bag of Marbles","Dream Catcher","Frozen Egg 2","Question Card","Sozu","Ancient Tea Set","Dodecahedron","Regal Pillow","War Paint","Centennial Puzzle"],"potions_floor_usage":[6,10,13,13,16,20,25,33,33],"damage_taken":[{"damage":10,"enemies":"Small Slimes","floor":1,"turns":3},{"damage":7,"enemies":"Jaw Worm","floor":3,"turns":3},{"damage":3,"enemies":"2 Louse","floor":4,"turns":3},{"damage":19,"enemies":"Lots of Slimes","floor":5,"turns":4},{"damage":36,"enemies":"Lagavulin","floor":6,"turns":8},{"damage":20,"enemies":"Large Slime","floor":7,"turns":7},{"damage":36,"enemies":"Lagavulin Event","floor":10,"turns":8},{"damage":20,"enemies":"3 Sentries","floor":13,"turns":4},{"damage":51,"enemies":"Hexaghost","floor":16,"turns":10},{"damage":11,"enemies":"3 Byrds","floor":18,"turns":3},{"damage":13,"enemies":"2 Thieves","floor":19,"turns":4},{"damage":15,"enemies":"Snake Plant","floor":20,"turns":5},{"damage":18,"enemies":"Book of Stabbing","floor":23,"turns":5},{"damage":20,"enemies":"Slavers","floor":25,"turns":5},{"damage":1,"enemies":"Centurion and Healer","floor":27,"turns":8},{"damage":0,"enemies":"Shelled Parasite and Fungi","floor":28,"turns":4},{"damage":12,"enemies":"Snake Plant","floor":29,"turns":4},{"damage":35,"enemies":"Gremlin Leader","floor":31,"turns":6},{"damage":43,"enemies":"Collector","floor":33,"turns":9},{"damage":6,"enemies":"3 Shapes","floor":35,"turns":2},{"damage":0,"enemies":"Orb Walker","floor":38,"turns":3},{"damage":43,"enemies":"Transient","floor":39,"turns":5},{"damage":24,"enemies":"Giant Head","floor":41,"turns":8},{"damage":7,"enemies":"Reptomancer","floor":44,"turns":6},{"damage":0,"enemies":"Maw","floor":45,"turns":8},{"damage":19,"enemies":"Spire Growth","floor":46,"turns":6},{"damage":21,"enemies":"3 Darklings","floor":48,"turns":3},{"damage":31,"enemies":"Donu and Deca","floor":50,"turns":10}],"seed_played":"5320757379181412576","potions_obtained":[{"floor":3,"key":"SteroidPotion"},{"floor":5,"key":"Dexterity Potion"},{"floor":6,"key":"Strength Potion"},{"floor":7,"key":"Block Potion"},{"floor":10,"key":"SneckoOil"},{"floor":19,"key":"Dexterity Potion"},{"floor":23,"key":"Weak Potion"},{"floor":29,"key":"LiquidBronze"}],"is_trial":false,"path_per_floor":["M","?","M","M","M","E","M","R","T","?","?","R","E","?","R","B",null,"M","M","M","$","?","E","R","E","T","M","M","M","?","E","R","B",null,"M","?","$","M","M","R","E","R","T","E","M","M","$","M","R","B",null],"character_chosen":"IRONCLAD","items_purchased":["Kunai","Metallicize","Dexterity Potion","Dodecahedron","Dropkick"],"campfire_rested":8,"item_purchase_floors":[21,21,21,37,47],"current_hp_per_floor":[79,59,58,64,54,27,16,44,44,17,17,46,32,25,54,9,98,93,89,83,83,53,52,83,84,84,106,110,104,104,80,110,109,113,113,113,113,116,97,116,102,120,120,122,123,110,110,95,123,116],"gold":33,"neow_bonus":"THREE_RARE_CARDS","is_prod":false,"is_daily":false,"chose_seed":false,"campfire_upgraded":0,"win_rate":0,"timestamp":1567971932,"path_taken":["M","?","M","M","M","E","M","R","T","?","?","R","E","?","R","BOSS","M","M","M","$","?","E","R","E","T","M","M","M","?","E","R","BOSS","M","?","?","M","M","R","E","R","T","E","M","M","$","M","R","BOSS"],"build_version":"2019-07-17","purchased_purges":2,"victory":true,"max_hp_per_floor":[83,83,83,86,89,92,95,95,95,98,98,98,98,98,98,98,98,98,101,104,104,104,104,104,107,107,110,110,110,110,110,110,113,113,113,113,113,116,116,116,120,120,120,123,123,123,123,123,123,123],"card_choices":[{"not_picked":["Brutality","Dark Embrace"],"picked":"Feed","floor":0},{"not_picked":["Perfected Strike","Warcry"],"picked":"Clothesline","floor":1},{"not_picked":["Hemokinesis","Intimidate"],"picked":"Rage","floor":3},{"not_picked":["Dropkick","Havoc"],"picked":"Shockwave","floor":4},{"not_picked":["Warcry","Pommel Strike"],"picked":"Cleave","floor":5},{"not_picked":["Reckless Charge","Sentinel"],"picked":"Headbutt","floor":6},{"not_picked":["Carnage","Anger"],"picked":"Flame Barrier","floor":7},{"not_picked":["Offering","True Grit"],"picked":"Iron Wave","floor":10},{"not_picked":["Second Wind","Limit Break"],"picked":"Spot Weakness","floor":13},{"not_picked":["Bludgeon","Offering"],"picked":"Reaper","floor":16},{"not_picked":["Intimidate","Clothesline+1"],"picked":"Infernal Blade","floor":18},{"not_picked":["Headbutt+1","Heavy Blade"],"picked":"Metallicize+1","floor":19},{"not_picked":["Burning Pact","Flex"],"picked":"Iron Wave","floor":20},{"not_picked":["Dark Embrace","Clothesline"],"picked":"Evolve+1","floor":23},{"not_picked":["Havoc","Body Slam"],"picked":"Shrug It Off+1","floor":25},{"not_picked":["Rage","Spot Weakness"],"picked":"Armaments","floor":27},{"not_picked":["Rupture+1","Feel No Pain+1"],"picked":"Battle Trance+1","floor":28},{"not_picked":["Searing Blow","Corruption+1"],"picked":"Spot Weakness+1","floor":29},{"not_picked":["Searing Blow","Body Slam+1","Whirlwind"],"picked":"SKIP","floor":31},{"not_picked":["Impervious","Berserk+1","Fiend Fire"],"picked":"Double Tap","floor":33},{"not_picked":["Wild Strike","Twin Strike+1","True Grit+1"],"picked":"Cleave+1","floor":35},{"not_picked":["Warcry","Sword Boomerang","Anger"],"picked":"Disarm+1","floor":38},{"not_picked":["Disarm","Body Slam","True Grit"],"picked":"Iron Wave+1","floor":39},{"not_picked":["Havoc","Perfected Strike+1","Blood for Blood+1"],"picked":"Demon Form+1","floor":40},{"not_picked":["True Grit+1","Entrench","Burning Pact","Corruption+1"],"picked":"SKIP","floor":41},{"not_picked":["Searing Blow+1","Clash","Evolve+1"],"picked":"Metallicize+1","floor":44},{"not_picked":["Clash","Combust+1","Pummel+1"],"picked":"Ghostly Armor+1","floor":45},{"not_picked":["Hemokinesis+1","Whirlwind+1","Heavy Blade","Perfected Strike"],"picked":"SKIP","floor":46},{"not_picked":["Wild Strike+1","True Grit+1","Exhume"],"picked":"Cleave+1","floor":48},{"not_picked":["Clothesline+1","Pommel Strike","Clash+1"],"picked":"Dual Wield","floor":49}],"player_experience":99368,"relics_obtained":[{"floor":6,"key":"Vajra"},{"floor":9,"key":"Juzu Bracelet"},{"floor":10,"key":"Red Skull"},{"floor":13,"key":"Anchor"},{"floor":23,"key":"Bag of Marbles"},{"floor":25,"key":"Dream Catcher"},{"floor":26,"key":"Frozen Egg 2"},{"floor":31,"key":"Question Card"},{"floor":41,"key":"Regal Pillow"},{"floor":43,"key":"War Paint"},{"floor":44,"key":"Centennial Puzzle"}],"event_choices":[{"damage_healed":0,"gold_gain":0,"player_choice":"Take Damage","damage_taken":20,"relics_obtained":["Golden Idol"],"max_hp_gain":0,"max_hp_loss":0,"event_name":"Golden Idol","floor":2,"gold_loss":0},{"damage_healed":0,"gold_gain":0,"player_choice":"Searched \u00271\u0027 times","damage_taken":0,"max_hp_gain":0,"max_hp_loss":0,"event_name":"Dead Adventurer","floor":10,"gold_loss":0},{"damage_healed":0,"gold_gain":0,"player_choice":"Left Gold","damage_taken":0,"max_hp_gain":0,"max_hp_loss":0,"event_name":"World of Goop","floor":11,"gold_loss":39},{"damage_healed":0,"gold_gain":0,"player_choice":"Success","damage_taken":7,"relics_obtained":["Pen Nib"],"max_hp_gain":0,"max_hp_loss":0,"event_name":"Scrap Ooze","floor":14,"gold_loss":0},{"damage_healed":0,"gold_gain":0,"player_choice":"CARD CARD ","damage_taken":30,"max_hp_gain":0,"max_hp_loss":0,"event_name":"Knowing Skull","floor":22,"potions_obtained":[],"gold_loss":0,"cards_obtained":["Madness","Swift Strike"]},{"damage_healed":0,"gold_gain":0,"player_choice":"Read","damage_taken":0,"max_hp_gain":0,"max_hp_loss":0,"event_name":"The Library","floor":30,"gold_loss":0,"cards_obtained":["Inflame"]},{"cards_removed":["Spot Weakness"],"damage_healed":0,"gold_gain":0,"player_choice":"Gave Card","damage_taken":0,"relics_obtained":["Ancient Tea Set"],"max_hp_gain":0,"max_hp_loss":0,"event_name":"WeMeetAgain","floor":36,"gold_loss":0}],"is_beta":false,"boss_relics":[{"not_picked":["Black Blood","White Beast Statue"],"picked":"Fusion Hammer"},{"not_picked":["Snecko Eye","Eternal Feather"],"picked":"Sozu"}],"items_purged_floors":[37,47],"is_endless":false,"potions_floor_spawned":[3,5,6,7,10,19,23,29,35,41,46,48],"ascension_level":3}