{"gold_per_floor":[364,61,61,236,251,294,307,338,338,338,338,361,361,374,374,495,495,509,523,538,556,581,581],"floor_reached":23,"playtime":1204,"items_purged":[],"score":267,"play_id":"04aa8b97-42df-441e-8c39-6dc71bc7508e","local_time":"20190918064526","is_ascension_mode":true,"campfire_choices":[{"floor":11,"key":"REST"},{"floor":13,"key":"REST"},{"data":"Defragment","floor":15,"key":"SMITH"}],"neow_cost":"TEN_PERCENT_HP_LOSS","seed_source_timestamp":3152703104581300,"circlet_count":0,"master_deck":["Strike_B","Strike_B","Strike_B","Strike_B","Defend_B","Defend_B","Defend_B","Defend_B","Zap","Dualcast","Defragment+1","Static Discharge","FTL","Injury","Doubt","Cold Snap","Stack","Undo","Electrodynamics","Conserve Battery","Auto Shields","Buffer","Defragment","Go for the Eyes+1","Aggregate","Aggregate+1","Static Discharge+1"],"relics":["Cracked Core","Happy Flower","Golden Idol","Pocketwatch","Torii","Emotion Chip","NlothsMask","Philosopher\u0027s Stone"],"potions_floor_usage":[8,12,16,22,22,23],"damage_taken":[{"damage":1,"enemies":"Cultist","floor":1,"turns":3},{"damage":5,"enemies":"2 Louse","floor":5,"turns":3},{"damage":27,"enemies":"3 Sentries","floor":6,"turns":7},{"damage":8,"enemies":"Small Slimes","floor":7,"turns":3},{"damage":12,"enemies":"Gremlin Nob","floor":8,"turns":4},{"damage":0,"enemies":"Blue Slaver","floor":12,"turns":3},{"damage":14,"enemies":"Red Slaver","floor":14,"turns":2},{"damage":25,"enemies":"The Guardian","floor":16,"turns":11},{"damage":4,"enemies":"3 Byrds","floor":18,"turns":2},{"damage":8,"enemies":"Chosen","floor":19,"turns":3},{"damage":20,"enemies":"Snecko","floor":20,"turns":6},{"damage":5,"enemies":"Chosen and Byrds","floor":21,"turns":4},{"damage":16,"enemies":"Centurion and Healer","floor":22,"turns":10},{"damage":8,"enemies":"Gremlin Leader","floor":23,"turns":1}],"seed_played":"1799958398925915963","potions_obtained":[{"floor":7,"key":"Poison Potion"},{"floor":8,"key":"Energy Potion"},{"floor":12,"key":"Dexterity Potion"},{"floor":14,"key":"FearPotion"},{"floor":19,"key":"FearPotion"},{"floor":21,"key":"EssenceOfSteel"}],"is_trial":false,"path_per_floor":["M","$","?","?","M","E","M","E","T","?","R","M","R","M","R","B",null,"M","M","M","M","M","E"],"character_chosen":"DEFECT","items_purchased":["Happy Flower","Static Discharge","FTL"],"campfire_rested":2,"item_purchase_floors":[2,2,2],"current_hp_per_floor":[67,67,67,67,62,35,27,15,15,15,35,35,55,41,41,16,55,51,43,23,18,2,0],"gold":581,"neow_bonus":"TWO_FIFTY_GOLD","is_prod":false,"is_daily":false,"chose_seed":false,"campfire_upgraded":1,"win_rate":0,"timestamp":1568781926,"path_taken":["M","$","?","?","M","E","M","E","T","?","R","M","R","M","R","BOSS","M","?","M","M","M","E"],"build_version":"2019-07-17","purchased_purges":0,"victory":false,"max_hp_per_floor":[68,68,68,68,68,68,68,68,68,68,68,68,68,68,68,68,68,68,68,68,68,68,68],"card_choices":[{"not_picked":["Turbo","Compile Driver"],"picked":"Defragment","floor":1},{"not_picked":["Scrape","Double Energy"],"picked":"Cold Snap","floor":5},{"not_picked":["Reboot","Compile Driver"],"picked":"Stack","floor":6},{"not_picked":["Fusion","Tempest"],"picked":"Undo","floor":7},{"not_picked":["Rebound","Loop"],"picked":"Electrodynamics","floor":8},{"not_picked":["Compile Driver","Ball Lightning"],"picked":"Conserve Battery","floor":12},{"not_picked":["Loop","Stack"],"picked":"Auto Shields","floor":14},{"not_picked":["Fission","Reboot"],"picked":"Buffer","floor":16},{"not_picked":["Skim","Turbo"],"picked":"Defragment","floor":18},{"not_picked":["Cold Snap","Coolheaded"],"picked":"Go for the Eyes+1","floor":19},{"not_picked":["Rip and Tear","Cold Snap"],"picked":"Aggregate","floor":20},{"not_picked":["Streamline","Ball Lightning+1"],"picked":"Aggregate+1","floor":21},{"not_picked":["Turbo","Ball Lightning"],"picked":"Static Discharge+1","floor":22}],"player_experience":242313,"relics_obtained":[{"floor":6,"key":"Pocketwatch"},{"floor":8,"key":"Torii"},{"floor":9,"key":"Emotion Chip"}],"event_choices":[{"damage_healed":0,"gold_gain":0,"player_choice":"Take Wound","damage_taken":0,"relics_obtained":["Golden Idol"],"max_hp_gain":0,"max_hp_loss":0,"event_name":"Golden Idol","floor":3,"gold_loss":0,"cards_obtained":["Injury"]},{"damage_healed":0,"gold_gain":175,"player_choice":"AGREE","damage_taken":0,"max_hp_gain":0,"max_hp_loss":0,"event_name":"Liars Game","floor":4,"gold_loss":0,"cards_obtained":["Doubt"]},{"damage_healed":0,"gold_gain":0,"player_choice":"Trade","damage_taken":0,"relics_obtained":["NlothsMask"],"max_hp_gain":0,"max_hp_loss":0,"event_name":"FaceTrader","floor":10,"gold_loss":0}],"is_beta":false,"boss_relics":[{"not_picked":["Snecko Eye","Tiny House"],"picked":"Philosopher\u0027s Stone"}],"items_purged_floors":[],"is_endless":false,"potions_floor_spawned":[7,8,12,14,19,21],"killed_by":"Gremlin Leader","ascension_level":6}