{"gold_per_floor":[115,127,143,162,162,162,194,194,220,230,230,255,255,27,27,27],"floor_reached":16,"playtime":925,"items_purged":[],"score":110,"play_id":"f15749dc-5d43-4c3a-af05-f09c0d090b83","local_time":"20190729031611","is_ascension_mode":false,"campfire_choices":[{"floor":6,"key":"REST"},{"floor":8,"key":"RECALL"},{"floor":15,"key":"REST"}],"neow_cost":"NONE","seed_source_timestamp":1041430360188197,"circlet_count":0,"master_deck":["Strike_R","Strike_R","Strike_R","Strike_R","Strike_R+1","Defend_R+1","Defend_R","Defend_R","Defend_R","Bash","Purity","Power Through","Second Wind","Second Wind","Power Through","Shrug It Off","Shrug It Off","Parasite","Wild Strike","Feel No Pain","Power Through","Dramatic Entrance"],"relics":["Burning Blood","Happy Flower","Blood Vial","Boot"],"potions_floor_usage":[7,12,12],"damage_taken":[{"damage":3,"enemies":"Small Slimes","floor":1,"turns":4},{"damage":0,"enemies":"2 Louse","floor":2,"turns":3},{"damage":0,"enemies":"Jaw Worm","floor":3,"turns":4},{"damage":22,"enemies":"Gremlin Gang","floor":4,"turns":9},{"damage":20,"enemies":"3 Sentries","floor":7,"turns":11},{"damage":19,"enemies":"Exordium Wildlife","floor":10,"turns":12},{"damage":67,"enemies":"Lagavulin","floor":12,"turns":21},{"damage":31,"enemies":"Hexaghost","floor":16,"turns":14}],"seed_played":"7533229405399710344","potions_obtained":[{"floor":4,"key":"SkillPotion"},{"floor":7,"key":"Ancient Potion"},{"floor":10,"key":"Block Potion"}],"is_trial":false,"path_per_floor":["M","M","M","M","?","R","E","R","T","M","?","E","?","$","R","B"],"character_chosen":"IRONCLAD","items_purchased":["Feel No Pain","Power Through","Dramatic Entrance"],"campfire_rested":2,"item_purchase_floors":[14,14,14],"current_hp_per_floor":[80,80,80,64,48,72,58,58,58,47,67,8,1,1,25,0],"gold":27,"neow_bonus":"RANDOM_COLORLESS","is_prod":false,"is_daily":false,"chose_seed":false,"campfire_upgraded":0,"win_rate":0,"timestamp":1564362971,"path_taken":["M","M","M","M","?","R","E","R","T","M","?","E","?","?","R","BOSS"],"build_version":"2019-07-17","purchased_purges":0,"victory":false,"max_hp_per_floor":[80,80,80,80,80,80,80,80,80,80,80,80,80,80,80,80],"card_choices":[{"not_picked":["Perfected Strike","Shrug It Off"],"picked":"Power Through","floor":1},{"not_picked":["Dual Wield","Flex"],"picked":"Second Wind","floor":2},{"not_picked":["Clash","Cleave"],"picked":"Second Wind","floor":3},{"not_picked":["Ghostly Armor","Fire Breathing"],"picked":"Power Through","floor":4},{"not_picked":["Burning Pact","Offering"],"picked":"Shrug It Off","floor":7},{"not_picked":["Pommel Strike","Blood for Blood"],"picked":"Shrug It Off","floor":10},{"not_picked":["Shrug It Off","Dual Wield"],"picked":"Wild Strike","floor":12}],"player_experience":136957,"relics_obtained":[{"floor":7,"key":"Happy Flower"},{"floor":9,"key":"Blood Vial"},{"floor":12,"key":"Boot"}],"event_choices":[{"damage_healed":0,"gold_gain":0,"player_choice":"Entered Light","damage_taken":16,"max_hp_gain":0,"max_hp_loss":0,"event_name":"Shining Light","floor":5,"gold_loss":0,"cards_upgraded":["Strike_R","Defend_R"]},{"damage_healed":20,"gold_gain":0,"player_choice":"Healed and dodged fight","damage_taken":0,"max_hp_gain":0,"max_hp_loss":0,"event_name":"Mushrooms","floor":11,"gold_loss":0,"cards_obtained":["Parasite"]},{"damage_healed":0,"gold_gain":0,"player_choice":"Fled","damage_taken":7,"max_hp_gain":0,"max_hp_loss":0,"event_name":"Scrap Ooze","floor":13,"gold_loss":0}],"is_beta":false,"boss_relics":[],"items_purged_floors":[],"is_endless":false,"potions_floor_spawned":[2,4,7,10],"killed_by":"Hexaghost","ascension_level":0}