{"gold_per_floor":[113,113,130,141,160,186,186,211,265,245],"floor_reached":10,"playtime":322,"items_purged":[],"score":156,"play_id":"5e4d41d1-8954-41a8-8c26-cb3010d6e1b7","local_time":"20191008052746","is_ascension_mode":true,"campfire_choices":[{"floor":7.0,"key":"REST"}],"neow_cost":"NONE","seed_source_timestamp":805134560699100,"circlet_count":0,"master_deck":["AscendersBane","Strike_B","Strike_B","Strike_B","Defend_B","Defend_B","Defend_B","Defend_B","Zap","Dualcast","Streamline","Rip and Tear","Rebound","Go for the Eyes","Ball Lightning","Static Discharge","Leap"],"special_seed":0,"relics":["Cracked Core","Centennial Puzzle","Molten Egg 2","Orichalcum"],"potions_floor_usage":[10],"damage_taken":[{"damage":8.0,"enemies":"2 Louse","floor":1.0,"turns":3.0},{"damage":0.0,"enemies":"Cultist","floor":3.0,"turns":3.0},{"damage":5.0,"enemies":"Small Slimes","floor":4.0,"turns":3.0},{"damage":12.0,"enemies":"Looter","floor":5.0,"turns":3.0},{"damage":35.0,"enemies":"3 Sentries","floor":6.0,"turns":6.0},{"damage":25.0,"enemies":"Lagavulin","floor":8.0,"turns":5.0},{"damage":16,"enemies":"Exordium Thugs","floor":10,"turns":1}],"seed_played":"-8554229700061015618","potions_obtained":[{"floor":4.0,"key":"SneckoOil"},{"floor":8.0,"key":"Dexterity Potion"}],"is_trial":false,"path_per_floor":["M","?","M","M","M","E","R","E","T","M"],"character_chosen":"DEFECT","items_purchased":[],"campfire_rested":1,"item_purchase_floors":[],"current_hp_per_floor":[63,63,63,58,46,11,34,9,9,0],"gold":245,"neow_bonus":"TEN_PERCENT_HP_BONUS","is_prod":false,"is_daily":false,"chose_seed":false,"campfire_upgraded":0,"win_rate":0,"timestamp":1570505266,"path_taken":["M","?","M","M","?","E","R","E","T","M"],"build_version":"2019-07-17","purchased_purges":0,"victory":false,"max_hp_per_floor":[78,78,78,78,78,78,78,78,78,78],"card_choices":[{"not_picked":["Ball Lightning","Turbo"],"picked":"Streamline","floor":1.0},{"not_picked":["Streamline","Lockon"],"picked":"Rebound","floor":3.0},{"not_picked":["Redo","Streamline"],"picked":"Go for the Eyes","floor":4.0},{"not_picked":["Streamline","Chaos"],"picked":"Ball Lightning","floor":5.0},{"not_picked":["Go for the Eyes","Turbo"],"picked":"Static Discharge","floor":6.0},{"not_picked":["Coolheaded","Turbo"],"picked":"Leap","floor":8.0}],"player_experience":436949,"relics_obtained":[{"floor":6.0,"key":"Centennial Puzzle"},{"floor":8.0,"key":"Molten Egg 2"},{"floor":9.0,"key":"Orichalcum"}],"event_choices":[{"damage_healed":0.0,"max_hp_gain":0.0,"max_hp_loss":0.0,"gold_gain":0.0,"cards_transformed":["Strike_B"],"event_name":"Transmorgrifier","player_choice":"Transformed","floor":2.0,"gold_loss":0.0,"damage_taken":0.0,"cards_obtained":["Rip and Tear"]}],"is_beta":false,"boss_relics":[],"items_purged_floors":[],"is_endless":false,"potions_floor_spawned":[4,8],"killed_by":"Exordium Thugs","ascension_level":20}