{"gold_per_floor":[110,110,127,23,23,56,56,71,71,92,92,128,149,187,199,341,353,353,353,353,353,353,353,353,353,353,353,353,353,353,353,353,353,353,353,353,353,353,353,353,7,7,7,7,7,7,7,7,7,7],"floor_reached":51,"playtime":3281,"items_purged":[],"score":1014,"play_id":"2e63168c-f112-4a64-9fc7-1c9553353483","local_time":"20190929084542","is_ascension_mode":true,"campfire_choices":[{"floor":7.0,"key":"REST"},{"data":"Feel No Pain","floor":15.0,"key":"SMITH"},{"data":"Limit Break","floor":23.0,"key":"SMITH"},{"data":"Whirlwind","floor":30.0,"key":"SMITH"},{"data":"Metallicize","floor":32.0,"key":"SMITH"},{"floor":49,"key":"REST"}],"neow_cost":"NONE","seed_source_timestamp":36234014393500,"circlet_count":0,"master_deck":["Strike_R","Strike_R","Strike_R","Strike_R","Strike_R","Defend_R","Defend_R","Defend_R","Defend_R","Bash+1","Infernal Blade","Feel No Pain+1","Dropkick","Shrug It Off","True Grit","Metallicize+1","Burning Pact","Shockwave","Whirlwind+1","Headbutt","Limit Break+1","Spot Weakness+1","Iron Wave+1","Pommel Strike+1","Intimidate","Havoc+1","Infernal Blade","Spot Weakness","Rage","Demon Form","Metallicize","Flex","Warcry","Disarm","Whirlwind+1","Disarm","Feel No Pain+1","True Grit","Armaments","Infernal Blade","Perfected Strike+1"],"special_seed":0,"relics":["Burning Blood","Golden Idol","Mercury Hourglass","Blood Vial","Orichalcum","MawBank","Ectoplasm","Anchor","Sundial","Ornamental Fan","Lizard Tail","CultistMask","Dream Catcher","Chemical X","Strawberry","Oddly Smooth Stone"],"potions_floor_usage":[50,50],"damage_taken":[{"damage":5.0,"enemies":"Small Slimes","floor":1.0,"turns":4.0},{"damage":7.0,"enemies":"Jaw Worm","floor":3.0,"turns":2.0},{"damage":27.0,"enemies":"3 Sentries","floor":6.0,"turns":14.0},{"damage":0.0,"enemies":"2 Louse","floor":8.0,"turns":3.0},{"damage":3.0,"enemies":"Looter","floor":10.0,"turns":4.0},{"damage":30.0,"enemies":"Lagavulin","floor":12.0,"turns":8.0},{"damage":0.0,"enemies":"Gremlin Gang","floor":13.0,"turns":2.0},{"damage":5.0,"enemies":"3 Sentries","floor":14.0,"turns":7.0},{"damage":3.0,"enemies":"Slime Boss","floor":16.0,"turns":8.0},{"damage":4.0,"enemies":"Spheric Guardian","floor":18.0,"turns":3.0},{"damage":2.0,"enemies":"3 Byrds","floor":19.0,"turns":3.0},{"damage":11.0,"enemies":"Shelled Parasite and Fungi","floor":22.0,"turns":6.0},{"damage":9.0,"enemies":"Slavers","floor":24.0,"turns":3.0},{"damage":2.0,"enemies":"Chosen and Byrds","floor":25.0,"turns":3.0},{"damage":2.0,"enemies":"Centurion and Healer","floor":27.0,"turns":5.0},{"damage":7.0,"enemies":"Snecko","floor":28.0,"turns":5.0},{"damage":8.0,"enemies":"Book of Stabbing","floor":29.0,"turns":5.0},{"damage":0.0,"enemies":"Chosen and Byrds","floor":31.0,"turns":3.0},{"damage":80.0,"enemies":"Automaton","floor":33.0,"turns":7.0},{"damage":7.0,"enemies":"3 Shapes","floor":35.0,"turns":19.0},{"damage":30.0,"enemies":"3 Darklings","floor":37.0,"turns":5.0},{"damage":23.0,"enemies":"Transient","floor":38.0,"turns":5.0},{"damage":8.0,"enemies":"4 Shapes","floor":39.0,"turns":12.0},{"damage":33.0,"enemies":"Giant Head","floor":40.0,"turns":8.0},{"damage":8.0,"enemies":"Jaw Worm Horde","floor":42.0,"turns":5.0},{"damage":19.0,"enemies":"Sphere and 2 Shapes","floor":45.0,"turns":3.0},{"damage":34.0,"enemies":"Transient","floor":46.0,"turns":5.0},{"damage":0,"enemies":"3 Darklings","floor":47,"turns":1},{"damage":0,"enemies":"Jaw Worm Horde","floor":48,"turns":2},{"damage":46,"enemies":"Awakened One","floor":50,"turns":11}],"seed_played":"-3479473033377495483","potions_obtained":[{"floor":6.0,"key":"Explosive Potion"},{"floor":12.0,"key":"Strength Potion"},{"floor":14.0,"key":"Fire Potion"},{"floor":18.0,"key":"Fire Potion"},{"floor":22.0,"key":"LiquidBronze"},{"floor":27.0,"key":"PowerPotion"},{"floor":33.0,"key":"FearPotion"},{"floor":39.0,"key":"FearPotion"},{"floor":42.0,"key":"BloodPotion"},{"floor":45.0,"key":"SpeedPotion"},{"floor":46.0,"key":"LiquidBronze"}],"is_trial":false,"path_per_floor":["M","?","M","$","?","E","R","M","T","M","$","E","M","E","R","B",null,"M","M","?","?","M","R","E","M","T","M","M","E","R","M","R","B",null,"M","?","M","M","M","E","$","M","T","?","M","M","M","M","R","B",null],"character_chosen":"IRONCLAD","items_purchased":["Dropkick","Shrug It Off","Chemical X","Strawberry"],"campfire_rested":2,"item_purchase_floors":[4,4,41,41],"current_hp_per_floor":[81,81,80,80,58,37,63,69,69,74,74,52,60,63,63,68,83,87,88,88,71,68,68,67,73,73,79,80,80,80,88,88,16,74,75,75,53,38,38,13,20,20,20,20,34,8,16,24,54,16],"gold":7,"neow_bonus":"TEN_PERCENT_HP_BONUS","is_prod":false,"is_daily":false,"chose_seed":false,"campfire_upgraded":4,"win_rate":0,"timestamp":1569739542,"path_taken":["M","?","M","?","?","E","R","M","T","M","?","E","M","E","R","BOSS","M","M","?","?","M","R","E","M","T","M","M","E","R","M","R","BOSS","M","?","?","M","M","E","$","M","T","?","M","?","M","M","R","BOSS"],"build_version":"2019-07-17","purchased_purges":0,"victory":true,"max_hp_per_floor":[88,88,88,88,88,88,88,88,88,88,88,88,88,88,88,88,88,88,88,88,93,93,93,93,93,93,93,93,93,93,93,93,93,93,93,93,93,93,93,93,100,100,100,100,100,100,100,100,100,100],"card_choices":[{"not_picked":["Pommel Strike","Clash"],"picked":"Infernal Blade","floor":1.0},{"not_picked":["Warcry","Flex"],"picked":"Feel No Pain","floor":3.0},{"not_picked":["Carnage","Wild Strike"],"picked":"True Grit","floor":6.0},{"not_picked":["Cleave","Perfected Strike"],"picked":"Metallicize","floor":8.0},{"not_picked":["Anger","Twin Strike"],"picked":"Burning Pact","floor":10.0},{"not_picked":["Twin Strike","Barricade"],"picked":"Shockwave","floor":12.0},{"not_picked":["Pommel Strike","Anger"],"picked":"Whirlwind","floor":13.0},{"not_picked":["Pommel Strike","Searing Blow"],"picked":"Headbutt","floor":14.0},{"not_picked":["Brutality","Barricade"],"picked":"Limit Break","floor":16.0},{"not_picked":["Flex+1","Anger"],"picked":"Spot Weakness+1","floor":18.0},{"not_picked":["Body Slam","Combust"],"picked":"Iron Wave+1","floor":19.0},{"not_picked":["Clash","Anger"],"picked":"Pommel Strike+1","floor":22.0},{"not_picked":["Shockwave","Sever Soul"],"picked":"Intimidate","floor":24.0},{"not_picked":["Sword Boomerang","Twin Strike"],"picked":"Havoc+1","floor":25.0},{"not_picked":["Dropkick","Shrug It Off"],"picked":"Infernal Blade","floor":27.0},{"not_picked":["Hemokinesis","Burning Pact"],"picked":"Spot Weakness","floor":28.0},{"not_picked":["Corruption","Headbutt","Burning Pact"],"picked":"SKIP","floor":29.0},{"not_picked":["Offering","Perfected Strike+1"],"picked":"Rage","floor":31.0},{"not_picked":["Berserk","Bludgeon"],"picked":"Demon Form","floor":33.0},{"not_picked":["Evolve","Spot Weakness"],"picked":"Metallicize","floor":35.0},{"not_picked":["Hemokinesis+1","Evolve+1"],"picked":"Flex","floor":37.0},{"not_picked":["Corruption","Sword Boomerang"],"picked":"Warcry","floor":38.0},{"not_picked":["Dropkick","Shrug It Off+1"],"picked":"Disarm","floor":39.0},{"not_picked":["Ghostly Armor","Clothesline+1"],"picked":"Whirlwind+1","floor":40.0},{"not_picked":["Clash+1","Sword Boomerang+1"],"picked":"Disarm","floor":42.0},{"not_picked":["Berserk","Anger"],"picked":"Feel No Pain+1","floor":45.0},{"not_picked":["Hemokinesis","Perfected Strike"],"picked":"True Grit","floor":46.0},{"not_picked":["Twin Strike","True Grit+1"],"picked":"Armaments","floor":47},{"not_picked":["Clash+1","Spot Weakness"],"picked":"Infernal Blade","floor":48},{"not_picked":["Heavy Blade","Wild Strike"],"picked":"Perfected Strike+1","floor":49}],"player_experience":373423,"relics_obtained":[{"floor":6.0,"key":"Mercury Hourglass"},{"floor":9.0,"key":"Blood Vial"},{"floor":12.0,"key":"Orichalcum"},{"floor":14.0,"key":"MawBank"},{"floor":24.0,"key":"Anchor"},{"floor":26.0,"key":"Sundial"},{"floor":29.0,"key":"Ornamental Fan"},{"floor":40.0,"key":"Dream Catcher"},{"floor":43.0,"key":"Oddly Smooth Stone"}],"event_choices":[{"damage_healed":0.0,"max_hp_gain":0.0,"max_hp_loss":0.0,"gold_gain":0.0,"event_name":"Living Wall","player_choice":"Grow","floor":2.0,"gold_loss":0.0,"damage_taken":0.0,"cards_upgraded":["Bash"]},{"damage_healed":0.0,"max_hp_gain":0.0,"max_hp_loss":0.0,"gold_gain":0.0,"event_name":"Golden Idol","player_choice":"Take Damage","floor":5.0,"gold_loss":0.0,"damage_taken":22.0,"relics_obtained":["Golden Idol"]},{"damage_healed":0.0,"max_hp_gain":0.0,"max_hp_loss":0.0,"gold_gain":0.0,"event_name":"Beggar","player_choice":"Ignored","floor":20.0,"gold_loss":0.0,"damage_taken":0.0},{"damage_healed":0.0,"max_hp_gain":5.0,"max_hp_loss":0.0,"gold_gain":0.0,"event_name":"Forgotten Altar","player_choice":"Shed Blood","floor":21.0,"gold_loss":0.0,"damage_taken":22.0},{"damage_healed":0.0,"max_hp_gain":0.0,"max_hp_loss":0.0,"gold_gain":0.0,"event_name":"FaceTrader","player_choice":"Trade","floor":36.0,"gold_loss":0.0,"damage_taken":0.0,"relics_obtained":["CultistMask"]},{"damage_healed":0.0,"max_hp_gain":0.0,"max_hp_loss":0.0,"gold_gain":100.0,"event_name":"Golden Shrine","player_choice":"Pray","floor":44.0,"gold_loss":0.0,"damage_taken":0.0}],"is_beta":false,"boss_relics":[{"not_picked":["Eternal Feather","Runic Pyramid"],"picked":"Ectoplasm"},{"not_picked":["Black Blood","White Beast Statue"],"picked":"Lizard Tail"}],"items_purged_floors":[],"is_endless":false,"potions_floor_spawned":[6,12,14,18,22,27,33,39,42,45,46],"ascension_level":6}