{"gold_per_floor":[118,43,43,43,8,18,45,45,95,95,128,138,168],"floor_reached":13,"playtime":447,"items_purged":["Strike_R"],"score":91,"play_id":"41ec68ac-5766-4ce1-b8a9-a84e5f513a68","local_time":"20190906195028","is_ascension_mode":false,"campfire_choices":[{"data":"Bash","floor":10,"key":"SMITH"}],"neow_cost":"NONE","seed_source_timestamp":2163825605920100,"circlet_count":0,"master_deck":["Strike_R","Strike_R","Strike_R","Defend_R","Defend_R","Defend_R","Bash+1"],"relics":["Burning Blood","Bird Faced Urn","Strawberry","Potion Belt"],"potions_floor_usage":[7,13],"damage_taken":[{"damage":3,"enemies":"Jaw Worm","floor":1,"turns":4},{"damage":0,"enemies":"2 Louse","floor":6,"turns":3},{"damage":28,"enemies":"Gremlin Nob","floor":7,"turns":5},{"damage":48,"enemies":"3 Sentries","floor":11,"turns":12},{"damage":0,"enemies":"Small Slimes","floor":12,"turns":3},{"damage":31,"enemies":"3 Sentries","floor":13,"turns":4}],"seed_played":"4240538205314905474","potions_obtained":[{"floor":6,"key":"PowerPotion"},{"floor":11,"key":"Explosive Potion"}],"is_trial":false,"path_per_floor":["M","$","?","?","?","M","E","$","T","R","E","M","?"],"character_chosen":"IRONCLAD","items_purchased":[],"campfire_rested":0,"item_purchase_floors":[],"current_hp_per_floor":[80,80,73,61,80,80,65,65,65,65,23,29,0],"gold":168,"neow_bonus":"REMOVE_CARD","is_prod":false,"is_daily":false,"chose_seed":false,"campfire_upgraded":1,"win_rate":0,"timestamp":1567792228,"path_taken":["M","$","?","?","?","M","E","$","T","R","E","M","?"],"build_version":"2019-07-17","purchased_purges":1,"victory":false,"max_hp_per_floor":[80,80,80,80,80,80,87,87,87,87,87,87,87],"card_choices":[{"not_picked":["Pommel Strike","Rage","Battle Trance"],"picked":"SKIP","floor":1},{"not_picked":["Rupture","Shrug It Off","Havoc"],"picked":"SKIP","floor":6},{"not_picked":["Body Slam","Metallicize","Inflame"],"picked":"SKIP","floor":7},{"not_picked":["Sword Boomerang","Thunderclap","True Grit"],"picked":"SKIP","floor":11},{"not_picked":["Burning Pact","Body Slam","Cleave"],"picked":"SKIP","floor":12}],"player_experience":89733,"relics_obtained":[{"floor":7,"key":"Strawberry"},{"floor":11,"key":"Potion Belt"}],"event_choices":[{"cards_removed":["Defend_R"],"damage_healed":0,"gold_gain":0,"player_choice":"Card Removal","damage_taken":7,"max_hp_gain":0,"max_hp_loss":0,"event_name":"Golden Wing","floor":3,"gold_loss":0},{"damage_healed":0,"gold_gain":0,"player_choice":"Success","damage_taken":12,"relics_obtained":["Bird Faced Urn"],"max_hp_gain":0,"max_hp_loss":0,"event_name":"Scrap Ooze","floor":4,"gold_loss":0},{"damage_healed":20,"gold_gain":0,"player_choice":"Healed","damage_taken":0,"max_hp_gain":0,"max_hp_loss":0,"event_name":"The Cleric","floor":5,"gold_loss":35},{"damage_healed":0,"gold_gain":30,"player_choice":"Searched \u00273\u0027 times","damage_taken":0,"max_hp_gain":0,"max_hp_loss":0,"event_name":"Dead Adventurer","floor":13,"gold_loss":0}],"is_beta":false,"boss_relics":[],"items_purged_floors":[2],"is_endless":false,"potions_floor_spawned":[6,11],"killed_by":"3 Sentries","ascension_level":0}