{"gold_per_floor":[117,192,192,209,384,384,20,20,46,72,72,72,72,91,91,187,187,207,222,222,46,57,57,82,82,82,115,115,115,15,30,30,30],"floor_reached":33,"playtime":1339,"items_purged":["Doubt","Shame"],"score":402,"play_id":"3eec31e4-a128-4d53-aebb-10293ec8deb6","local_time":"20190918210915","is_ascension_mode":true,"campfire_choices":[{"floor":6,"key":"REST"},{"floor":8,"key":"DIG"},{"floor":11,"key":"REST"},{"floor":13,"key":"DIG"},{"floor":15,"key":"DIG"},{"floor":23,"key":"REST"},{"floor":25,"key":"DIG"},{"floor":29,"key":"REST"},{"floor":32,"key":"REST"}],"neow_cost":"PERCENT_DAMAGE","seed_source_timestamp":3204398235171000,"circlet_count":0,"master_deck":["Strike_G","Strike_G","Strike_G+1","Strike_G+1","Strike_G","Defend_G","Defend_G","Defend_G","Defend_G","Defend_G+1","Survivor+1","Neutralize","Backstab","PiercingWail","Flying Knee","Deadly Poison","Bane","Adrenaline","Underhanded Strike+1","Dagger Throw+1","Apotheosis","Dodge and Roll","Poisoned Stab+1","Distraction","All Out Attack+1"],"relics":["Ring of the Snake","Shovel","PreservedInsect","Pear","War Paint","Bronze Scales","Whetstone","NlothsMask","Blood Vial","StoneCalendar","Cursed Key","Molten Egg 2","Bottled Flame","Ginger"],"potions_floor_usage":[10,27,33,33],"damage_taken":[{"damage":0,"enemies":"Jaw Worm","floor":1,"turns":6},{"damage":0,"enemies":"2 Louse","floor":4,"turns":3},{"damage":7,"enemies":"Lagavulin","floor":10,"turns":5},{"damage":0,"enemies":"Cultist","floor":14,"turns":2},{"damage":17,"enemies":"The Guardian","floor":16,"turns":9},{"damage":10,"enemies":"Spheric Guardian","floor":18,"turns":4},{"damage":0,"enemies":"Chosen","floor":19,"turns":4},{"damage":14,"enemies":"Snake Plant","floor":22,"turns":3},{"damage":6,"enemies":"Book of Stabbing","floor":24,"turns":4},{"damage":47,"enemies":"Gremlin Leader","floor":27,"turns":7},{"damage":5,"enemies":"Chosen and Byrds","floor":31,"turns":6},{"damage":72,"enemies":"Champ","floor":33,"turns":12}],"seed_played":"-1055006497104022462","potions_obtained":[{"floor":4,"key":"Energy Potion"},{"floor":14,"key":"Explosive Potion"},{"floor":27,"key":"Energy Potion"},{"floor":31,"key":"Weak Potion"}],"is_trial":false,"path_per_floor":["M","?","?","M","?","R","$","R","T","E","R","?","R","M","R","B",null,"M","M","?","$","M","R","E","R","T","E","?","R","$","M","R","B"],"character_chosen":"THE_SILENT","items_purchased":["Pear","Flying Knee","Apotheosis"],"campfire_rested":5,"item_purchase_floors":[7,7,21],"current_hp_per_floor":[45,34,27,27,27,48,58,58,58,51,75,75,75,77,77,62,76,68,70,55,55,43,68,64,64,64,19,19,44,44,41,66,0],"gold":30,"neow_bonus":"ONE_RARE_RELIC","is_prod":false,"is_daily":false,"chose_seed":false,"campfire_upgraded":0,"win_rate":0,"timestamp":1568833755,"path_taken":["M","?","?","M","?","R","?","R","T","E","R","?","R","?","R","BOSS","M","M","?","$","M","R","E","R","T","E","?","R","$","?","R","BOSS"],"build_version":"2019-07-17","purchased_purges":2,"victory":false,"max_hp_per_floor":[70,70,70,70,70,70,80,80,80,80,80,80,80,80,80,80,80,80,80,85,85,85,85,85,85,85,85,85,85,85,85,85,85],"card_choices":[{"not_picked":["Bane","Acrobatics"],"picked":"Backstab","floor":1},{"not_picked":["Underhanded Strike","Slice"],"picked":"PiercingWail","floor":4},{"not_picked":["Setup","Accuracy"],"picked":"Deadly Poison","floor":10},{"not_picked":["Acrobatics","Deflect"],"picked":"Bane","floor":14},{"not_picked":["Storm of Steel","Night Terror"],"picked":"Adrenaline","floor":16},{"not_picked":["Deflect","Flechettes"],"picked":"Underhanded Strike+1","floor":18},{"not_picked":["Escape Plan","Cloak And Dagger+1"],"picked":"Dagger Throw+1","floor":19},{"not_picked":["Bane","Accuracy"],"picked":"Dodge and Roll","floor":22},{"not_picked":["Doppelganger","Blur"],"picked":"Poisoned Stab","floor":24},{"not_picked":["Blade Dance","Slice+1"],"picked":"Distraction","floor":27},{"not_picked":["Eviscerate+1","Dodge and Roll"],"picked":"All Out Attack+1","floor":31}],"player_experience":250344,"relics_obtained":[{"floor":8,"key":"War Paint"},{"floor":9,"key":"Bronze Scales"},{"floor":10,"key":"Whetstone"},{"floor":13,"key":"Blood Vial"},{"floor":15,"key":"StoneCalendar"},{"floor":24,"key":"Molten Egg 2"},{"floor":25,"key":"Bottled Flame"},{"floor":27,"key":"Ginger"}],"event_choices":[{"damage_healed":0,"gold_gain":75,"player_choice":"Gather Gold","damage_taken":11,"max_hp_gain":0,"max_hp_loss":0,"event_name":"World of Goop","floor":2,"gold_loss":0},{"damage_healed":0,"gold_gain":0,"player_choice":"Success","damage_taken":7,"relics_obtained":["PreservedInsect"],"max_hp_gain":0,"max_hp_loss":0,"event_name":"Scrap Ooze","floor":3,"gold_loss":0},{"damage_healed":0,"gold_gain":175,"player_choice":"AGREE","damage_taken":0,"max_hp_gain":0,"max_hp_loss":0,"event_name":"Liars Game","floor":5,"gold_loss":0,"cards_obtained":["Doubt"]},{"damage_healed":0,"gold_gain":0,"player_choice":"Trade","damage_taken":0,"relics_obtained":["NlothsMask"],"max_hp_gain":0,"max_hp_loss":0,"event_name":"FaceTrader","floor":12,"gold_loss":0},{"damage_healed":0,"gold_gain":0,"player_choice":"Shed Blood","damage_taken":20,"max_hp_gain":5,"max_hp_loss":0,"event_name":"Forgotten Altar","floor":20,"gold_loss":0},{"damage_healed":0,"gold_gain":0,"player_choice":"Bought 0 Potions","damage_taken":0,"max_hp_gain":0,"max_hp_loss":0,"event_name":"The Woman in Blue","floor":28,"gold_loss":0}],"is_beta":false,"boss_relics":[{"not_picked":["Runic Pyramid","WristBlade"],"picked":"Cursed Key"}],"items_purged_floors":[7,30],"is_endless":false,"potions_floor_spawned":[4,14,27,31],"killed_by":"Champ","ascension_level":7}