{"gold_per_floor":[131,163,175,207,238,283,295,307,369,392,422,461,473,499,511,619,631,656,678,703,19,29,29,29,40,40,73,91,120,139,174,174,275,275,291,291,309,309,324,324,19,45,45,45,70,82,101,112,112,112],"floor_reached":50,"playtime":2376,"items_purged":["Writhe"],"score":680,"play_id":"ab72b14c-4c00-4cee-977e-da5057eedf65","local_time":"20190728201621","is_ascension_mode":false,"campfire_choices":[{"floor":8,"key":"REST"},{"floor":15,"key":"RECALL"},{"floor":23,"key":"REST"},{"floor":32,"key":"REST"},{"floor":40,"key":"REST"},{"floor":44,"key":"REST"},{"floor":49,"key":"REST"}],"neow_cost":"NONE","seed_source_timestamp":1014787671705379,"circlet_count":0,"master_deck":["Strike_R","Strike_R+1","Strike_R+1","Strike_R+1","Strike_R","Defend_R","Defend_R","Defend_R","Defend_R","Bash","Flex","Inflame","Cleave","Whirlwind","Sword Boomerang","Heavy Blade+1","Flex","Rupture","Pummel","Demon Form","Twin Strike","Whirlwind","Warcry","Bandage Up","Spot Weakness","Limit Break","Transmutation","Bloodletting","Heavy Blade","Burning Pact+1","Headbutt+1","Limit Break","Barricade","Twin Strike+1","Thunderclap","Impervious","Headbutt+1","Shockwave+1","Sentinel+1","Flex","Warcry","Sentinel+1","Fiend Fire","Heavy Blade","Inflame+1","Bloodletting+1"],"relics":["Burning Blood","MawBank","Matryoshka","Orichalcum","Strawberry","Boot","Fusion Hammer","Brimstone","Letter Opener","Blood Vial","Incense Burner","Pantograph","Mark of Pain","Red Skull","Omamori","Meat on the Bone","Whetstone"],"potions_floor_usage":[16,16,16,22,27,28,30,39,42,50,50,50],"damage_taken":[{"damage":0,"enemies":"2 Louse","floor":1,"turns":3},{"damage":6,"enemies":"Jaw Worm","floor":2,"turns":3},{"damage":10,"enemies":"Cultist","floor":4,"turns":4},{"damage":5,"enemies":"Exordium Wildlife","floor":5,"turns":3},{"damage":49,"enemies":"Lagavulin","floor":6,"turns":7},{"damage":20,"enemies":"Large Slime","floor":10,"turns":4},{"damage":4,"enemies":"Looter","floor":11,"turns":2},{"damage":10,"enemies":"3 Sentries","floor":12,"turns":5},{"damage":9,"enemies":"3 Louse","floor":14,"turns":3},{"damage":6,"enemies":"Slime Boss","floor":16,"turns":5},{"damage":18,"enemies":"2 Thieves","floor":18,"turns":4},{"damage":18,"enemies":"Spheric Guardian","floor":19,"turns":4},{"damage":15,"enemies":"Cultist and Chosen","floor":20,"turns":5},{"damage":28,"enemies":"Snake Plant","floor":22,"turns":4},{"damage":6,"enemies":"Sentry and Sphere","floor":25,"turns":3},{"damage":19,"enemies":"Book of Stabbing","floor":27,"turns":3},{"damage":11,"enemies":"Centurion and Healer","floor":28,"turns":3},{"damage":23,"enemies":"Gremlin Leader","floor":29,"turns":3},{"damage":22,"enemies":"Snecko","floor":30,"turns":5},{"damage":0,"enemies":"Slavers","floor":31,"turns":2},{"damage":40,"enemies":"Champ","floor":33,"turns":5},{"damage":38,"enemies":"3 Shapes","floor":35,"turns":2},{"damage":21,"enemies":"Orb Walker","floor":37,"turns":3},{"damage":51,"enemies":"Maw","floor":39,"turns":6},{"damage":33,"enemies":"Giant Head","floor":42,"turns":6},{"damage":18,"enemies":"Nemesis","floor":45,"turns":6},{"damage":4,"enemies":"3 Darklings","floor":46,"turns":2},{"damage":30,"enemies":"4 Shapes","floor":47,"turns":2},{"damage":28,"enemies":"Writhing Mass","floor":48,"turns":3},{"damage":103,"enemies":"Time Eater","floor":50,"turns":5}],"seed_played":"6697332206583095857","potions_obtained":[{"floor":6,"key":"AttackPotion"},{"floor":10,"key":"SkillPotion"},{"floor":12,"key":"EssenceOfSteel"},{"floor":16,"key":"Weak Potion"},{"floor":19,"key":"Block Potion"},{"floor":25,"key":"Dexterity Potion"},{"floor":31,"key":"Ancient Potion"},{"floor":33,"key":"Weak Potion"},{"floor":36,"key":"Energy Potion"},{"floor":36,"key":"Regen Potion"},{"floor":39,"key":"Fire Potion"},{"floor":42,"key":"Strength Potion"},{"floor":48,"key":"SteroidPotion"}],"is_trial":false,"path_per_floor":["M","M","$","M","M","E","?","R","T","M","M","E","?","M","R","B",null,"M","M","M","$","M","R","?","M","T","E","M","E","M","E","R","B",null,"M","?","M","?","M","R","$","E","T","R","E","M","M","M","R","B"],"character_chosen":"IRONCLAD","items_purchased":["Brimstone","Bandage Up","Spot Weakness","Limit Break","Transmutation","SteroidPotion","Red Skull","Flex","Warcry"],"campfire_rested":6,"item_purchase_floors":[21,21,21,21,21,21,41,41,41],"current_hp_per_floor":[80,80,80,76,77,34,18,42,49,35,37,33,33,30,30,30,87,75,63,54,54,36,62,62,62,62,49,50,35,21,29,55,48,87,59,59,46,68,38,64,64,43,43,69,63,67,57,49,75,0],"gold":112,"neow_bonus":"RANDOM_COMMON_RELIC","is_prod":false,"is_daily":false,"chose_seed":false,"campfire_upgraded":0,"win_rate":0,"timestamp":1564337781,"path_taken":["M","M","$","M","M","E","?","R","T","M","M","E","?","M","R","BOSS","M","M","M","$","M","R","?","M","T","E","M","E","M","E","R","BOSS","M","?","?","?","M","R","$","E","T","R","E","M","M","M","R","BOSS"],"build_version":"2019-07-17","purchased_purges":1,"victory":false,"max_hp_per_floor":[80,80,80,80,80,80,80,80,87,87,87,87,87,87,87,87,87,87,87,87,87,87,87,87,87,87,87,87,87,87,87,87,87,87,87,87,87,87,87,87,87,87,87,87,87,87,87,87,87,87],"card_choices":[{"not_picked":["Cleave","Battle Trance"],"picked":"Flex","floor":1},{"not_picked":["Uppercut","Body Slam"],"picked":"Inflame","floor":2},{"not_picked":["Reckless Charge","Clothesline"],"picked":"Cleave","floor":4},{"not_picked":["Body Slam","Headbutt"],"picked":"Whirlwind","floor":5},{"not_picked":["Pummel","Entrench"],"picked":"Sword Boomerang","floor":6},{"not_picked":["Cleave","Impervious"],"picked":"Heavy Blade","floor":10},{"not_picked":["Twin Strike","Perfected Strike"],"picked":"Flex","floor":11},{"not_picked":["Dropkick","Impervious"],"picked":"Rupture","floor":12},{"not_picked":["Corruption","Burning Pact"],"picked":"Pummel","floor":14},{"not_picked":["Limit Break","Juggernaut"],"picked":"Demon Form","floor":16},{"not_picked":["Havoc","Rage"],"picked":"Twin Strike","floor":18},{"not_picked":["Rage","Pommel Strike"],"picked":"Whirlwind","floor":19},{"not_picked":["Iron Wave","Evolve"],"picked":"Warcry","floor":20},{"not_picked":["Rage","Shrug It Off+1"],"picked":"Bloodletting","floor":22},{"not_picked":["True Grit","Anger"],"picked":"Burning Pact+1","floor":25},{"not_picked":["Wild Strike","Reckless Charge+1"],"picked":"Headbutt+1","floor":27},{"not_picked":["Headbutt","Pommel Strike"],"picked":"Limit Break","floor":28},{"not_picked":["Shrug It Off+1","Pommel Strike"],"picked":"Barricade","floor":29},{"not_picked":["Blood for Blood","Anger"],"picked":"Twin Strike","floor":30},{"not_picked":["Clothesline+1","Iron Wave"],"picked":"Thunderclap","floor":31},{"not_picked":["Immolate","Dark Embrace"],"picked":"Impervious","floor":33},{"not_picked":["Sentinel+1","Metallicize+1"],"picked":"Headbutt+1","floor":35},{"not_picked":["Anger","Rage"],"picked":"Shockwave+1","floor":37},{"not_picked":["Havoc+1","Perfected Strike"],"picked":"Sentinel+1","floor":39},{"not_picked":["Anger","Reckless Charge+1"],"picked":"Sentinel+1","floor":42},{"not_picked":["Cleave","Perfected Strike"],"picked":"Fiend Fire","floor":45},{"not_picked":["Body Slam","Armaments+1"],"picked":"Heavy Blade","floor":46},{"not_picked":["Iron Wave","Pummel+1"],"picked":"Inflame+1","floor":47},{"not_picked":["Body Slam+1","Whirlwind+1"],"picked":"Bloodletting+1","floor":48}],"player_experience":118066,"relics_obtained":[{"floor":6,"key":"Matryoshka"},{"floor":9,"key":"Orichalcum"},{"floor":9,"key":"Strawberry"},{"floor":12,"key":"Boot"},{"floor":26,"key":"Letter Opener"},{"floor":27,"key":"Blood Vial"},{"floor":29,"key":"Incense Burner"},{"floor":31,"key":"Pantograph"},{"floor":42,"key":"Omamori"},{"floor":43,"key":"Meat on the Bone"},{"floor":45,"key":"Whetstone"}],"event_choices":[{"damage_healed":0,"gold_gain":0,"player_choice":"Entered Light","damage_taken":16,"max_hp_gain":0,"max_hp_loss":0,"event_name":"Shining Light","floor":7,"gold_loss":0,"cards_upgraded":["Strike_R","Strike_R"]},{"damage_healed":0,"gold_gain":0,"player_choice":"Grow","damage_taken":0,"max_hp_gain":0,"max_hp_loss":0,"event_name":"Living Wall","floor":13,"gold_loss":0,"cards_upgraded":["Heavy Blade"]},{"damage_healed":0,"gold_gain":0,"player_choice":"Read","damage_taken":0,"max_hp_gain":0,"max_hp_loss":0,"event_name":"The Library","floor":24,"gold_loss":0,"cards_obtained":["Heavy Blade"]},{"damage_healed":0,"gold_gain":0,"player_choice":"Got Potions","damage_taken":0,"max_hp_gain":0,"max_hp_loss":0,"event_name":"Lab","floor":36,"gold_loss":0},{"damage_healed":22,"gold_gain":0,"player_choice":"Writhe","damage_taken":0,"max_hp_gain":0,"max_hp_loss":0,"event_name":"Winding Halls","floor":38,"gold_loss":0,"cards_obtained":["Writhe"]}],"is_beta":false,"boss_relics":[{"not_picked":["Runic Dome","White Beast Statue"],"picked":"Fusion Hammer"},{"not_picked":["Tiny House","Astrolabe"],"picked":"Mark of Pain"}],"items_purged_floors":[41],"is_endless":false,"potions_floor_spawned":[6,10,12,16,19,25,31,33,39,42,45,48],"killed_by":"Time Eater","ascension_level":0}