{"gold_per_floor":[111,111,77,87,47,47,76,92,92,92,107,142,217,233,233,338,338,355,270,289,322,322,352,372,372,372,406,423,423,23,36,36,139,139,156,173,395,405,35,68,68,68,91,91,116,169,21,38,38,38,38,38,38,66,66],"floor_reached":55,"playtime":6388,"items_purged":["Defend_P","Strike_P"],"score":798,"play_id":"24d80a7c-f9c3-48dc-b8a6-1c5f017087d3","local_time":"20190922131916","is_ascension_mode":false,"campfire_choices":[{"data":"WindmillStrike","floor":6.0,"key":"SMITH"},{"floor":10.0,"key":"REST"},{"floor":15.0,"key":"REST"},{"data":"BattleHymn","floor":25.0,"key":"SMITH"},{"data":"Ragnarok","floor":29.0,"key":"SMITH"},{"data":"CleanseEvil","floor":32.0,"key":"SMITH"},{"data":"Establishment","floor":41.0,"key":"SMITH"},{"data":"Crescendo","floor":44.0,"key":"SMITH"},{"floor":49.0,"key":"RECALL"},{"data":"1","floor":52.0,"key":"LIFT"}],"neow_cost":"NONE","seed_source_timestamp":446869827118000,"circlet_count":0,"master_deck":["Strike_P","Strike_P","Strike_P","Defend_P+1","Defend_P","Defend_P+1","Eruption","Vigilance","Corpse Explosion+1","WindmillStrike+1","SashWhip+1","CleanseEvil+1","Establishment+1","SandsOfTime+1","Wireheading","Crescendo+1","Ragnarok+1","FearNoEvil","ClearTheMind+1","BattleHymn+1","FlowState+1","Consecrate+1","Brilliance+1","Consecrate+1","FollowUp+1"],"special_seed":0,"relics":["PureWater","Bag of Preparation","TungstenRod","Torii","Whetstone","VioletLotus","Gambling Chip","Red Mask","Calipers","Bag of Marbles","Lizard Tail","Toxic Egg 2","Lee\u0027s Waffle","Coffee Dripper","War Paint","Omamori","Prayer Wheel","Gremlin Horn","Girya","Ornamental Fan"],"potions_floor_usage":[],"damage_taken":[{"damage":0.0,"enemies":"Cultist","floor":1.0,"turns":2.0},{"damage":0.0,"enemies":"2 Louse","floor":4.0,"turns":2.0},{"damage":27.0,"enemies":"Lagavulin","floor":7.0,"turns":4.0},{"damage":0.0,"enemies":"Small Slimes","floor":8.0,"turns":2.0},{"damage":6.0,"enemies":"Looter","floor":11.0,"turns":2.0},{"damage":7.0,"enemies":"3 Sentries","floor":12.0,"turns":3.0},{"damage":5.0,"enemies":"3 Louse","floor":14.0,"turns":2.0},{"damage":1.0,"enemies":"Hexaghost","floor":16.0,"turns":5.0},{"damage":0.0,"enemies":"3 Byrds","floor":18.0,"turns":2.0},{"damage":9.0,"enemies":"Spheric Guardian","floor":20.0,"turns":4.0},{"damage":0.0,"enemies":"Masked Bandits","floor":21.0,"turns":1.0},{"damage":11.0,"enemies":"Book of Stabbing","floor":23.0,"turns":3.0},{"damage":0.0,"enemies":"3 Cultists","floor":24.0,"turns":2.0},{"damage":0.0,"enemies":"Slavers","floor":27.0,"turns":1.0},{"damage":0.0,"enemies":"Snake Plant","floor":28.0,"turns":2.0},{"damage":5.0,"enemies":"Centurion and Healer","floor":31.0,"turns":2.0},{"damage":37.0,"enemies":"Automaton","floor":33.0,"turns":5.0},{"damage":7.0,"enemies":"3 Shapes","floor":35.0,"turns":2.0},{"damage":11.0,"enemies":"3 Darklings","floor":36.0,"turns":2.0},{"damage":0.0,"enemies":"4 Shapes","floor":38.0,"turns":2.0},{"damage":29.0,"enemies":"Reptomancer","floor":40.0,"turns":3.0},{"damage":26.0,"enemies":"Giant Head","floor":45.0,"turns":6.0},{"damage":36.0,"enemies":"2 Orb Walkers","floor":46.0,"turns":3.0},{"damage":6.0,"enemies":"Sphere and 2 Shapes","floor":48.0,"turns":2.0},{"damage":156.0,"enemies":"Awakened One","floor":50.0,"turns":6.0},{"damage":44.0,"enemies":"Shield and Spear","floor":54.0,"turns":3.0},{"damage":86,"enemies":"The Heart","floor":55,"turns":3}],"seed_played":"8387966607676605153","potions_obtained":[{"floor":5.0,"key":"BottledMiracle"},{"floor":5.0,"key":"Explosive Potion"},{"floor":5.0,"key":"EssenceOfSteel"},{"floor":7.0,"key":"FearPotion"},{"floor":11.0,"key":"Ancient Potion"},{"floor":16.0,"key":"AttackPotion"},{"floor":18.0,"key":"SpeedPotion"},{"floor":20.0,"key":"BottledMiracle"},{"floor":23.0,"key":"SteroidPotion"},{"floor":31.0,"key":"DuplicationPotion"},{"floor":36.0,"key":"StancePotion"},{"floor":38.0,"key":"SkillPotion"},{"floor":40.0,"key":"Weak Potion"}],"is_trial":false,"path_per_floor":["M","?","$","M","?","R","E","M","T","R","M","E","?","M","R","B",null,"M","?","M","?","?","E","M","R","T","E","M","R","$","M","R","B",null,"M","M","?","M","$","E","R","?","T","R","E","?","$","M","R","B",null,"R","$","E","B"],"character_chosen":"WATCHER","items_purchased":["WindmillStrike","Toxic Egg 2","Lee\u0027s Waffle","War Paint","Omamori","Energy Potion"],"campfire_rested":2,"item_purchase_floors":[3,30,30,39,39,47],"current_hp_per_floor":[65,65,65,65,65,65,38,38,38,57,51,44,34,29,48,47,65,65,65,56,56,56,45,45,45,45,45,45,45,72,67,67,30,72,65,61,61,72,72,43,43,61,61,61,47,31,31,49,49,5,72,72,72,28,0],"gold":66,"neow_bonus":"RANDOM_COMMON_RELIC","is_prod":false,"is_daily":false,"chose_seed":false,"campfire_upgraded":6,"win_rate":0,"timestamp":1569183556,"path_taken":["M","?","$","?","?","R","E","M","T","R","?","E","?","M","R","BOSS","M","?","M","?","?","E","M","R","T","E","M","R","$","M","R","BOSS","M","M","?","M","$","E","R","?","T","R","E","?","$","?","R","BOSS","R","$","E","BOSS"],"build_version":"2019-09-20","purchased_purges":2,"victory":false,"max_hp_per_floor":[65,65,65,65,65,65,65,65,65,65,65,65,65,65,65,65,65,65,65,65,65,65,65,65,65,65,65,65,65,72,72,72,72,72,72,72,72,72,72,72,72,72,72,72,72,72,72,72,72,72,72,72,72,72,72],"card_choices":[{"not_picked":["Protect","Halt"],"picked":"Consecrate","floor":1.0},{"not_picked":["StepAndStrike","TalkToTheHand"],"picked":"SashWhip","floor":4.0},{"not_picked":["TalkToTheHand","SpiritShield"],"picked":"CleanseEvil","floor":7.0},{"not_picked":["Wallop","Collect"],"picked":"Establishment","floor":8.0},{"not_picked":["Consecrate","CutThroughFate"],"picked":"SandsOfTime","floor":11.0},{"not_picked":["InnerPeace","WreathOfFlame"],"picked":"Wireheading","floor":12.0},{"not_picked":["ClearTheMind","Halt"],"picked":"Crescendo","floor":14.0},{"not_picked":["Alpha","Wish"],"picked":"Ragnarok","floor":16.0},{"not_picked":["CrushJoints","Perseverance","Weave"],"picked":"SKIP","floor":18.0},{"not_picked":["Crescendo","CrushJoints"],"picked":"FearNoEvil","floor":20.0},{"not_picked":["SashWhip","Scrawl"],"picked":"ClearTheMind+1","floor":21.0},{"not_picked":["CutThroughFate","CleanseEvil","WindmillStrike"],"picked":"SKIP","floor":23.0},{"not_picked":["SashWhip","FlurryOfBlows"],"picked":"FlowState+1","floor":24.0},{"not_picked":["EmptyFist","Omniscience","Crescendo"],"picked":"SKIP","floor":27.0},{"not_picked":["CrushJoints","Weave","EmptyBody+1"],"picked":"SKIP","floor":28.0},{"not_picked":["Crescendo+1","Metaphysics+1"],"picked":"Consecrate+1","floor":31.0},{"not_picked":["Wish+1","Adaptation"],"picked":"Brilliance+1","floor":33.0},{"not_picked":["Halt+1","ClearTheMind+1","ThirdEye+1"],"picked":"SKIP","floor":35.0},{"not_picked":["StepAndStrike+1","CrushJoints+1","Prostrate+1"],"picked":"SKIP","floor":36.0},{"not_picked":["EmptyFist+1","BattleHymn+1","SpiritShield+1"],"picked":"SKIP","floor":38.0},{"not_picked":["Alpha+1","Swivel+1","CrushJoints"],"picked":"SKIP","floor":40.0},{"not_picked":["Establishment+1","WreathOfFlame+1"],"picked":"Consecrate+1","floor":45.0},{"not_picked":["SashWhip+1","ThirdEye+1"],"picked":"FollowUp+1","floor":48.0},{"not_picked":["Nirvana","FearNoEvil+1","EmptyFist+1"],"picked":"SKIP","floor":48.0},{"not_picked":["EmptyMind+1","ThirdEye+1","Meditate+1"],"picked":"SKIP","floor":54.0}],"player_experience":271343,"relics_obtained":[{"floor":7.0,"key":"TungstenRod"},{"floor":9.0,"key":"Torii"},{"floor":12.0,"key":"Whetstone"},{"floor":21.0,"key":"Red Mask"},{"floor":23.0,"key":"Calipers"},{"floor":26.0,"key":"Bag of Marbles"},{"floor":27.0,"key":"Lizard Tail"},{"floor":40.0,"key":"Prayer Wheel"},{"floor":45.0,"key":"Gremlin Horn"},{"floor":46.0,"key":"Girya"},{"floor":54.0,"key":"Ornamental Fan"}],"event_choices":[{"cards_removed":["Consecrate"],"damage_healed":0.0,"max_hp_gain":0.0,"max_hp_loss":0.0,"gold_gain":0.0,"event_name":"NoteForYourself","player_choice":"Took Card","floor":2.0,"gold_loss":0.0,"damage_taken":0.0,"cards_obtained":["Corpse Explosion"]},{"damage_healed":0.0,"max_hp_gain":0.0,"max_hp_loss":0.0,"gold_gain":0.0,"event_name":"The Woman in Blue","player_choice":"Bought 3 Potions","floor":5.0,"gold_loss":0.0,"damage_taken":0.0},{"damage_healed":0.0,"max_hp_gain":0.0,"max_hp_loss":0.0,"gold_gain":75.0,"event_name":"World of Goop","player_choice":"Gather Gold","floor":13.0,"gold_loss":0.0,"damage_taken":11.0},{"damage_healed":0.0,"max_hp_gain":0.0,"max_hp_loss":0.0,"gold_gain":0.0,"event_name":"Addict","player_choice":"Obtained Relic","floor":19.0,"gold_loss":85.0,"damage_taken":0.0,"relics_obtained":["Gambling Chip"]},{"damage_healed":0.0,"max_hp_gain":0.0,"max_hp_loss":0.0,"gold_gain":0.0,"event_name":"Masked Bandits","player_choice":"Fought Bandits","floor":21.0,"gold_loss":0.0,"damage_taken":0.0},{"damage_healed":0.0,"max_hp_gain":0.0,"max_hp_loss":0.0,"gold_gain":0.0,"event_name":"The Library","player_choice":"Read","floor":22.0,"gold_loss":0.0,"damage_taken":0.0,"cards_obtained":["BattleHymn"]},{"damage_healed":0.0,"max_hp_gain":0.0,"max_hp_loss":0.0,"gold_gain":222.0,"event_name":"Tomb of Lord Red Mask","player_choice":"Wore Mask","floor":37.0,"gold_loss":0.0,"damage_taken":0.0},{"damage_healed":18.0,"max_hp_gain":0.0,"max_hp_loss":0.0,"gold_gain":0.0,"event_name":"Winding Halls","player_choice":"Writhe","floor":42.0,"gold_loss":0.0,"damage_taken":0.0,"cards_obtained":["Writhe"]},{"damage_healed":0.0,"max_hp_gain":0.0,"max_hp_loss":0.0,"gold_gain":0.0,"event_name":"Mysterious Sphere","player_choice":"Fight","floor":46.0,"gold_loss":0.0,"damage_taken":0.0}],"is_beta":true,"boss_relics":[{"not_picked":["Snecko Eye","Fusion Hammer"],"picked":"VioletLotus"},{"not_picked":["Tiny House","Sozu"],"picked":"Coffee Dripper"}],"items_purged_floors":[39,47],"is_endless":false,"potions_floor_spawned":[7,11,16,18,20,23,31,36,38,40],"killed_by":"The Heart","ascension_level":0}