{"gold_per_floor":[10,10,185,135,210,244,244,270,270,121,121,121,121,138,138,243,243,262,281,38,57,67,67,101,101,101,113,123,123,123,154,154,250,250,269,269,269,279,298,298,2,33,33,33,43,43,78,92,92,92],"floor_reached":51,"playtime":3183,"items_purged":["Strike_B"],"score":914,"play_id":"c75d4078-0194-4d20-bf8f-acbdaf001b0a","local_time":"20190915084138","is_ascension_mode":true,"campfire_choices":[{"data":"Zap","floor":7,"key":"SMITH"},{"data":"Storm","floor":11,"key":"SMITH"},{"data":"Hello World","floor":15,"key":"SMITH"},{"data":"Creative AI","floor":23,"key":"SMITH"},{"floor":25,"key":"REST"},{"floor":30,"key":"REST"},{"floor":32,"key":"REST"},{"floor":40,"key":"REST"},{"floor":44,"key":"REST"},{"floor":49,"key":"REST"}],"neow_cost":"NO_GOLD","seed_source_timestamp":2898546162157700,"circlet_count":0,"master_deck":["Defend_B","Defend_B","Defend_B","Defend_B","Zap+1","Dualcast","Self Repair+1","Gash","Storm+1","Hello World+1","FTL","Chill","Creative AI+1","Steam","Lockon+1","Loop+1","Gash","Heatsinks+1","Stack","BootSequence","Gash","Thunder Strike","Coolheaded+1","Core Surge+1","Self Repair+1","Tempest+1","Auto Shields+1","Gash+1","Magnetism+1","Lockon","White Noise+1","Capacitor+1","Leap"],"relics":["Cracked Core","Oddly Smooth Stone","Ornamental Fan","Pantograph","Vajra","Inserter","Frozen Egg 2","Potion Belt","Mummified Hand","Nilry\u0027s Codex","Bottled Flame","Astrolabe","Sundial","Kunai","Pocketwatch"],"potions_floor_usage":[6,31,33,48,50,50],"damage_taken":[{"damage":4,"enemies":"Jaw Worm","floor":1,"turns":4},{"damage":35,"enemies":"3 Sentries","floor":6,"turns":7},{"damage":16,"enemies":"Lagavulin","floor":8,"turns":7},{"damage":0,"enemies":"2 Louse","floor":14,"turns":2},{"damage":0,"enemies":"Slime Boss","floor":16,"turns":8},{"damage":6,"enemies":"Chosen","floor":18,"turns":4},{"damage":0,"enemies":"Spheric Guardian","floor":19,"turns":3},{"damage":25,"enemies":"Snecko","floor":21,"turns":5},{"damage":28,"enemies":"Cultist and Chosen","floor":22,"turns":5},{"damage":52,"enemies":"Book of Stabbing","floor":24,"turns":5},{"damage":13,"enemies":"Centurion and Healer","floor":27,"turns":6},{"damage":9,"enemies":"Sentry and Sphere","floor":28,"turns":5},{"damage":24,"enemies":"Slavers","floor":31,"turns":5},{"damage":19,"enemies":"Automaton","floor":33,"turns":7},{"damage":58,"enemies":"3 Darklings","floor":35,"turns":4},{"damage":4,"enemies":"Orb Walker","floor":38,"turns":3},{"damage":34,"enemies":"3 Darklings","floor":39,"turns":5},{"damage":27,"enemies":"Giant Head","floor":42,"turns":7},{"damage":4,"enemies":"Jaw Worm Horde","floor":45,"turns":3},{"damage":57,"enemies":"Reptomancer","floor":47,"turns":5},{"damage":20,"enemies":"Sphere and 2 Shapes","floor":48,"turns":4},{"damage":38,"enemies":"Awakened One","floor":50,"turns":8}],"seed_played":"-3059623601840514060","potions_obtained":[{"floor":1,"key":"Regen Potion"},{"floor":6,"key":"SteroidPotion"},{"floor":18,"key":"Explosive Potion"},{"floor":19,"key":"SneckoOil"},{"floor":21,"key":"FairyPotion"},{"floor":24,"key":"Strength Potion"},{"floor":28,"key":"Swift Potion"},{"floor":35,"key":"EssenceOfSteel"},{"floor":39,"key":"Dexterity Potion"},{"floor":47,"key":"FairyPotion"}],"is_trial":false,"path_per_floor":["M","?","?","?","?","E","R","E","T","$","R","$","T","M","R","B",null,"M","M","$","M","M","R","E","R","T","M","M","?","R","E","R","B",null,"M","?","$","M","M","R","$","E","T","R","M","$","E","M","R","B",null],"character_chosen":"DEFECT","items_purchased":["Hello World","FTL","Frozen Egg 2","Magnetism+1","Lockon"],"campfire_rested":6,"item_purchase_floors":[10,10,20,41,41],"current_hp_per_floor":[85,85,85,85,74,64,64,58,58,58,58,58,58,68,68,89,89,89,89,89,74,56,56,4,30,30,27,28,12,38,24,50,66,89,51,51,51,57,43,69,69,62,62,88,89,89,52,42,68,71],"gold":92,"neow_bonus":"TWENTY_PERCENT_HP_BONUS","is_prod":false,"is_daily":false,"chose_seed":false,"campfire_upgraded":4,"win_rate":0,"timestamp":1568529698,"path_taken":["M","?","?","?","?","E","R","E","T","?","R","?","?","M","R","BOSS","M","M","$","M","M","R","E","R","T","M","?","?","R","E","R","BOSS","M","?","?","M","M","R","$","E","T","R","M","$","E","?","R","BOSS"],"build_version":"2019-07-17","purchased_purges":1,"victory":true,"max_hp_per_floor":[89,89,89,89,89,89,89,89,89,89,89,89,89,89,89,89,89,89,89,89,89,89,89,89,89,89,89,89,89,89,89,89,89,89,89,89,89,89,89,89,89,89,89,89,89,89,89,89,89,89],"card_choices":[{"not_picked":["Heatsinks","Leap"],"picked":"Self Repair","floor":1},{"not_picked":["Sweeping Beam","Turbo"],"picked":"Gash","floor":6},{"not_picked":["Rebound","Steam"],"picked":"Storm","floor":8},{"not_picked":["Go for the Eyes","Turbo"],"picked":"Chill","floor":14},{"not_picked":["Rainbow","Reboot"],"picked":"Creative AI","floor":16},{"not_picked":["Rebound","Fusion"],"picked":"Steam","floor":18},{"not_picked":["Beam Cell","Barrage+1"],"picked":"Lockon+1","floor":19},{"not_picked":["Streamline+1","Stack"],"picked":"Loop+1","floor":21},{"not_picked":["Sunder","Hyperbeam"],"picked":"Gash","floor":22},{"not_picked":["Tempest","Coolheaded+1"],"picked":"Heatsinks+1","floor":24},{"not_picked":["Blizzard","Cold Snap+1"],"picked":"Stack","floor":27},{"not_picked":["Hyperbeam","Rebound"],"picked":"BootSequence","floor":28},{"not_picked":["Fusion","Rip and Tear"],"picked":"Gash","floor":31},{"not_picked":["Fission","Meteor Strike"],"picked":"Thunder Strike","floor":33},{"not_picked":["Compile Driver","Barrage+1"],"picked":"Tempest+1","floor":35},{"not_picked":["Streamline","Undo"],"picked":"Auto Shields+1","floor":38},{"not_picked":["Turbo","Genetic Algorithm+1"],"picked":"Gash+1","floor":39},{"not_picked":["Barrage","Creative AI+1"],"picked":"White Noise+1","floor":42},{"not_picked":["Beam Cell","Redo","Fusion"],"picked":"SKIP","floor":45},{"not_picked":["Cold Snap+1","Scrape+1"],"picked":"Capacitor+1","floor":47},{"not_picked":["Genetic Algorithm+1","Fusion+1"],"picked":"Leap","floor":48}],"player_experience":198040,"relics_obtained":[{"floor":6,"key":"Oddly Smooth Stone"},{"floor":8,"key":"Ornamental Fan"},{"floor":9,"key":"Pantograph"},{"floor":13,"key":"Vajra"},{"floor":24,"key":"Potion Belt"},{"floor":26,"key":"Mummified Hand"},{"floor":29,"key":"Nilry\u0027s Codex"},{"floor":31,"key":"Bottled Flame"},{"floor":42,"key":"Sundial"},{"floor":43,"key":"Kunai"},{"floor":47,"key":"Pocketwatch"}],"event_choices":[{"damage_healed":0,"gold_gain":0,"player_choice":"Grow","damage_taken":0,"max_hp_gain":0,"max_hp_loss":0,"event_name":"Living Wall","floor":2,"gold_loss":0,"cards_upgraded":["Self Repair"]},{"damage_healed":0,"gold_gain":175,"player_choice":"AGREE","damage_taken":0,"max_hp_gain":0,"max_hp_loss":0,"event_name":"Liars Game","floor":3,"gold_loss":0,"cards_obtained":["Doubt"]},{"cards_removed":["Doubt"],"damage_healed":0,"gold_gain":0,"player_choice":"Card Removal","damage_taken":0,"max_hp_gain":0,"max_hp_loss":0,"event_name":"The Cleric","floor":4,"gold_loss":50},{"damage_healed":0,"gold_gain":75,"player_choice":"Gather Gold","damage_taken":11,"max_hp_gain":0,"max_hp_loss":0,"event_name":"World of Goop","floor":5,"gold_loss":0},{"damage_healed":0,"gold_gain":0,"player_choice":"Obtained Book","damage_taken":16,"max_hp_gain":0,"max_hp_loss":0,"event_name":"Cursed Tome","floor":29,"gold_loss":0},{"damage_healed":0,"gold_gain":0,"player_choice":"0 cards matched","damage_taken":0,"max_hp_gain":0,"max_hp_loss":0,"event_name":"Match and Keep!","floor":36,"gold_loss":0,"cards_obtained":[]}],"is_beta":false,"boss_relics":[{"not_picked":["Philosopher\u0027s Stone","Velvet Choker"],"picked":"Inserter"},{"not_picked":["Snecko Eye","Cursed Key"],"picked":"Astrolabe"}],"items_purged_floors":[41],"is_endless":false,"potions_floor_spawned":[1,6,18,19,21,24,28,35,39,47],"ascension_level":3}