{"gold_per_floor":[117,132,27,45,56,82,96,46,46,72,347,347,347,421,421,421],"floor_reached":16,"playtime":689,"items_purged":[],"score":138,"play_id":"a8004293-da92-4e47-baa6-31a1eca2c8dc","local_time":"20190915093427","is_ascension_mode":true,"campfire_choices":[{"floor":12,"key":"REST"},{"floor":15,"key":"REST"}],"neow_cost":"NONE","seed_source_timestamp":2904220131868000,"circlet_count":0,"master_deck":["Strike_G","Strike_G","Strike_G","Strike_G","Defend_G+1","Defend_G","Defend_G","Defend_G+1","Defend_G","Survivor","Neutralize","Quick Slash","Sucker Punch","Footwork","Bouncing Flask","Deadly Poison","Sucker Punch","Footwork","Crippling Poison","Heel Hook","Regret"],"relics":["Sozu","Juzu Bracelet","Matryoshka","Gremlin Horn","Orichalcum","Kunai"],"potions_floor_usage":[],"damage_taken":[{"damage":0,"enemies":"Cultist","floor":1,"turns":3},{"damage":0,"enemies":"Jaw Worm","floor":2,"turns":3},{"damage":0,"enemies":"Small Slimes","floor":4,"turns":3},{"damage":0,"enemies":"Blue Slaver","floor":5,"turns":4},{"damage":14,"enemies":"Lagavulin","floor":6,"turns":7},{"damage":16,"enemies":"Exordium Wildlife","floor":7,"turns":5},{"damage":34,"enemies":"3 Sentries","floor":10,"turns":9},{"damage":45,"enemies":"Slime Boss","floor":16,"turns":6}],"seed_played":"8832590346674984842","potions_obtained":[],"is_trial":false,"path_per_floor":["M","M","$","M","M","E","M","?","T","E","?","R","?","T","R","B"],"character_chosen":"THE_SILENT","items_purchased":["Footwork","Bouncing Flask"],"campfire_rested":2,"item_purchase_floors":[3,3],"current_hp_per_floor":[70,70,70,70,70,56,40,40,40,6,6,27,13,13,34,0],"gold":421,"neow_bonus":"BOSS_RELIC","is_prod":false,"is_daily":false,"chose_seed":false,"campfire_upgraded":0,"win_rate":0,"timestamp":1568532867,"path_taken":["M","M","?","M","M","E","M","?","T","E","?","R","?","?","R","BOSS"],"build_version":"2019-07-17","purchased_purges":0,"victory":false,"max_hp_per_floor":[70,70,70,70,70,70,70,70,70,70,70,70,70,70,70,70],"card_choices":[{"not_picked":["PiercingWail","Dagger Throw"],"picked":"Quick Slash","floor":1},{"not_picked":["Dagger Throw","Venomology"],"picked":"Sucker Punch","floor":2},{"not_picked":["Quick Slash","Outmaneuver"],"picked":"Deadly Poison","floor":4},{"not_picked":["Expertise","Flechettes"],"picked":"Sucker Punch","floor":5},{"not_picked":["Deflect","Bane"],"picked":"Footwork","floor":6},{"not_picked":["Deadly Poison","Flying Knee"],"picked":"Crippling Poison","floor":7},{"not_picked":["Deflect","Storm of Steel"],"picked":"Heel Hook","floor":10}],"player_experience":201223,"relics_obtained":[{"floor":6,"key":"Juzu Bracelet"},{"floor":9,"key":"Matryoshka"},{"floor":10,"key":"Gremlin Horn"},{"floor":14,"key":"Orichalcum"},{"floor":14,"key":"Kunai"}],"event_choices":[{"cards_removed":["Strike_G"],"damage_healed":0,"gold_gain":0,"player_choice":"Card Removal","damage_taken":0,"max_hp_gain":0,"max_hp_loss":0,"event_name":"The Cleric","floor":8,"gold_loss":50},{"damage_healed":0,"gold_gain":275,"player_choice":"Desecrate","damage_taken":0,"max_hp_gain":0,"max_hp_loss":0,"event_name":"Golden Shrine","floor":11,"gold_loss":0,"cards_obtained":["Regret"]},{"damage_healed":0,"gold_gain":0,"player_choice":"Entered Light","damage_taken":14,"max_hp_gain":0,"max_hp_loss":0,"event_name":"Shining Light","floor":13,"gold_loss":0,"cards_upgraded":["Defend_G","Defend_G"]}],"is_beta":false,"boss_relics":[],"items_purged_floors":[],"is_endless":false,"potions_floor_spawned":[2,5],"killed_by":"Slime Boss","ascension_level":5}