{"gold_per_floor":[114,125,125,125,135,169,181,191,191,211,238,163,173,192,192,291,291,302,319,74,74,91,118,137,147,174,174,208,225,100,119,119,119],"floor_reached":33,"playtime":1891,"items_purged":["Defend_R","Strike_R","Defend_R"],"score":422,"play_id":"9f7e30bf-1765-49f1-85cb-554973a3d974","local_time":"20190923051439","is_ascension_mode":true,"campfire_choices":[{"data":"Bash","floor":15.0,"key":"SMITH"},{"floor":27.0,"key":"REST"},{"floor":32,"key":"REST"}],"neow_cost":"PERCENT_DAMAGE","seed_source_timestamp":3578134590909800,"circlet_count":0,"master_deck":["Strike_R","Strike_R","Strike_R","Defend_R+1","Defend_R+1","Bash+1","Dropkick","Shrug It Off"],"special_seed":0,"relics":["Burning Blood","StoneCalendar","FaceOfCleric","Lantern","War Paint","Happy Flower","Fusion Hammer","Orichalcum","Pear","Red Skull","Ancient Tea Set"],"potions_floor_usage":[28,28,31,33,33],"damage_taken":[{"damage":1.0,"enemies":"2 Louse","floor":1.0,"turns":4.0},{"damage":1.0,"enemies":"Cultist","floor":2.0,"turns":3.0},{"damage":0.0,"enemies":"Small Slimes","floor":5.0,"turns":3.0},{"damage":16.0,"enemies":"Gremlin Nob","floor":6.0,"turns":4.0},{"damage":29.0,"enemies":"Gremlin Gang","floor":7.0,"turns":7.0},{"damage":18.0,"enemies":"Exordium Thugs","floor":8.0,"turns":4.0},{"damage":1.0,"enemies":"2 Fungi Beasts","floor":10.0,"turns":3.0},{"damage":27.0,"enemies":"3 Sentries","floor":11.0,"turns":7.0},{"damage":0.0,"enemies":"Blue Slaver","floor":13.0,"turns":4.0},{"damage":0.0,"enemies":"Looter","floor":14.0,"turns":3.0},{"damage":32.0,"enemies":"Slime Boss","floor":16.0,"turns":8.0},{"damage":8.0,"enemies":"Shell Parasite","floor":18.0,"turns":7.0},{"damage":3.0,"enemies":"3 Byrds","floor":19.0,"turns":5.0},{"damage":17.0,"enemies":"Snake Plant","floor":22.0,"turns":6.0},{"damage":37.0,"enemies":"Book of Stabbing","floor":23.0,"turns":5.0},{"damage":24.0,"enemies":"Cultist and Chosen","floor":24.0,"turns":7.0},{"damage":9.0,"enemies":"Snecko","floor":25.0,"turns":6.0},{"damage":43,"enemies":"Gremlin Leader","floor":28,"turns":7},{"damage":1,"enemies":"Centurion and Healer","floor":29,"turns":5},{"damage":2,"enemies":"Shelled Parasite and Fungi","floor":31,"turns":3},{"damage":76,"enemies":"Automaton","floor":33,"turns":8}],"seed_played":"5073890450093201545","potions_obtained":[{"floor":1.0,"key":"Swift Potion"},{"floor":2.0,"key":"SpeedPotion"},{"floor":8.0,"key":"BloodPotion"},{"floor":10.0,"key":"Regen Potion"},{"floor":14.0,"key":"SkillPotion"},{"floor":19.0,"key":"LiquidBronze"},{"floor":21.0,"key":"AttackPotion"},{"floor":21.0,"key":"FearPotion"},{"floor":24.0,"key":"PowerPotion"},{"floor":25.0,"key":"SpeedPotion"},{"floor":29,"key":"AttackPotion"},{"floor":31,"key":"Strength Potion"}],"is_trial":false,"path_per_floor":["M","M","?","?","M","E","M","M","T","M","E","$","M","M","R","B",null,"M","M","$","?","M","E","M","M","T","R","E","M","$","M","R","B"],"character_chosen":"IRONCLAD","items_purchased":["Orichalcum"],"campfire_rested":2,"item_purchase_floors":[20],"current_hp_per_floor":[56,61,61,61,68,59,37,26,26,32,27,27,34,41,41,38,76,75,79,79,79,69,49,32,30,30,61,25,31,31,36,68,0],"gold":119,"neow_bonus":"ONE_RARE_RELIC","is_prod":false,"is_daily":false,"chose_seed":false,"campfire_upgraded":1,"win_rate":0,"timestamp":1569208479,"path_taken":["M","M","?","?","M","E","M","M","T","M","E","$","?","M","R","BOSS","M","M","$","?","M","E","M","M","T","R","E","M","$","M","R","BOSS"],"build_version":"2019-07-17","purchased_purges":3,"victory":false,"max_hp_per_floor":[80,80,80,80,81,82,83,84,84,85,86,86,87,88,88,89,89,90,91,91,91,92,103,104,105,105,105,106,107,107,108,108,108],"card_choices":[{"not_picked":["Anger","Intimidate"],"picked":"Dropkick","floor":1.0},{"not_picked":["Metallicize","Carnage"],"picked":"Shrug It Off","floor":2.0},{"not_picked":["Clash","Body Slam","Exhume"],"picked":"SKIP","floor":5.0},{"not_picked":["Intimidate","Double Tap","Clothesline"],"picked":"SKIP","floor":6.0},{"not_picked":["Perfected Strike","Clothesline","Warcry"],"picked":"SKIP","floor":7.0},{"not_picked":["Sword Boomerang","Metallicize","Seeing Red"],"picked":"SKIP","floor":8.0},{"not_picked":["Spot Weakness","Metallicize","Uppercut"],"picked":"SKIP","floor":10.0},{"not_picked":["Clash","Body Slam","Clothesline"],"picked":"SKIP","floor":11.0},{"not_picked":["Bloodletting","Havoc","Clash"],"picked":"SKIP","floor":13.0},{"not_picked":["Wild Strike","Flame Barrier","Pummel"],"picked":"SKIP","floor":14.0},{"not_picked":["Bloodletting+1","Flex","Feel No Pain"],"picked":"SKIP","floor":18.0},{"not_picked":["Wild Strike+1","Shrug It Off+1","Iron Wave"],"picked":"SKIP","floor":19.0},{"not_picked":["Iron Wave+1","Armaments+1","Clothesline"],"picked":"SKIP","floor":22.0},{"not_picked":["Cleave","Heavy Blade+1","Headbutt"],"picked":"SKIP","floor":23.0},{"not_picked":["Body Slam","Armaments","Barricade"],"picked":"SKIP","floor":24.0},{"not_picked":["Warcry+1","Cleave","Disarm"],"picked":"SKIP","floor":25.0},{"not_picked":["Sentinel","Havoc","Headbutt"],"picked":"SKIP","floor":28},{"not_picked":["Cleave","Wild Strike","Perfected Strike"],"picked":"SKIP","floor":29},{"not_picked":["Inflame","Thunderclap","Sword Boomerang"],"picked":"SKIP","floor":31}],"player_experience":310324,"relics_obtained":[{"floor":6.0,"key":"Lantern"},{"floor":9.0,"key":"War Paint"},{"floor":11.0,"key":"Happy Flower"},{"floor":23.0,"key":"Pear"},{"floor":26.0,"key":"Red Skull"},{"floor":28,"key":"Ancient Tea Set"}],"event_choices":[{"cards_removed":["Strike_R"],"damage_healed":0.0,"max_hp_gain":0.0,"max_hp_loss":0.0,"gold_gain":0.0,"event_name":"Living Wall","player_choice":"Forget","floor":3.0,"gold_loss":0.0,"damage_taken":0.0},{"damage_healed":0.0,"max_hp_gain":0.0,"max_hp_loss":0.0,"gold_gain":0.0,"event_name":"FaceTrader","player_choice":"Trade","floor":4.0,"gold_loss":0.0,"damage_taken":0.0,"relics_obtained":["FaceOfCleric"]},{"damage_healed":0.0,"max_hp_gain":0.0,"max_hp_loss":0.0,"gold_gain":0.0,"event_name":"Lab","player_choice":"Got Potions","floor":21.0,"gold_loss":0.0,"damage_taken":0.0}],"is_beta":false,"boss_relics":[{"not_picked":["Black Star","Tiny House"],"picked":"Fusion Hammer"}],"items_purged_floors":[12,20,30],"is_endless":false,"potions_floor_spawned":[1,2,8,10,14,19,24,25,29,31],"killed_by":"Automaton","ascension_level":6}