{"gold_per_floor":[116,132,132,92,110,110,110,128,128,146,146,178,129,142,142,244,244,263,277,277],"floor_reached":20,"playtime":4993,"items_purged":[],"score":202,"play_id":"b6a55f66-4096-4dca-92f6-13aaf7e4acf0","local_time":"20191004144828","is_ascension_mode":true,"campfire_choices":[{"data":"White Noise","floor":6,"key":"SMITH"},{"data":"Dualcast","floor":11,"key":"SMITH"},{"floor":15,"key":"REST"}],"neow_cost":"NONE","seed_source_timestamp":36038043578400,"circlet_count":0,"master_deck":["Strike_B","Strike_B","Strike_B","Strike_B","Defend_B","Defend_B","Defend_B","Defend_B","Zap+1","Dualcast+1","Lockon","Coolheaded","White Noise+1","Sweeping Beam","Streamline","Chill+1","Coolheaded+1","Leap+1","Biased Cognition","Ball Lightning"],"relics":["Cracked Core","Toxic Egg 2","Meat on the Bone","Runic Pyramid"],"potions_floor_usage":[14],"damage_taken":[{"damage":0,"enemies":"Cultist","floor":1,"turns":4},{"damage":7,"enemies":"Jaw Worm","floor":2,"turns":2},{"damage":0,"enemies":"Small Slimes","floor":5,"turns":2},{"damage":20,"enemies":"Exordium Thugs","floor":8,"turns":7},{"damage":12,"enemies":"Blue Slaver","floor":10,"turns":3},{"damage":25,"enemies":"3 Sentries","floor":12,"turns":7},{"damage":4,"enemies":"Looter","floor":14,"turns":2},{"damage":26,"enemies":"Slime Boss","floor":16,"turns":13},{"damage":27,"enemies":"Spheric Guardian","floor":18,"turns":5},{"damage":12,"enemies":"Chosen","floor":19,"turns":3},{"damage":48,"enemies":"Snake Plant","floor":20,"turns":3}],"seed_played":"-8140194587439609006","potions_obtained":[{"floor":0,"key":"SneckoOil"},{"floor":0,"key":"Dexterity Potion"},{"floor":0,"key":"SteroidPotion"},{"floor":1,"key":"Energy Potion"},{"floor":5,"key":"Weak Potion"},{"floor":19,"key":"Regen Potion"}],"is_trial":false,"path_per_floor":["M","M","?","$","M","R","?","M","T","M","R","E","$","M","R","B",null,"M","M","M"],"character_chosen":"DEFECT","items_purchased":["White Noise","Coolheaded+1"],"campfire_rested":1,"item_purchase_floors":[4,13],"current_hp_per_floor":[75,68,68,68,68,68,68,48,48,36,36,11,11,19,41,27,75,48,48,0],"gold":277,"neow_bonus":"THREE_SMALL_POTIONS","is_prod":false,"is_daily":false,"chose_seed":false,"campfire_upgraded":2,"win_rate":0,"timestamp":1570218508,"path_taken":["M","?","?","?","M","R","?","M","T","?","R","E","$","M","R","BOSS","M","M","M"],"build_version":"2019-07-17","purchased_purges":0,"victory":false,"max_hp_per_floor":[75,75,75,75,75,75,75,75,75,75,75,75,75,75,75,75,75,75,75,75],"card_choices":[{"not_picked":["Barrage","Steam Power"],"picked":"Lockon","floor":1},{"not_picked":["Hologram","Undo"],"picked":"Coolheaded","floor":2},{"not_picked":["Fusion","Redo","Tempest"],"picked":"SKIP","floor":5},{"not_picked":["Compile Driver","Reinforced Body"],"picked":"Sweeping Beam","floor":8},{"not_picked":["Conserve Battery+1","Beam Cell"],"picked":"Streamline","floor":10},{"not_picked":["Compile Driver","Undo+1"],"picked":"Chill+1","floor":12},{"not_picked":["Core Surge","Hologram+1"],"picked":"Leap+1","floor":14},{"not_picked":["Multi-Cast+1","Hyperbeam"],"picked":"Biased Cognition","floor":16},{"not_picked":["Reprogram+1","Go for the Eyes","White Noise+1"],"picked":"SKIP","floor":18},{"not_picked":["Storm","Darkness+1"],"picked":"Ball Lightning","floor":19}],"player_experience":180387,"relics_obtained":[{"floor":9,"key":"Toxic Egg 2"},{"floor":12,"key":"Meat on the Bone"}],"event_choices":[{"damage_healed":0,"gold_gain":0,"player_choice":"Forge","damage_taken":0,"max_hp_gain":0,"max_hp_loss":0,"event_name":"Accursed Blacksmith","floor":3,"gold_loss":0,"cards_upgraded":["Zap"]},{"damage_healed":0,"gold_gain":0,"player_choice":"Ignored","damage_taken":0,"max_hp_gain":0,"max_hp_loss":0,"event_name":"Golden Idol","floor":7,"gold_loss":0}],"is_beta":false,"boss_relics":[{"not_picked":["FrozenCore","Snecko Eye"],"picked":"Runic Pyramid"}],"items_purged_floors":[],"is_endless":false,"potions_floor_spawned":[1,5,8,19],"killed_by":"Snake Plant","ascension_level":3}