{"gold_per_floor":[109,119,139,139,156,156,156,156,156,156,172,198,198,198,198],"floor_reached":15,"playtime":314,"items_purged":[],"score":85,"play_id":"68ba94d1-bbbb-4f55-8200-6f8f4dcb8079","local_time":"20191003215700","is_ascension_mode":false,"campfire_choices":[{"data":"Searing Blow","floor":7,"key":"SMITH"},{"data":"Searing Blow+1","floor":10,"key":"SMITH"},{"data":"Searing Blow+2","floor":13,"key":"SMITH"}],"neow_cost":"NONE","seed_source_timestamp":296263172327700,"circlet_count":0,"master_deck":["Strike_R+1","Strike_R","Strike_R","Defend_R+1","Defend_R","Defend_R","Defend_R","Bash","Bludgeon","Searing Blow+3","Burning Pact","Feel No Pain","Warcry","Injury"],"relics":["Burning Blood","Golden Idol"],"potions_floor_usage":[11,11],"damage_taken":[{"damage":6,"enemies":"Cultist","floor":1,"turns":3},{"damage":7,"enemies":"2 Louse","floor":2,"turns":2},{"damage":0,"enemies":"Small Slimes","floor":3,"turns":2},{"damage":18,"enemies":"2 Fungi Beasts","floor":5,"turns":5},{"damage":0,"enemies":"Looter","floor":11,"turns":2}],"seed_played":"3833901154673595242","potions_obtained":[{"floor":1,"key":"Block Potion"},{"floor":2,"key":"Strength Potion"},{"floor":5,"key":"PowerPotion"}],"is_trial":false,"path_per_floor":["M","M","M","?","M","?","R","?","T","R","M","T","R","?","R"],"character_chosen":"IRONCLAD","items_purchased":[],"campfire_rested":0,"item_purchase_floors":[],"current_hp_per_floor":[80,79,80,80,68,52,52,45,45,45,51,51,51,51,51],"gold":198,"neow_bonus":"TRANSFORM_CARD","is_prod":false,"is_daily":false,"chose_seed":false,"campfire_upgraded":3,"win_rate":0,"timestamp":1570132620,"path_taken":["M","M","?","?","M","?","R","?","T","R","M","?","R","?","R"],"build_version":"2019-07-17","purchased_purges":0,"victory":false,"max_hp_per_floor":[80,80,80,80,80,80,80,80,80,80,80,80,80,80,80],"card_choices":[{"not_picked":["Body Slam","Rage"],"picked":"Searing Blow","floor":1},{"not_picked":["Dual Wield","Iron Wave"],"picked":"Burning Pact","floor":2},{"not_picked":["Heavy Blade","Sword Boomerang","Burning Pact"],"picked":"SKIP","floor":3},{"not_picked":["Reckless Charge","Cleave"],"picked":"Feel No Pain","floor":5},{"not_picked":["Body Slam","Uppercut"],"picked":"Warcry","floor":11}],"player_experience":259650,"relics_obtained":[],"event_choices":[{"damage_healed":0,"gold_gain":0,"player_choice":"Fled","damage_taken":0,"max_hp_gain":0,"max_hp_loss":0,"event_name":"Scrap Ooze","floor":4,"gold_loss":0},{"damage_healed":0,"gold_gain":0,"player_choice":"Entered Light","damage_taken":16,"max_hp_gain":0,"max_hp_loss":0,"event_name":"Shining Light","floor":6,"gold_loss":0,"cards_upgraded":["Strike_R","Defend_R"]},{"cards_removed":["Strike_R"],"damage_healed":0,"gold_gain":0,"player_choice":"Card Removal","damage_taken":7,"max_hp_gain":0,"max_hp_loss":0,"event_name":"Golden Wing","floor":8,"gold_loss":0},{"damage_healed":0,"gold_gain":0,"player_choice":"Take Wound","damage_taken":0,"relics_obtained":["Golden Idol"],"max_hp_gain":0,"max_hp_loss":0,"event_name":"Golden Idol","floor":14,"gold_loss":0,"cards_obtained":["Injury"]}],"is_beta":false,"boss_relics":[],"items_purged_floors":[],"is_endless":false,"potions_floor_spawned":[1,2,5],"ascension_level":0}