{"gold_per_floor":[114,11,22,22,97,97,272,272,272,292,292,66,66,91,91,210,210,235,131,230,230,250,250,265,265,291,324,342,361,373,390,390,491,491,502,502,502,502,517,517,517],"floor_reached":41,"playtime":858,"items_purged":["Doubt"],"score":401,"play_id":"9523a1a2-74fe-47aa-b554-8ff0d1b4bf3a","local_time":"20190908131413","is_ascension_mode":false,"campfire_choices":[{"data":"Inflame","floor":6,"key":"SMITH"},{"floor":13,"key":"REST"},{"data":"Flame Barrier","floor":15,"key":"SMITH"},{"data":"Limit Break","floor":23,"key":"SMITH"},{"floor":32,"key":"REST"},{"data":"Flex","floor":40,"key":"SMITH"}],"neow_cost":"NONE","seed_source_timestamp":747328168740700,"circlet_count":0,"master_deck":["Strike_R","Strike_R","Strike_R","Strike_R","Strike_R","Defend_R+1","Defend_R+1","Defend_R","Defend_R","Bash","Flex","Inflame+1","Cleave","Bloodletting","Flame Barrier+1","Limit Break+1","Cleave","Flex+1","Cleave","Thunderclap","Spot Weakness","Offering","Feed","Madness","Madness","Spot Weakness"],"relics":["Burning Blood","Art of War","Bloody Idol","Pantograph","Juzu Bracelet","Velvet Choker","Red Skull","Du-Vu Doll","Calling Bell","Pen Nib","Mercury Hourglass","Pocketwatch"],"potions_floor_usage":[16,16,24,33,33,33,41],"damage_taken":[{"damage":6,"enemies":"Cultist","floor":1,"turns":3},{"damage":8,"enemies":"Small Slimes","floor":3,"turns":3},{"damage":7,"enemies":"2 Louse","floor":10,"turns":2},{"damage":15,"enemies":"Blue Slaver","floor":14,"turns":2},{"damage":51,"enemies":"The Guardian","floor":16,"turns":9},{"damage":0,"enemies":"3 Byrds","floor":18,"turns":4},{"damage":21,"enemies":"Shell Parasite","floor":22,"turns":5},{"damage":34,"enemies":"Shelled Parasite and Fungi","floor":24,"turns":5},{"damage":32,"enemies":"Gremlin Leader","floor":27,"turns":4},{"damage":12,"enemies":"Centurion and Healer","floor":28,"turns":4},{"damage":12,"enemies":"Snake Plant","floor":29,"turns":4},{"damage":0,"enemies":"Snecko","floor":30,"turns":3},{"damage":2,"enemies":"3 Cultists","floor":31,"turns":3},{"damage":73,"enemies":"Automaton","floor":33,"turns":7},{"damage":25,"enemies":"Orb Walker","floor":35,"turns":3},{"damage":15,"enemies":"3 Darklings","floor":39,"turns":3},{"damage":52,"enemies":"Nemesis","floor":41,"turns":4}],"seed_played":"-2865130506314735932","potions_obtained":[{"floor":3,"key":"PowerPotion"},{"floor":10,"key":"Poison Potion"},{"floor":18,"key":"Regen Potion"},{"floor":27,"key":"AttackPotion"},{"floor":28,"key":"Block Potion"},{"floor":31,"key":"FearPotion"},{"floor":35,"key":"AttackPotion"}],"is_trial":false,"path_per_floor":["M","$","M","$","?","R","?","?","T","M","?","$","R","M","R","B",null,"M","$","?","?","M","R","M","?","T","E","M","M","M","M","R","B",null,"M","?","?","?","M","R","E"],"character_chosen":"IRONCLAD","items_purchased":["Flex","Inflame","Juzu Bracelet","Flex","Cleave"],"campfire_rested":2,"item_purchase_floors":[2,2,12,19,19],"current_hp_per_floor":[80,80,78,78,67,67,67,47,47,46,30,30,54,45,45,25,80,80,80,80,80,65,65,49,49,54,33,32,31,42,51,75,18,80,66,66,56,56,52,52,0],"gold":517,"neow_bonus":"RANDOM_COMMON_RELIC","is_prod":false,"is_daily":false,"chose_seed":false,"campfire_upgraded":4,"win_rate":0,"timestamp":1567941253,"path_taken":["M","$","M","$","?","R","?","?","T","M","?","?","R","M","R","BOSS","M","$","?","?","M","R","M","?","T","E","M","M","M","M","R","BOSS","M","?","?","?","M","R","E"],"build_version":"2019-07-17","purchased_purges":1,"victory":false,"max_hp_per_floor":[80,80,80,80,80,80,80,80,80,80,80,80,80,80,80,80,80,80,80,80,80,80,80,80,80,80,80,80,80,80,80,80,80,80,80,80,80,80,80,80,80],"card_choices":[{"not_picked":["True Grit","Headbutt","Intimidate"],"picked":"SKIP","floor":1},{"not_picked":["Wild Strike","Uppercut"],"picked":"Cleave","floor":3},{"not_picked":["Rampage","True Grit"],"picked":"Bloodletting","floor":10},{"not_picked":["Pommel Strike","Headbutt"],"picked":"Flame Barrier","floor":14},{"not_picked":["Fiend Fire","Berserk"],"picked":"Limit Break","floor":16},{"not_picked":["Iron Wave","Evolve"],"picked":"Cleave","floor":18},{"not_picked":["Warcry","Havoc"],"picked":"Thunderclap","floor":22},{"not_picked":["Headbutt","Sever Soul"],"picked":"Spot Weakness","floor":24},{"not_picked":["Fiend Fire","Battle Trance","Intimidate"],"picked":"SKIP","floor":27},{"not_picked":["Armaments","Warcry+1","Thunderclap"],"picked":"SKIP","floor":28},{"not_picked":["Feel No Pain","Metallicize","Clothesline"],"picked":"SKIP","floor":29},{"not_picked":["Intimidate","Battle Trance+1","Sword Boomerang"],"picked":"SKIP","floor":30},{"not_picked":["Metallicize","Entrench"],"picked":"Offering","floor":31},{"not_picked":["Fiend Fire","Barricade"],"picked":"Feed","floor":33},{"not_picked":["Body Slam+1","Dual Wield+1","Bloodletting"],"picked":"SKIP","floor":35},{"not_picked":["Sword Boomerang","Anger"],"picked":"Spot Weakness","floor":39}],"player_experience":229007,"relics_obtained":[{"floor":9,"key":"Pantograph"},{"floor":26,"key":"Red Skull"},{"floor":27,"key":"Du-Vu Doll"},{"floor":34,"key":"Pen Nib"},{"floor":34,"key":"Mercury Hourglass"},{"floor":34,"key":"Pocketwatch"}],"event_choices":[{"damage_healed":0,"gold_gain":75,"player_choice":"Gather Gold","damage_taken":11,"max_hp_gain":0,"max_hp_loss":0,"event_name":"World of Goop","floor":5,"gold_loss":0},{"damage_healed":0,"gold_gain":175,"player_choice":"AGREE","damage_taken":0,"max_hp_gain":0,"max_hp_loss":0,"event_name":"Liars Game","floor":7,"gold_loss":0,"cards_obtained":["Doubt"]},{"damage_healed":0,"gold_gain":0,"player_choice":"Take Damage","damage_taken":20,"relics_obtained":["Golden Idol"],"max_hp_gain":0,"max_hp_loss":0,"event_name":"Golden Idol","floor":8,"gold_loss":0},{"damage_healed":0,"gold_gain":0,"player_choice":"Entered Light","damage_taken":16,"max_hp_gain":0,"max_hp_loss":0,"event_name":"Shining Light","floor":11,"gold_loss":0,"cards_upgraded":["Defend_R","Defend_R"]},{"damage_healed":0,"gold_gain":99,"player_choice":"Stole From Cult","damage_taken":0,"max_hp_gain":0,"max_hp_loss":0,"event_name":"Nest","floor":20,"gold_loss":0},{"damage_healed":0,"gold_gain":0,"player_choice":"Ignored","damage_taken":0,"max_hp_gain":0,"max_hp_loss":0,"event_name":"Beggar","floor":21,"gold_loss":0},{"damage_healed":0,"gold_gain":0,"player_choice":"Gave Idol","damage_taken":0,"relics_obtained":["Bloody Idol"],"max_hp_gain":0,"max_hp_loss":0,"event_name":"Forgotten Altar","floor":25,"relics_lost":["Golden Idol"],"gold_loss":0},{"cards_removed":["Decay","Doubt","Pain"],"damage_healed":0,"gold_gain":0,"player_choice":"Removed Curses","damage_taken":0,"max_hp_gain":0,"max_hp_loss":0,"event_name":"Fountain of Cleansing","floor":36,"gold_loss":0},{"damage_healed":0,"gold_gain":0,"player_choice":"Embrace Madness","damage_taken":10,"max_hp_gain":0,"max_hp_loss":0,"event_name":"Winding Halls","floor":37,"gold_loss":0,"cards_obtained":["Madness","Madness"]},{"damage_healed":0,"gold_gain":0,"player_choice":"Ignored","damage_taken":0,"max_hp_gain":0,"max_hp_loss":0,"event_name":"Mysterious Sphere","floor":38,"gold_loss":0}],"is_beta":false,"boss_relics":[{"not_picked":["Lizard Tail","Runic Cube"],"picked":"Velvet Choker"},{"not_picked":["Eternal Feather","Pandora\u0027s Box"],"picked":"Calling Bell"}],"items_purged_floors":[12],"is_endless":false,"potions_floor_spawned":[3,10,18,27,28,31,35],"killed_by":"Nemesis","ascension_level":0}