{"gold_per_floor":[115,115,115,40,55,95,95,133,133,153,172,188,188,219,219,338,338,361,30,30,55,33,69,83,83,106,106],"floor_reached":27,"playtime":1207,"items_purged":["Writhe"],"score":370,"play_id":"0f951d5e-db3f-49f2-bc9c-7044e31ee509","local_time":"20190911181304","is_ascension_mode":true,"campfire_choices":[{"data":"Demon Form","floor":7,"key":"SMITH"},{"data":"Flame Barrier","floor":15,"key":"SMITH"},{"data":"Apotheosis","floor":25,"key":"SMITH"}],"neow_cost":"CURSE","seed_source_timestamp":2589217528036200,"circlet_count":0,"master_deck":["Strike_R","Strike_R","Strike_R","Strike_R","Strike_R","Defend_R","Defend_R","Defend_R","Defend_R","Bash","Trip","The Bomb","Twin Strike","Cleave","Iron Wave","Demon Form+1","Iron Wave+1","Flame Barrier+1","Demon Form","Apotheosis+1","Carnage+1","Ghostly","Ghostly","Ghostly","Ghostly","Ghostly","Armaments","Flex+1","Inflame+1"],"relics":["Burning Blood","Golden Idol","Molten Egg 2","Singing Bowl","Gremlin Horn","Darkstone Periapt","Sozu","Tiny Chest","Frozen Egg 2","Omamori"],"potions_floor_usage":[6,16,18],"damage_taken":[{"damage":2,"enemies":"2 Louse","floor":1,"turns":4},{"damage":1,"enemies":"Cultist","floor":5,"turns":4},{"damage":15,"enemies":"Lagavulin","floor":6,"turns":5},{"damage":27,"enemies":"Gremlin Nob","floor":8,"turns":4},{"damage":2,"enemies":"Small Slimes","floor":10,"turns":3},{"damage":27,"enemies":"Exordium Wildlife","floor":11,"turns":4},{"damage":1,"enemies":"Looter","floor":12,"turns":3},{"damage":0,"enemies":"Lagavulin","floor":14,"turns":4},{"damage":32,"enemies":"Slime Boss","floor":16,"turns":7},{"damage":28,"enemies":"3 Byrds","floor":18,"turns":4},{"damage":8,"enemies":"Shell Parasite","floor":21,"turns":6},{"damage":7,"enemies":"Slavers","floor":23,"turns":4},{"damage":8,"enemies":"Shelled Parasite and Fungi","floor":24,"turns":5},{"damage":46,"enemies":"Gremlin Leader","floor":27,"turns":3}],"seed_played":"3457393890808115342","potions_obtained":[{"floor":1,"key":"Explosive Potion"},{"floor":6,"key":"Fire Potion"},{"floor":8,"key":"SpeedPotion"},{"floor":16,"key":"EssenceOfSteel"}],"is_trial":false,"path_per_floor":["M","?","?","$","M","E","R","E","T","M","M","M","?","E","R","B",null,"M","$","?","M","$","E","M","R","T","E"],"character_chosen":"IRONCLAD","items_purchased":["Tiny Chest","Apotheosis","Carnage+1","Armaments"],"campfire_rested":0,"item_purchase_floors":[19,19,19,22],"current_hp_per_floor":[80,60,60,60,65,56,56,37,37,43,22,27,84,86,86,60,80,60,60,44,44,44,43,41,41,41,0],"gold":106,"neow_bonus":"RANDOM_COLORLESS_2","is_prod":false,"is_daily":false,"chose_seed":false,"campfire_upgraded":3,"win_rate":0,"timestamp":1568218384,"path_taken":["M","?","?","$","?","E","R","E","T","M","M","M","?","E","R","BOSS","M","?","?","M","?","E","M","R","T","E"],"build_version":"2019-07-17","purchased_purges":1,"victory":false,"max_hp_per_floor":[80,80,80,80,80,80,80,82,82,84,84,84,84,86,86,86,86,88,88,44,46,46,46,46,46,46,46],"card_choices":[{"not_picked":["True Grit","Clash"],"picked":"Twin Strike","floor":1},{"not_picked":["Thunderclap","Body Slam"],"picked":"Iron Wave","floor":5},{"not_picked":["Clash","Iron Wave"],"picked":"Demon Form","floor":6},{"not_picked":["True Grit","Headbutt+1","Twin Strike+1"],"picked":"Singing Bowl","floor":8},{"not_picked":["Power Through","Hemokinesis+1","True Grit"],"picked":"Singing Bowl","floor":10},{"not_picked":["Wild Strike+1","Havoc"],"picked":"Iron Wave+1","floor":11},{"not_picked":["Anger+1","Warcry"],"picked":"Flame Barrier","floor":12},{"not_picked":["Pummel+1","Entrench","Body Slam+1"],"picked":"Singing Bowl","floor":14},{"not_picked":["Reaper+1","Berserk"],"picked":"Demon Form","floor":16},{"not_picked":["Second Wind","Clothesline+1","Anger+1"],"picked":"Singing Bowl","floor":18},{"not_picked":["Evolve+1","Thunderclap+1","True Grit"],"picked":"Singing Bowl","floor":21},{"not_picked":["Perfected Strike+1","Twin Strike+1"],"picked":"Flex+1","floor":23},{"not_picked":["Uppercut+1","Sword Boomerang+1"],"picked":"Inflame+1","floor":24}],"player_experience":128942,"relics_obtained":[{"floor":6,"key":"Molten Egg 2"},{"floor":8,"key":"Singing Bowl"},{"floor":9,"key":"Gremlin Horn"},{"floor":14,"key":"Darkstone Periapt"},{"floor":23,"key":"Frozen Egg 2"},{"floor":26,"key":"Omamori"}],"event_choices":[{"damage_healed":0,"gold_gain":0,"player_choice":"Take Damage","damage_taken":20,"relics_obtained":["Golden Idol"],"max_hp_gain":0,"max_hp_loss":0,"event_name":"Golden Idol","floor":2,"gold_loss":0},{"damage_healed":0,"gold_gain":0,"player_choice":"1 cards matched","damage_taken":0,"max_hp_gain":0,"max_hp_loss":0,"event_name":"Match and Keep!","floor":3,"gold_loss":0,"cards_obtained":["Cleave"]},{"damage_healed":57,"gold_gain":0,"player_choice":"Full Heal","damage_taken":0,"max_hp_gain":0,"max_hp_loss":0,"event_name":"Wheel of Change","floor":13,"gold_loss":0},{"damage_healed":0,"gold_gain":0,"player_choice":"Became a Ghost","damage_taken":0,"max_hp_gain":0,"max_hp_loss":44,"event_name":"Ghosts","floor":20,"gold_loss":0,"cards_obtained":["Ghostly","Ghostly","Ghostly","Ghostly","Ghostly"]}],"is_beta":false,"boss_relics":[{"not_picked":["Runic Pyramid","Orrery"],"picked":"Sozu"}],"items_purged_floors":[4],"is_endless":false,"potions_floor_spawned":[1,6,8,16,18],"killed_by":"Gremlin Leader","ascension_level":5}