{"gold_per_floor":[362,25,44,62,77,107,107,107,134,160,160,180,180,190,190,190],"floor_reached":16,"playtime":693,"items_purged":["Normality"],"score":112,"play_id":"2cca3a2c-6abb-444e-9034-082a30d4a7f9","local_time":"20190729200133","is_ascension_mode":false,"campfire_choices":[{"data":"Juggernaut","floor":7,"key":"SMITH"},{"floor":11,"key":"RECALL"},{"data":"Dark Embrace","floor":15,"key":"SMITH"}],"neow_cost":"CURSE","seed_source_timestamp":25072384219129,"circlet_count":0,"master_deck":["Strike_R","Strike_R","Strike_R","Strike_R","Strike_R","Defend_R","Defend_R","Defend_R","Defend_R","Bash","Intimidate","Entrench+1","Cleave","Dark Embrace+1","Headbutt","Juggernaut+1","Parasite","Flex"],"relics":["Burning Blood","PreservedInsect","Blood Vial","Regal Pillow"],"potions_floor_usage":[6,6,10,16,16],"damage_taken":[{"damage":11,"enemies":"2 Louse","floor":1,"turns":2},{"damage":17,"enemies":"Jaw Worm","floor":3,"turns":5},{"damage":6,"enemies":"Cultist","floor":4,"turns":3},{"damage":19,"enemies":"Lots of Slimes","floor":5,"turns":5},{"damage":10,"enemies":"Gremlin Nob","floor":6,"turns":3},{"damage":13,"enemies":"3 Sentries","floor":10,"turns":4},{"damage":8,"enemies":"2 Fungi Beasts","floor":12,"turns":4},{"damage":9,"enemies":"Blue Slaver","floor":14,"turns":4},{"damage":67,"enemies":"The Guardian","floor":16,"turns":8}],"seed_played":"2792131352880210136","potions_obtained":[{"floor":3,"key":"SkillPotion"},{"floor":5,"key":"Explosive Potion"},{"floor":6,"key":"Swift Potion"},{"floor":10,"key":"AttackPotion"}],"is_trial":false,"path_per_floor":["M","$","M","M","M","E","R","?","T","E","R","M","?","M","R","B"],"character_chosen":"IRONCLAD","items_purchased":["PreservedInsect","Entrench","PowerPotion"],"campfire_rested":0,"item_purchase_floors":[2,2,2],"current_hp_per_floor":[75,75,64,64,51,47,47,67,67,62,62,62,62,61,61,0],"gold":190,"neow_bonus":"TWO_FIFTY_GOLD","is_prod":false,"is_daily":false,"chose_seed":false,"campfire_upgraded":2,"win_rate":0,"timestamp":1564423293,"path_taken":["M","$","M","M","M","E","R","?","T","E","R","M","?","M","R","BOSS"],"build_version":"2019-07-17","purchased_purges":1,"victory":false,"max_hp_per_floor":[80,80,80,80,80,80,80,80,80,80,80,80,80,80,80,80],"card_choices":[{"not_picked":["Searing Blow","Combust"],"picked":"Intimidate","floor":1},{"not_picked":["Wild Strike","Clothesline"],"picked":"Cleave","floor":3},{"not_picked":["Anger","Body Slam"],"picked":"Dark Embrace","floor":4},{"not_picked":["Wild Strike","Intimidate"],"picked":"Headbutt","floor":5},{"not_picked":["Inflame","Heavy Blade"],"picked":"Juggernaut","floor":6},{"not_picked":["Perfected Strike","Havoc","Heavy Blade"],"picked":"SKIP","floor":10},{"not_picked":["Perfected Strike","Havoc","Heavy Blade"],"picked":"SKIP","floor":10},{"not_picked":["Rupture","Heavy Blade"],"picked":"Flex","floor":12},{"not_picked":["Clash","Pommel Strike","Havoc"],"picked":"SKIP","floor":14}],"player_experience":154964,"relics_obtained":[{"floor":6,"key":"Blood Vial"},{"floor":10,"key":"Regal Pillow"}],"event_choices":[{"damage_healed":20,"gold_gain":0,"player_choice":"Healed and dodged fight","damage_taken":0,"max_hp_gain":0,"max_hp_loss":0,"event_name":"Mushrooms","floor":8,"gold_loss":0,"cards_obtained":["Parasite"]},{"damage_healed":0,"gold_gain":0,"player_choice":"Grow","damage_taken":0,"max_hp_gain":0,"max_hp_loss":0,"event_name":"Living Wall","floor":13,"gold_loss":0,"cards_upgraded":["Entrench"]}],"is_beta":false,"boss_relics":[],"items_purged_floors":[2],"is_endless":false,"potions_floor_spawned":[3,5,6,10],"killed_by":"The Guardian","ascension_level":0}