{"gold_per_floor":[362,377,7,22,76,76,106,118,144,199,199,213,232,266,266,369,369,383,333,344,360,380,412,412,412,487,487,498,498,512,546,546,648,648,664,684,99,99,0,0,20,40,40,55,55,55,6,20,20,20],"floor_reached":51,"playtime":4450,"items_purged":["Strike_R"],"score":751,"play_id":"0b25b709-9311-4c32-bd3e-20e55d89b730","local_time":"20190711012225","is_ascension_mode":false,"campfire_choices":[{"data":"Armaments","floor":6,"key":"SMITH"},{"data":"Power Through","floor":11,"key":"SMITH"},{"data":"Seeing Red","floor":15,"key":"SMITH"},{"floor":27,"key":"REST"},{"floor":29,"key":"REST"},{"data":"Barricade","floor":32,"key":"SMITH"},{"floor":40,"key":"REST"},{"data":"Uppercut","floor":46,"key":"SMITH"},{"data":"Power Through","floor":49,"key":"SMITH"}],"neow_cost":"TEN_PERCENT_HP_LOSS","seed_source_timestamp":598985927158936,"circlet_count":0,"master_deck":["Strike_R","Strike_R","Strike_R","Strike_R","Defend_R","Defend_R","Defend_R","Defend_R","Bash","Hemokinesis","Cleave","Evolve","Anger","Armaments+1","Ghostly Armor","Power Through+1","Intimidate","Infernal Blade","Seeing Red+1","Reaper","Barricade+1","Reckless Charge","Power Through+1","Clothesline","Flex","Wild Strike+1","Anger","Anger","Uppercut+1","Anger","Anger","Dropkick","Body Slam+1","Rampage+1","Impervious","Whirlwind","Sadistic Nature","Entrench+1","Parasite","Clothesline+1","Headbutt","Shrug It Off+1"],"relics":["Burning Blood","Champion Belt","Lantern","Pen Nib","Orichalcum","Dream Catcher","Busted Crown","Centennial Puzzle","MutagenicStrength","Darkstone Periapt","Boot","Orrery","Bottled Flame","Red Mask","Kunai"],"potions_floor_usage":[7,16,16,18,23,23,31,33,42,44,50,50,50],"damage_taken":[{"damage":5,"enemies":"Cultist","floor":1,"turns":4},{"damage":3,"enemies":"2 Louse","floor":2,"turns":2},{"damage":6,"enemies":"Jaw Worm","floor":4,"turns":2},{"damage":19,"enemies":"3 Sentries","floor":7,"turns":4},{"damage":3,"enemies":"3 Louse","floor":8,"turns":2},{"damage":12,"enemies":"3 Sentries","floor":10,"turns":6},{"damage":4,"enemies":"Looter","floor":12,"turns":3},{"damage":3,"enemies":"Large Slime","floor":13,"turns":3},{"damage":3,"enemies":"Gremlin Nob","floor":14,"turns":3},{"damage":32,"enemies":"Hexaghost","floor":16,"turns":9},{"damage":31,"enemies":"Spheric Guardian","floor":18,"turns":7},{"damage":6,"enemies":"3 Byrds","floor":20,"turns":6},{"damage":21,"enemies":"Sentry and Sphere","floor":21,"turns":10},{"damage":25,"enemies":"3 Cultists","floor":22,"turns":6},{"damage":62,"enemies":"Slavers","floor":23,"turns":8},{"damage":2,"enemies":"Shelled Parasite and Fungi","floor":28,"turns":8},{"damage":15,"enemies":"Cultist and Chosen","floor":30,"turns":6},{"damage":20,"enemies":"Gremlin Leader","floor":31,"turns":7},{"damage":49,"enemies":"Automaton","floor":33,"turns":12},{"damage":43,"enemies":"3 Darklings","floor":35,"turns":7},{"damage":3,"enemies":"Orb Walker","floor":36,"turns":3},{"damage":12,"enemies":"Writhing Mass","floor":41,"turns":6},{"damage":32,"enemies":"4 Shapes","floor":42,"turns":4},{"damage":11,"enemies":"3 Darklings","floor":44,"turns":4},{"damage":12,"enemies":"Maw","floor":48,"turns":9},{"damage":18,"enemies":"Donu and Deca","floor":50,"turns":7}],"seed_played":"-4325496974992722680","potions_obtained":[{"floor":1,"key":"Explosive Potion"},{"floor":2,"key":"Swift Potion"},{"floor":7,"key":"BloodPotion"},{"floor":13,"key":"Swift Potion"},{"floor":16,"key":"Ancient Potion"},{"floor":22,"key":"Fire Potion"},{"floor":28,"key":"FearPotion"},{"floor":31,"key":"Explosive Potion"},{"floor":33,"key":"Energy Potion"},{"floor":35,"key":"AttackPotion"},{"floor":44,"key":"PowerPotion"},{"floor":48,"key":"AttackPotion"}],"is_trial":false,"path_per_floor":["M","M","$","M","?","R","E","M","T","?","R","M","M","E","R","B",null,"M","?","M","M","M","E","?","?","T","R","M","R","M","E","R","B",null,"M","M","$","?","?","R","M","M","T","M","?","R","$","M","R","B",null],"character_chosen":"IRONCLAD","items_purchased":["Evolve","Champion Belt","Anger","Bottled Flame","Impervious","Whirlwind","Fire Potion","PowerPotion"],"campfire_rested":3,"item_purchase_floors":[3,3,3,37,37,37,37,47],"current_hp_per_floor":[72,72,72,72,72,72,59,62,62,56,56,58,61,64,64,42,72,47,47,57,42,35,9,9,9,9,30,42,63,54,52,52,17,72,35,38,38,38,38,59,59,33,33,28,68,68,68,68,68,68],"gold":20,"neow_bonus":"TWO_FIFTY_GOLD","is_prod":false,"is_daily":false,"chose_seed":false,"campfire_upgraded":6,"win_rate":0,"timestamp":1562800945,"path_taken":["M","M","$","?","?","R","E","M","T","?","R","M","M","E","R","BOSS","M","?","M","?","M","E","?","?","T","R","M","R","M","E","R","BOSS","M","M","$","?","?","R","M","M","T","M","?","R","?","M","R","BOSS"],"build_version":"2019-07-05","purchased_purges":1,"victory":true,"max_hp_per_floor":[72,72,72,72,72,72,72,72,72,72,72,72,72,72,72,72,72,72,72,72,72,72,72,72,72,72,72,72,72,72,72,72,72,72,72,72,72,72,72,72,78,78,78,78,68,68,68,68,68,68],"card_choices":[{"not_picked":["Disarm","Blood for Blood"],"picked":"Hemokinesis","floor":1},{"not_picked":["True Grit","Dropkick"],"picked":"Cleave","floor":2},{"not_picked":["Blood for Blood","Heavy Blade"],"picked":"Armaments","floor":4},{"not_picked":["Reckless Charge","Sword Boomerang"],"picked":"Ghostly Armor","floor":7},{"not_picked":["Seeing Red","Rupture"],"picked":"Power Through","floor":8},{"not_picked":["Searing Blow","Blood for Blood"],"picked":"Intimidate","floor":10},{"not_picked":["Body Slam","Wild Strike"],"picked":"Infernal Blade","floor":12},{"not_picked":["Infernal Blade","Searing Blow"],"picked":"Seeing Red","floor":13},{"not_picked":["Pommel Strike","Warcry"],"picked":"Reaper","floor":14},{"not_picked":["Demon Form","Limit Break"],"picked":"Barricade","floor":16},{"not_picked":[],"picked":"Reckless Charge","floor":18},{"not_picked":[],"picked":"Power Through","floor":20},{"not_picked":[],"picked":"Clothesline","floor":21},{"not_picked":[],"picked":"Flex","floor":22},{"not_picked":[],"picked":"Wild Strike+1","floor":23},{"not_picked":[],"picked":"Anger","floor":27},{"not_picked":[],"picked":"Anger","floor":28},{"not_picked":[],"picked":"Uppercut","floor":29},{"not_picked":[],"picked":"Anger","floor":30},{"not_picked":[],"picked":"Anger","floor":31},{"not_picked":[],"picked":"Dropkick","floor":34},{"not_picked":[],"picked":"Body Slam+1","floor":34},{"not_picked":["Second Wind"],"picked":"SKIP","floor":35},{"not_picked":[],"picked":"Rampage+1","floor":36},{"not_picked":[],"picked":"Sadistic Nature","floor":38},{"not_picked":[],"picked":"Entrench+1","floor":40},{"not_picked":[],"picked":"Clothesline+1","floor":41},{"not_picked":[],"picked":"Headbutt","floor":42},{"not_picked":["Anger"],"picked":"SKIP","floor":44},{"not_picked":[],"picked":"Shrug It Off+1","floor":48}],"player_experience":29857,"relics_obtained":[{"floor":7,"key":"Lantern"},{"floor":9,"key":"Pen Nib"},{"floor":14,"key":"Dream Catcher"},{"floor":23,"key":"Centennial Puzzle"},{"floor":26,"key":"Darkstone Periapt"},{"floor":31,"key":"Boot"},{"floor":43,"key":"Kunai"}],"event_choices":[{"damage_healed":0,"gold_gain":54,"player_choice":"Gained Gold","damage_taken":0,"max_hp_gain":0,"max_hp_loss":0,"event_name":"Golden Wing","floor":5,"gold_loss":0},{"damage_healed":0,"gold_gain":0,"player_choice":"Searched \u00273\u0027 times","damage_taken":0,"relics_obtained":["Orichalcum"],"max_hp_gain":0,"max_hp_loss":0,"event_name":"Dead Adventurer","floor":10,"gold_loss":0},{"damage_healed":0,"gold_gain":0,"player_choice":"Bet on Murderer","damage_taken":0,"max_hp_gain":0,"max_hp_loss":0,"event_name":"The Joust","floor":19,"gold_loss":50},{"damage_healed":0,"gold_gain":0,"player_choice":"Ignored","damage_taken":0,"max_hp_gain":0,"max_hp_loss":0,"event_name":"Vampires","floor":24,"gold_loss":0},{"damage_healed":0,"gold_gain":0,"player_choice":"Inject Mutagens","damage_taken":0,"relics_obtained":["MutagenicStrength"],"max_hp_gain":0,"max_hp_loss":0,"event_name":"Drug Dealer","floor":25,"gold_loss":0},{"damage_healed":0,"gold_gain":0,"player_choice":"Memory 1","damage_taken":0,"max_hp_gain":0,"max_hp_loss":0,"event_name":"SensoryStone","floor":38,"gold_loss":0},{"damage_healed":0,"gold_gain":0,"player_choice":"Paid","damage_taken":0,"relics_obtained":["Red Mask"],"max_hp_gain":0,"max_hp_loss":0,"event_name":"Tomb of Lord Red Mask","floor":39,"gold_loss":99},{"damage_healed":68,"gold_gain":0,"player_choice":"Heal","damage_taken":0,"max_hp_gain":0,"max_hp_loss":10,"event_name":"The Moai Head","floor":45,"gold_loss":0}],"is_beta":false,"boss_relics":[{"not_picked":["Black Blood","White Beast Statue"],"picked":"Busted Crown"},{"not_picked":["Empty Cage","Lizard Tail"],"picked":"Orrery"}],"items_purged_floors":[37],"is_endless":false,"potions_floor_spawned":[1,2,7,13,16,22,28,31,33,35,41,44,48],"ascension_level":0}