{"gold_per_floor":[10,26,26,104,125,125,140,174,174,174],"floor_reached":10,"playtime":501,"items_purged":[],"score":88,"play_id":"5c5adacc-ba05-4bc8-b571-2dc171840da9","local_time":"20190914221609","is_ascension_mode":true,"campfire_choices":[{"data":"Feed","floor":6,"key":"SMITH"}],"neow_cost":"NO_GOLD","seed_source_timestamp":2863712416897000,"circlet_count":0,"master_deck":["Strike_R","Strike_R","Strike_R","Strike_R","Strike_R","Defend_R","Defend_R","Defend_R","Defend_R","Bash","Feed+1","Iron Wave","Inflame","Pommel Strike","Dual Wield","Disarm"],"relics":["Burning Blood","Golden Idol","Pen Nib","Anchor"],"potions_floor_usage":[5,8],"damage_taken":[{"damage":9,"enemies":"Jaw Worm","floor":1,"turns":3},{"damage":0,"enemies":"2 Louse","floor":2,"turns":3},{"damage":0,"enemies":"Small Slimes","floor":5,"turns":3},{"damage":17,"enemies":"2 Fungi Beasts","floor":7,"turns":6},{"damage":50,"enemies":"Lagavulin","floor":8,"turns":8},{"damage":20,"enemies":"3 Sentries","floor":10,"turns":4}],"seed_played":"-934080086921521194","potions_obtained":[{"floor":1,"key":"GamblersBrew"},{"floor":7,"key":"PowerPotion"}],"is_trial":false,"path_per_floor":["M","M","?","?","M","R","M","E","T","E"],"character_chosen":"IRONCLAD","items_purchased":[],"campfire_rested":0,"item_purchase_floors":[],"current_hp_per_floor":[72,81,60,60,69,69,62,18,18,0],"gold":174,"neow_bonus":"THREE_RARE_CARDS","is_prod":false,"is_daily":false,"chose_seed":false,"campfire_upgraded":1,"win_rate":0,"timestamp":1568492169,"path_taken":["M","M","?","?","M","R","M","E","T","E"],"build_version":"2019-07-17","purchased_purges":0,"victory":false,"max_hp_per_floor":[83,86,86,86,89,89,93,93,93,93],"card_choices":[{"not_picked":["Fiend Fire","Barricade"],"picked":"Feed","floor":0},{"not_picked":["Fire Breathing","Anger"],"picked":"Iron Wave","floor":1},{"not_picked":["Warcry","Sentinel"],"picked":"Inflame","floor":2},{"not_picked":["Body Slam","Rupture"],"picked":"Pommel Strike","floor":5},{"not_picked":["Hemokinesis","Clothesline"],"picked":"Dual Wield","floor":7},{"not_picked":["Carnage","Blood for Blood"],"picked":"Disarm","floor":8}],"player_experience":196175,"relics_obtained":[{"floor":8,"key":"Pen Nib"},{"floor":9,"key":"Anchor"}],"event_choices":[{"damage_healed":0,"gold_gain":0,"player_choice":"Take Damage","damage_taken":21,"relics_obtained":["Golden Idol"],"max_hp_gain":0,"max_hp_loss":0,"event_name":"Golden Idol","floor":3,"gold_loss":0},{"damage_healed":0,"gold_gain":78,"player_choice":"Gained Gold","damage_taken":0,"max_hp_gain":0,"max_hp_loss":0,"event_name":"Golden Wing","floor":4,"gold_loss":0}],"is_beta":false,"boss_relics":[],"items_purged_floors":[],"is_endless":false,"potions_floor_spawned":[1,7],"killed_by":"3 Sentries","ascension_level":6}