{"gold_per_floor":[118,128,147,164,174,174,202,216,216,216,250,250,266,236,236,338,338,352,369,18,38,58,93,103,133,133,58,58,58,77,87,87,190,190,203,217,237,249,263,263],"floor_reached":40,"playtime":3142,"items_purged":[],"score":523,"play_id":"8a66d3a8-5b3f-4792-bb50-4514ce17304e","local_time":"20190728214654","is_ascension_mode":false,"campfire_choices":[{"data":"Barricade","floor":6,"key":"SMITH"},{"floor":10,"key":"RECALL"},{"data":"Flame Barrier","floor":12,"key":"SMITH"},{"data":"Anger","floor":15,"key":"SMITH"},{"floor":28,"key":"REST"},{"data":"Metallicize","floor":32,"key":"SMITH"}],"neow_cost":"NONE","seed_source_timestamp":1019454736657496,"circlet_count":0,"master_deck":["Strike_R","Strike_R","Strike_R","Strike_R","Defend_R","Defend_R","Defend_R","Defend_R","Bash","Barricade+1","True Grit","Ghostly Armor","Metallicize+1","Shrug It Off","Warcry","Flame Barrier+1","Iron Wave","Anger+1","Anger","Armaments+1","Metallicize+1","Shrug It Off+1","Burning Pact+1","Anger+1","Rage+1","Body Slam+1","Rampage+1","Body Slam+1","Parasite","Body Slam+1"],"relics":["Burning Blood","Gambling Chip","Singing Bowl","Orichalcum","Runic Dome","Toxic Egg 2","Molten Egg 2","Mercury Hourglass","Sozu"],"potions_floor_usage":[7,11,16,25,25,33],"damage_taken":[{"damage":9,"enemies":"2 Louse","floor":1,"turns":3},{"damage":8,"enemies":"Jaw Worm","floor":2,"turns":6},{"damage":6,"enemies":"Cultist","floor":3,"turns":4},{"damage":13,"enemies":"Large Slime","floor":4,"turns":11},{"damage":15,"enemies":"Red Slaver","floor":5,"turns":8},{"damage":18,"enemies":"Gremlin Nob","floor":7,"turns":5},{"damage":0,"enemies":"2 Fungi Beasts","floor":8,"turns":7},{"damage":4,"enemies":"3 Sentries","floor":11,"turns":20},{"damage":0,"enemies":"Large Slime","floor":13,"turns":12},{"damage":3,"enemies":"Looter","floor":14,"turns":4},{"damage":0,"enemies":"The Guardian","floor":16,"turns":17},{"damage":0,"enemies":"Shell Parasite","floor":18,"turns":11},{"damage":0,"enemies":"Chosen","floor":19,"turns":7},{"damage":8,"enemies":"Snake Plant","floor":21,"turns":8},{"damage":3,"enemies":"Centurion and Healer","floor":22,"turns":10},{"damage":10,"enemies":"Book of Stabbing","floor":23,"turns":9},{"damage":40,"enemies":"Chosen and Byrds","floor":24,"turns":12},{"damage":22,"enemies":"Gremlin Leader","floor":25,"turns":10},{"damage":0,"enemies":"Cultist and Chosen","floor":30,"turns":10},{"damage":5,"enemies":"Centurion and Healer","floor":31,"turns":10},{"damage":20,"enemies":"Collector","floor":33,"turns":10},{"damage":4,"enemies":"Orb Walker","floor":35,"turns":6},{"damage":0,"enemies":"3 Shapes","floor":36,"turns":8},{"damage":18,"enemies":"Jaw Worm Horde","floor":37,"turns":6},{"damage":6,"enemies":"Sphere and 2 Shapes","floor":38,"turns":7},{"damage":1,"enemies":"Writhing Mass","floor":39,"turns":5},{"damage":91,"enemies":"Giant Head","floor":40,"turns":10}],"seed_played":"-1404951234314010247","potions_obtained":[{"floor":4,"key":"SteroidPotion"},{"floor":5,"key":"SkillPotion"},{"floor":7,"key":"Ancient Potion"},{"floor":8,"key":"Weak Potion"},{"floor":18,"key":"Explosive Potion"},{"floor":19,"key":"Block Potion"},{"floor":22,"key":"PowerPotion"},{"floor":30,"key":"Dexterity Potion"},{"floor":33,"key":"Ancient Potion"}],"is_trial":false,"path_per_floor":["M","M","M","M","M","R","E","M","T","R","E","R","M","M","R","B",null,"M","M","$","M","M","E","M","E","T","?","R","?","M","M","R","B",null,"M","M","M","M","M","E"],"character_chosen":"IRONCLAD","items_purchased":["Toxic Egg 2","Anger","Armaments+1"],"campfire_rested":1,"item_purchase_floors":[20,20,20],"current_hp_per_floor":[77,75,75,68,59,59,47,53,53,53,57,57,65,68,68,76,86,88,90,90,88,90,86,52,36,36,36,63,63,71,72,72,60,94,96,96,86,86,91,0],"gold":263,"neow_bonus":"ONE_RANDOM_RARE_CARD","is_prod":false,"is_daily":false,"chose_seed":false,"campfire_upgraded":4,"win_rate":0,"timestamp":1564343214,"path_taken":["M","M","M","M","M","R","E","M","T","R","E","R","M","M","R","BOSS","M","M","$","M","M","E","M","E","T","?","R","?","M","M","R","BOSS","M","M","M","M","M","E"],"build_version":"2019-07-17","purchased_purges":0,"victory":false,"max_hp_per_floor":[80,80,80,80,80,80,80,80,80,80,82,82,84,84,84,86,86,88,90,90,90,90,90,90,90,90,90,90,90,92,92,92,94,94,96,96,98,98,98,98],"card_choices":[{"not_picked":["Sword Boomerang","Perfected Strike"],"picked":"True Grit","floor":1},{"not_picked":["Flex","Twin Strike"],"picked":"Ghostly Armor","floor":2},{"not_picked":["Flex","Sever Soul"],"picked":"Metallicize","floor":3},{"not_picked":["Twin Strike","Searing Blow"],"picked":"Shrug It Off","floor":4},{"not_picked":["Sword Boomerang","Fire Breathing"],"picked":"Warcry","floor":5},{"not_picked":["Blood for Blood","Second Wind"],"picked":"Flame Barrier","floor":7},{"not_picked":["Perfected Strike","Corruption"],"picked":"Iron Wave","floor":8},{"not_picked":["Infernal Blade","Demon Form","Inflame"],"picked":"Singing Bowl","floor":11},{"not_picked":["Dual Wield","Dropkick","Wild Strike"],"picked":"Singing Bowl","floor":13},{"not_picked":["Flex","Bloodletting"],"picked":"Anger","floor":14},{"not_picked":["Exhume","Fiend Fire","Feed"],"picked":"Singing Bowl","floor":16},{"not_picked":["Perfected Strike+1","Clash+1","Rupture"],"picked":"Singing Bowl","floor":18},{"not_picked":["Carnage","True Grit","Twin Strike+1"],"picked":"Singing Bowl","floor":19},{"not_picked":["Anger","Thunderclap"],"picked":"Metallicize+1","floor":21},{"not_picked":["Wild Strike","Clash"],"picked":"Shrug It Off+1","floor":22},{"not_picked":["Warcry+1","Fire Breathing"],"picked":"Burning Pact+1","floor":23},{"not_picked":["Wild Strike+1","Carnage+1"],"picked":"Anger+1","floor":24},{"not_picked":["Pommel Strike+1","Barricade"],"picked":"Rage+1","floor":25},{"not_picked":["Clash+1","Hemokinesis+1","Sword Boomerang+1"],"picked":"Singing Bowl","floor":30},{"not_picked":["Searing Blow+1","Bloodletting+1"],"picked":"Body Slam+1","floor":31},{"not_picked":["Feed+1","Exhume+1","Berserk"],"picked":"Singing Bowl","floor":33},{"not_picked":["Searing Blow+1","Clash+1","Perfected Strike+1"],"picked":"Singing Bowl","floor":35},{"not_picked":["Disarm+1","Infernal Blade+1"],"picked":"Rampage+1","floor":36},{"not_picked":["Havoc+1","Perfected Strike+1","Twin Strike+1"],"picked":"Singing Bowl","floor":37},{"not_picked":["Pummel+1","Seeing Red+1"],"picked":"Body Slam+1","floor":38},{"not_picked":["Sword Boomerang+1","Warcry+1"],"picked":"Body Slam+1","floor":39}],"player_experience":121541,"relics_obtained":[{"floor":7,"key":"Gambling Chip"},{"floor":9,"key":"Singing Bowl"},{"floor":11,"key":"Orichalcum"},{"floor":23,"key":"Molten Egg 2"},{"floor":25,"key":"Mercury Hourglass"}],"event_choices":[{"cards_removed":["Strike_R"],"damage_healed":0,"gold_gain":0,"player_choice":"Gave Gold","damage_taken":0,"max_hp_gain":0,"max_hp_loss":0,"event_name":"Beggar","floor":27,"gold_loss":75},{"damage_healed":0,"gold_gain":0,"player_choice":"Ignored","damage_taken":0,"max_hp_gain":0,"max_hp_loss":0,"event_name":"Ghosts","floor":29,"gold_loss":0}],"is_beta":false,"boss_relics":[{"not_picked":["Empty Cage","Black Blood"],"picked":"Runic Dome"},{"not_picked":["Lizard Tail","Cursed Key"],"picked":"Sozu"}],"items_purged_floors":[],"is_endless":false,"potions_floor_spawned":[4,5,7,8,18,19,22,30,33,35,36,39],"killed_by":"Giant Head","ascension_level":0}