{"gold_per_floor":[115,127,141,141,151,151,186,186,186,261,261,305,455,474,474,565,565,565,565,565,565,565,565],"floor_reached":23,"playtime":846,"items_purged":[],"score":402,"play_id":"fdd95e4f-a7fd-4e8f-b342-54f212ebdd3b","local_time":"20191007213333","is_ascension_mode":true,"campfire_choices":[{"data":"Mind Blast","floor":6.0,"key":"SMITH"},{"floor":8.0,"key":"REST"},{"floor":15.0,"key":"REST"}],"neow_cost":"TEN_PERCENT_HP_LOSS","seed_source_timestamp":776113811403600,"circlet_count":0,"master_deck":["AscendersBane","Strike_B","Strike_B","Strike_B+1","Strike_B","Defend_B","Defend_B","Defend_B","Defend_B","Zap","Dualcast","Mind Blast+1","Dramatic Entrance","Beam Cell","Go for the Eyes","Gash+1","Rip and Tear","Injury","Cold Snap","Doubt","Consume","All For One","White Noise","Writhe","Reinforced Body","Gash"],"special_seed":0,"relics":["Cracked Core","Mango","Blue Candle","Golden Idol","Dodecahedron","Ectoplasm","Matryoshka"],"potions_floor_usage":[],"damage_taken":[{"damage":0.0,"enemies":"Small Slimes","floor":1.0,"turns":3.0},{"damage":12.0,"enemies":"Jaw Worm","floor":2.0,"turns":3.0},{"damage":0.0,"enemies":"Cultist","floor":3.0,"turns":2.0},{"damage":0.0,"enemies":"Gremlin Gang","floor":5.0,"turns":1.0},{"damage":30.0,"enemies":"Lagavulin","floor":7.0,"turns":7.0},{"damage":10.0,"enemies":"3 Sentries","floor":12.0,"turns":4.0},{"damage":5.0,"enemies":"Lots of Slimes","floor":14.0,"turns":2.0},{"damage":30.0,"enemies":"The Guardian","floor":16.0,"turns":14.0},{"damage":0.0,"enemies":"Spheric Guardian","floor":18.0,"turns":1.0},{"damage":26.0,"enemies":"Chosen","floor":20.0,"turns":5.0},{"damage":22.0,"enemies":"Shelled Parasite and Fungi","floor":22.0,"turns":4.0},{"damage":74,"enemies":"Slavers","floor":23,"turns":4}],"seed_played":"3288018015527986561","potions_obtained":[{"floor":3.0,"key":"Explosive Potion"},{"floor":7.0,"key":"SteroidPotion"},{"floor":16.0,"key":"AttackPotion"},{"floor":18.0,"key":"SteroidPotion"}],"is_trial":false,"path_per_floor":["M","M","M","?","M","R","E","R","T","?","?","E","?","M","R","B",null,"M","?","M","?","M","E"],"character_chosen":"DEFECT","items_purchased":[],"campfire_rested":2,"item_purchase_floors":[],"current_hp_per_floor":[64,52,52,33,33,33,17,40,40,29,29,19,19,14,37,7,60,60,60,34,88,66,0],"gold":565,"neow_bonus":"RANDOM_COLORLESS_2","is_prod":false,"is_daily":false,"chose_seed":false,"campfire_upgraded":1,"win_rate":0,"timestamp":1570476813,"path_taken":["M","M","M","?","M","R","E","R","T","?","?","E","?","?","R","BOSS","M","?","M","?","?","E"],"build_version":"2019-07-17","purchased_purges":0,"victory":false,"max_hp_per_floor":[64,64,64,64,64,64,78,78,78,78,78,78,78,78,78,78,78,78,78,78,88,88,88],"card_choices":[{"not_picked":["Lockon","Turbo"],"picked":"Beam Cell","floor":1.0},{"not_picked":["Doom and Gloom","Streamline"],"picked":"Go for the Eyes","floor":2.0},{"not_picked":["Consume","Barrage"],"picked":"Gash","floor":3.0},{"not_picked":["Fusion","Rebound"],"picked":"Rip and Tear","floor":5.0},{"not_picked":["Lockon","Ball Lightning"],"picked":"Biased Cognition","floor":7.0},{"not_picked":["Meteor Strike","Redo"],"picked":"Cold Snap","floor":12.0},{"not_picked":["Force Field","Turbo"],"picked":"Consume","floor":14.0},{"not_picked":["Seek","Biased Cognition"],"picked":"All For One","floor":16.0},{"not_picked":["Hologram","Force Field"],"picked":"White Noise","floor":18.0},{"not_picked":["Tempest","Steam"],"picked":"Reinforced Body","floor":20.0},{"not_picked":["Steam Power","Blizzard"],"picked":"Gash","floor":22.0}],"player_experience":435251,"relics_obtained":[{"floor":7.0,"key":"Mango"},{"floor":9.0,"key":"Blue Candle"},{"floor":12.0,"key":"Dodecahedron"}],"event_choices":[{"damage_healed":0.0,"max_hp_gain":0.0,"max_hp_loss":0.0,"gold_gain":0.0,"event_name":"Shining Light","player_choice":"Entered Light","floor":4.0,"gold_loss":0.0,"damage_taken":19.0,"cards_upgraded":["Gash","Strike_B"]},{"damage_healed":0.0,"max_hp_gain":0.0,"max_hp_loss":0.0,"gold_gain":75.0,"event_name":"World of Goop","player_choice":"Gather Gold","floor":10.0,"gold_loss":0.0,"damage_taken":11.0},{"damage_healed":0.0,"max_hp_gain":0.0,"max_hp_loss":0.0,"gold_gain":0.0,"event_name":"Golden Idol","player_choice":"Take Wound","floor":11.0,"gold_loss":0.0,"damage_taken":0.0,"relics_obtained":["Golden Idol"],"cards_obtained":["Injury"]},{"damage_healed":0.0,"max_hp_gain":0.0,"max_hp_loss":0.0,"gold_gain":150.0,"event_name":"Liars Game","player_choice":"AGREE","floor":13.0,"gold_loss":0.0,"damage_taken":0.0,"cards_obtained":["Doubt"]},{"damage_healed":0.0,"max_hp_gain":0.0,"max_hp_loss":0.0,"gold_gain":0.0,"event_name":"The Mausoleum","player_choice":"Opened","floor":19.0,"gold_loss":0.0,"damage_taken":0.0,"relics_obtained":["Matryoshka"],"cards_obtained":["Writhe"]},{"cards_removed":["Biased Cognition"],"damage_healed":44.0,"max_hp_gain":10.0,"max_hp_loss":0.0,"gold_gain":0.0,"event_name":"Bonfire Elementals","player_choice":"Offered Rare","floor":21.0,"gold_loss":0.0,"damage_taken":0.0}],"is_beta":false,"boss_relics":[{"not_picked":["Nuclear Battery","Runic Pyramid"],"picked":"Ectoplasm"}],"items_purged_floors":[],"is_endless":false,"potions_floor_spawned":[3,7,16,18],"killed_by":"Slavers","ascension_level":20}