{"gold_per_floor":[118,138,154,165,181,206,206,237,310,330,349,349,47,74,74,178,178,196,206,206,225,225,225],"floor_reached":23,"playtime":1127,"items_purged":["Strike_G"],"score":290,"play_id":"cda38118-1a71-41ae-9219-809c35cb9c9c","local_time":"20190917054738","is_ascension_mode":true,"campfire_choices":[{"floor":7,"key":"REST"},{"floor":12,"key":"REST"},{"data":"Corpse Explosion","floor":15,"key":"SMITH"}],"neow_cost":"NONE","seed_source_timestamp":3062975197760400,"circlet_count":0,"master_deck":["Strike_G","Strike_G","Strike_G","Defend_G","Defend_G","Defend_G","Defend_G","Defend_G","Survivor","Neutralize","Deflect","Corpse Explosion+1","Terror","Flying Knee","Leg Sweep","Dagger Throw","Underhanded Strike","Blur","Dagger Spray","Envenom","Poisoned Stab","Doppelganger","Leg Sweep","Flying Knee","Writhe"],"relics":["Runic Dome","Pantograph","Ancient Tea Set","The Courier","Oddly Smooth Stone","Blood Vial","Girya","White Beast Statue","Art of War"],"potions_floor_usage":[6,6,8,16,19,21,23,23],"damage_taken":[{"damage":0,"enemies":"Cultist","floor":1,"turns":4},{"damage":4,"enemies":"2 Louse","floor":2,"turns":3},{"damage":3,"enemies":"Jaw Worm","floor":3,"turns":5},{"damage":0,"enemies":"2 Fungi Beasts","floor":4,"turns":2},{"damage":15,"enemies":"Lots of Slimes","floor":5,"turns":3},{"damage":12,"enemies":"Gremlin Nob","floor":6,"turns":5},{"damage":15,"enemies":"3 Sentries","floor":8,"turns":3},{"damage":0,"enemies":"Large Slime","floor":10,"turns":3},{"damage":3,"enemies":"Blue Slaver","floor":11,"turns":3},{"damage":8,"enemies":"Lagavulin","floor":14,"turns":8},{"damage":6,"enemies":"Hexaghost","floor":16,"turns":9},{"damage":27,"enemies":"Spheric Guardian","floor":18,"turns":8},{"damage":12,"enemies":"2 Thieves","floor":19,"turns":3},{"damage":26,"enemies":"Snecko","floor":21,"turns":5},{"damage":11,"enemies":"Book of Stabbing","floor":23,"turns":4}],"seed_played":"-8154416591117460970","potions_obtained":[{"floor":2,"key":"SpeedPotion"},{"floor":5,"key":"Regen Potion"},{"floor":6,"key":"LiquidBronze"},{"floor":8,"key":"Explosive Potion"},{"floor":10,"key":"Ancient Potion"},{"floor":14,"key":"LiquidBronze"},{"floor":18,"key":"LiquidBronze"},{"floor":19,"key":"SpeedPotion"},{"floor":21,"key":"SpeedPotion"}],"is_trial":false,"path_per_floor":["M","M","M","M","M","E","R","E","T","M","M","R","$","E","R","B",null,"M","M","?","M","?","E"],"character_chosen":"THE_SILENT","items_purchased":["Oddly Smooth Stone","Blood Vial"],"campfire_rested":2,"item_purchase_floors":[13,13],"current_hp_per_floor":[63,59,56,56,41,43,64,49,49,49,46,67,67,61,61,64,69,43,33,33,9,9,0],"gold":225,"neow_bonus":"BOSS_RELIC","is_prod":false,"is_daily":false,"chose_seed":false,"campfire_upgraded":1,"win_rate":0,"timestamp":1568692058,"path_taken":["M","?","M","M","M","E","R","E","T","M","M","R","$","E","R","BOSS","M","M","?","?","?","E"],"build_version":"2019-07-17","purchased_purges":1,"victory":false,"max_hp_per_floor":[70,70,70,70,70,70,70,70,70,70,70,70,70,70,70,70,70,70,70,70,70,70,70],"card_choices":[{"not_picked":["Slice","Acrobatics"],"picked":"Deflect","floor":1},{"not_picked":["Poisoned Stab","Backflip"],"picked":"Corpse Explosion","floor":2},{"not_picked":["Quick Slash","Prepared"],"picked":"Terror","floor":3},{"not_picked":["Backflip","Dodge and Roll"],"picked":"Flying Knee","floor":4},{"not_picked":["Accuracy","Prepared"],"picked":"Leg Sweep","floor":5},{"not_picked":["Flying Knee","Underhanded Strike"],"picked":"Dagger Throw","floor":6},{"not_picked":["Die Die Die","All Out Attack"],"picked":"Underhanded Strike","floor":8},{"not_picked":["Flying Knee","Dodge and Roll"],"picked":"Blur","floor":10},{"not_picked":["Leg Sweep","Slice","Deflect"],"picked":"SKIP","floor":11},{"not_picked":["Grand Finale","Sucker Punch"],"picked":"Dagger Spray","floor":14},{"not_picked":["Unload","Die Die Die"],"picked":"Envenom","floor":16},{"not_picked":["Bane+1","Deflect"],"picked":"Poisoned Stab","floor":18},{"not_picked":["Dagger Throw","Quick Slash"],"picked":"Doppelganger","floor":19},{"not_picked":["Accuracy","Leg Sweep"],"picked":"Flying Knee","floor":21}],"player_experience":227463,"relics_obtained":[{"floor":6,"key":"Pantograph"},{"floor":8,"key":"Ancient Tea Set"},{"floor":9,"key":"The Courier"},{"floor":14,"key":"Girya"}],"event_choices":[{"damage_healed":0,"gold_gain":0,"cards_transformed":["Strike_G"],"player_choice":"Transformed","damage_taken":0,"max_hp_gain":0,"max_hp_loss":0,"event_name":"Transmorgrifier","floor":20,"gold_loss":0,"cards_obtained":["Leg Sweep"]},{"damage_healed":0,"gold_gain":0,"player_choice":"Opened","damage_taken":0,"relics_obtained":["Art of War"],"max_hp_gain":0,"max_hp_loss":0,"event_name":"The Mausoleum","floor":22,"gold_loss":0,"cards_obtained":["Writhe"]}],"is_beta":false,"boss_relics":[{"not_picked":["Snecko Eye","Orrery"],"picked":"White Beast Statue"}],"items_purged_floors":[13],"is_endless":false,"potions_floor_spawned":[2,5,6,8,10,14,18,19,21],"killed_by":"Book of Stabbing","ascension_level":7}