{"gold_per_floor":[114,129,129,144,159,159,189,204,229,229,259,259,314,489,489,589,589,604,619,44,44,44,74,74,74],"floor_reached":25,"playtime":1327,"items_purged":["Doubt"],"score":254,"play_id":"2d875597-dea9-4291-a990-da385fe81480","local_time":"20190916192410","daily_mods":["Heirloom","Time Dilation","Lethality"],"is_ascension_mode":false,"campfire_choices":[{"data":"1","floor":6,"key":"LIFT"},{"floor":10,"key":"REST"},{"floor":12,"key":"REST"},{"data":"2","floor":15,"key":"LIFT"},{"data":"3","floor":24,"key":"LIFT"}],"neow_cost":"","seed_source_timestamp":0,"circlet_count":0,"master_deck":["Strike_B","Strike_B","Strike_B","Strike_B","Defend_B","Defend_B","Defend_B","Defend_B","Zap","Dualcast","Defragment","BootSequence","Gash","Hello World","Gash","Hologram","Gash","Leap","Creative AI","Coolheaded+1","Shame","Gash"],"special_seed":18155,"relics":["Cracked Core","Girya","Anchor","Art of War","Happy Flower","Bottled Tornado","Mercury Hourglass","Black Star","Mummified Hand","Bottled Lightning","Darkstone Periapt","Smiling Mask","Calipers"],"potions_floor_usage":[7,13,23,25],"damage_taken":[{"damage":4,"enemies":"Jaw Worm","floor":1,"turns":3},{"damage":0,"enemies":"Small Slimes","floor":2,"turns":3},{"damage":0,"enemies":"2 Louse","floor":4,"turns":2},{"damage":0,"enemies":"Large Slime","floor":5,"turns":4},{"damage":16,"enemies":"3 Sentries","floor":7,"turns":5},{"damage":8,"enemies":"2 Fungi Beasts","floor":8,"turns":3},{"damage":21,"enemies":"Lagavulin","floor":11,"turns":4},{"damage":9,"enemies":"3 Sentries","floor":13,"turns":4},{"damage":15,"enemies":"The Guardian","floor":16,"turns":8},{"damage":1,"enemies":"Chosen","floor":18,"turns":3},{"damage":6,"enemies":"2 Thieves","floor":19,"turns":4},{"damage":23,"enemies":"Book of Stabbing","floor":23,"turns":4},{"damage":51,"enemies":"Gremlin Leader","floor":25,"turns":4}],"seed_played":"8700848566336590006","potions_obtained":[{"floor":2,"key":"FearPotion"},{"floor":4,"key":"SpeedPotion"},{"floor":5,"key":"FocusPotion"},{"floor":16,"key":"SteroidPotion"},{"floor":18,"key":"Dexterity Potion"},{"floor":19,"key":"Swift Potion"}],"is_trial":false,"path_per_floor":["M","M","?","M","M","R","E","M","T","R","E","R","?","?","R","B",null,"M","M","$","?","?","E","R","E"],"character_chosen":"DEFECT","items_purchased":["Mummified Hand","Bottled Lightning"],"campfire_rested":2,"item_purchase_floors":[20,20],"current_hp_per_floor":[71,71,64,64,64,64,48,40,40,62,41,63,54,54,54,39,75,74,68,68,68,74,51,51,0],"gold":74,"neow_bonus":"","is_prod":false,"is_daily":true,"chose_seed":false,"campfire_upgraded":0,"win_rate":0,"timestamp":1568654650,"path_taken":["M","M","?","M","M","R","E","M","T","R","E","R","?","?","R","BOSS","M","M","$","?","?","E","R","E"],"build_version":"2019-07-17","purchased_purges":1,"victory":false,"max_hp_per_floor":[75,75,75,75,75,75,75,75,75,75,75,75,75,75,75,75,75,75,75,75,75,81,81,81,81],"card_choices":[{"not_picked":["Turbo","Gash"],"picked":"Defragment","floor":1},{"not_picked":["Hologram","Cold Snap"],"picked":"BootSequence","floor":2},{"not_picked":["Leap","Glacier"],"picked":"Gash","floor":4},{"not_picked":["Sunder","Auto Shields"],"picked":"Hello World","floor":5},{"not_picked":["Go for the Eyes","Turbo"],"picked":"Gash","floor":7},{"not_picked":["Heatsinks","Turbo"],"picked":"Hologram","floor":8},{"not_picked":["Cold Snap","Undo"],"picked":"Gash","floor":11},{"not_picked":["Coolheaded","Heatsinks"],"picked":"Leap","floor":13},{"not_picked":["All For One","Seek"],"picked":"Creative AI","floor":16},{"not_picked":["Hologram","Doom and Gloom+1","Redo"],"picked":"SKIP","floor":18},{"not_picked":["Sweeping Beam+1","Chaos"],"picked":"Coolheaded+1","floor":19},{"not_picked":["Echo Form","Loop"],"picked":"Gash","floor":23}],"player_experience":218645,"relics_obtained":[{"floor":7,"key":"Art of War"},{"floor":9,"key":"Happy Flower"},{"floor":11,"key":"Bottled Tornado"},{"floor":13,"key":"Mercury Hourglass"},{"floor":23,"key":"Smiling Mask"},{"floor":23,"key":"Calipers"}],"event_choices":[{"damage_healed":0,"gold_gain":0,"player_choice":"Success","damage_taken":7,"relics_obtained":["Anchor"],"max_hp_gain":0,"max_hp_loss":0,"event_name":"Scrap Ooze","floor":3,"gold_loss":0},{"damage_healed":0,"gold_gain":30,"player_choice":"Searched \u00273\u0027 times","damage_taken":0,"max_hp_gain":0,"max_hp_loss":0,"event_name":"Dead Adventurer","floor":13,"gold_loss":0},{"damage_healed":0,"gold_gain":175,"player_choice":"AGREE","damage_taken":0,"max_hp_gain":0,"max_hp_loss":0,"event_name":"Liars Game","floor":14,"gold_loss":0,"cards_obtained":["Doubt"]},{"damage_healed":0,"gold_gain":0,"player_choice":"Ignored","damage_taken":0,"max_hp_gain":0,"max_hp_loss":0,"event_name":"Ghosts","floor":21,"gold_loss":0},{"damage_healed":0,"gold_gain":0,"player_choice":"Stole Relic","damage_taken":0,"relics_obtained":["Darkstone Periapt"],"max_hp_gain":0,"max_hp_loss":0,"event_name":"Addict","floor":22,"gold_loss":0,"cards_obtained":["Shame"]}],"is_beta":false,"boss_relics":[{"not_picked":["Snecko Eye","Runic Pyramid"],"picked":"Black Star"}],"items_purged_floors":[20],"is_endless":false,"potions_floor_spawned":[2,4,5,16,18,19],"killed_by":"Gremlin Leader","ascension_level":0}