{"gold_per_floor":[119,137,149,169,185,210,210,210,234,234,251,267,217,179,179,277,327,343,343,359,393,411,411,443,443,443,443,457,477,502,532,544,556],"floor_reached":33,"playtime":3655,"items_purged":[],"score":296,"play_id":"c016fd88-dc82-4cc4-a095-e1c918e9077a","local_time":"20190901131039","is_ascension_mode":false,"campfire_choices":[{"data":"Blood for Blood","floor":7.0,"key":"SMITH"},{"floor":10,"key":"REST"},{"data":"Pommel Strike","floor":15,"key":"SMITH"},{"data":"Juggernaut","floor":23,"key":"SMITH"},{"floor":25,"key":"REST"},{"floor":32,"key":"REST"}],"neow_cost":"NONE","seed_source_timestamp":0,"circlet_count":0,"master_deck":["Strike_R+1","Strike_R+1","Strike_R+1","Strike_R+1","Strike_R+1","Defend_R+1","Defend_R+1","Defend_R+1","Bash+1","Iron Wave","Blood for Blood+1","Reckless Charge+1","Pommel Strike+1","Seeing Red","Thunderclap","Clothesline","Headbutt","Juggernaut+1","Iron Wave","Corruption+1","Perfected Strike","Carnage","Headbutt+1","Inflame","Ghostly","Ghostly","Ghostly","Ghostly","Ghostly","Shockwave+1","Warcry+1","Clash"],"special_seed":0,"relics":["Burning Blood","Gambling Chip","Happy Flower","Tiny House","Red Mask","Strawberry","Anchor","MawBank"],"potions_floor_usage":[21,24,24],"damage_taken":[{"damage":6.0,"enemies":"Cultist","floor":1.0,"turns":4.0},{"damage":12.0,"enemies":"Small Slimes","floor":2.0,"turns":4.0},{"damage":0.0,"enemies":"2 Louse","floor":3.0,"turns":3.0},{"damage":20.0,"enemies":"Looter","floor":4.0,"turns":3.0},{"damage":10.0,"enemies":"Large Slime","floor":5.0,"turns":7.0},{"damage":21.0,"enemies":"3 Sentries","floor":6.0,"turns":8.0},{"damage":1,"enemies":"Exordium Thugs","floor":11,"turns":4},{"damage":6,"enemies":"3 Louse","floor":12,"turns":3},{"damage":57,"enemies":"Hexaghost","floor":16,"turns":8},{"damage":20,"enemies":"2 Thieves","floor":18,"turns":3},{"damage":0,"enemies":"Chosen","floor":20,"turns":3},{"damage":12,"enemies":"Masked Bandits","floor":21,"turns":5},{"damage":24,"enemies":"3 Cultists","floor":22,"turns":6},{"damage":37,"enemies":"Gremlin Leader","floor":24,"turns":5},{"damage":19,"enemies":"Snecko","floor":28,"turns":6},{"damage":20,"enemies":"Cultist and Chosen","floor":29,"turns":7},{"damage":7,"enemies":"3 Cultists","floor":31,"turns":5},{"damage":41,"enemies":"Automaton","floor":33,"turns":8}],"seed_played":"6987164639595225071","potions_obtained":[{"floor":1.0,"key":"Energy Potion"},{"floor":3.0,"key":"EssenceOfSteel"},{"floor":6.0,"key":"GamblersBrew"},{"floor":17,"key":"Block Potion"},{"floor":21,"key":"AttackPotion"},{"floor":22,"key":"Ancient Potion"},{"floor":24,"key":"Ancient Potion"},{"floor":28,"key":"EntropicBrew"},{"floor":29,"key":"SkillPotion"}],"is_trial":false,"path_per_floor":["M","M","M","M","M","E","R","?","T","R","M","M","?","?","R","B",null,"M","?","M","?","M","R","E","R","T","?","M","M","T","M","R","B"],"character_chosen":"IRONCLAD","items_purchased":[],"campfire_rested":3,"item_purchase_floors":[],"current_hp_per_floor":[88,82,88,74,70,55,55,37,37,63,68,68,68,68,68,17,93,79,79,85,79,61,61,37,67,67,50,37,23,23,22,37,0],"gold":556,"neow_bonus":"TEN_PERCENT_HP_BONUS","is_prod":false,"is_daily":false,"chose_seed":false,"campfire_upgraded":3,"win_rate":0.0,"timestamp":1567336239,"path_taken":["M","M","?","M","M","E","R","?","T","R","M","M","?","?","R","BOSS","M","?","M","?","M","R","E","R","T","?","M","M","?","M","R","BOSS"],"build_version":"2019-07-17","purchased_purges":0,"victory":false,"max_hp_per_floor":[88,88,88,88,88,88,88,88,88,88,88,88,88,88,88,88,93,93,93,93,93,93,93,100,100,100,50,50,50,50,50,50,50],"card_choices":[{"not_picked":["Flame Barrier","Entrench"],"picked":"Iron Wave","floor":1.0},{"not_picked":["Headbutt","Twin Strike"],"picked":"Blood for Blood","floor":2.0},{"not_picked":["Feel No Pain","Entrench"],"picked":"Reckless Charge","floor":3.0},{"not_picked":["Flex","Shrug It Off"],"picked":"Pommel Strike","floor":4.0},{"not_picked":["Dropkick","Iron Wave"],"picked":"Seeing Red","floor":5.0},{"not_picked":["Sever Soul","Power Through"],"picked":"Thunderclap","floor":6.0},{"not_picked":["Flame Barrier","Fire Breathing"],"picked":"Clothesline","floor":11},{"not_picked":["Twin Strike","Dual Wield"],"picked":"Headbutt","floor":12},{"not_picked":["Impervious","Bludgeon"],"picked":"Juggernaut","floor":16},{"not_picked":["Rupture","Headbutt"],"picked":"Iron Wave","floor":17},{"not_picked":["Uppercut","Twin Strike"],"picked":"Corruption+1","floor":18},{"not_picked":["Anger+1","Headbutt"],"picked":"Perfected Strike","floor":20},{"not_picked":["Thunderclap","Shrug It Off"],"picked":"Carnage","floor":21},{"not_picked":["True Grit+1","Anger"],"picked":"Headbutt+1","floor":22},{"not_picked":["Armaments","Juggernaut"],"picked":"Inflame","floor":24},{"not_picked":["Headbutt","Fire Breathing+1"],"picked":"Shockwave+1","floor":28},{"not_picked":["Sword Boomerang","Cleave+1"],"picked":"Warcry+1","floor":29},{"not_picked":["Perfected Strike","Flex"],"picked":"Clash","floor":31}],"player_experience":3320,"relics_obtained":[{"floor":6.0,"key":"Gambling Chip"},{"floor":9.0,"key":"Happy Flower"},{"floor":21,"key":"Red Mask"},{"floor":24,"key":"Strawberry"},{"floor":26,"key":"Anchor"},{"floor":30,"key":"MawBank"}],"event_choices":[{"damage_healed":0.0,"max_hp_gain":0.0,"max_hp_loss":0.0,"gold_gain":0.0,"event_name":"Shining Light","player_choice":"Entered Light","floor":8.0,"gold_loss":0.0,"damage_taken":18.0,"cards_upgraded":["Bash","Reckless Charge"]},{"cards_removed":["Defend_R"],"damage_healed":0,"gold_gain":0,"player_choice":"Card Removal","damage_taken":0,"max_hp_gain":0,"max_hp_loss":0,"event_name":"The Cleric","floor":13,"gold_loss":50},{"damage_healed":0,"gold_gain":0,"player_choice":"Left Gold","damage_taken":0,"max_hp_gain":0,"max_hp_loss":0,"event_name":"World of Goop","floor":14,"gold_loss":38},{"damage_healed":0,"gold_gain":0,"player_choice":"Simplicity","damage_taken":0,"max_hp_gain":0,"max_hp_loss":0,"event_name":"Back to Basics","floor":19,"gold_loss":0,"cards_upgraded":["Strike_R","Strike_R","Strike_R","Strike_R","Strike_R","Defend_R","Defend_R"]},{"damage_healed":0,"gold_gain":0,"player_choice":"Fought Bandits","damage_taken":0,"max_hp_gain":0,"max_hp_loss":0,"event_name":"Masked Bandits","floor":21,"gold_loss":0},{"damage_healed":0,"gold_gain":0,"player_choice":"Became a Ghost","damage_taken":0,"max_hp_gain":0,"max_hp_loss":50,"event_name":"Ghosts","floor":27,"gold_loss":0,"cards_obtained":["Ghostly","Ghostly","Ghostly","Ghostly","Ghostly"]}],"is_beta":false,"boss_relics":[{"not_picked":["Coffee Dripper","Eternal Feather"],"picked":"Tiny House"}],"items_purged_floors":[],"is_endless":false,"potions_floor_spawned":[1,3,6,21,22,24,28,29],"killed_by":"Automaton","ascension_level":0}