{"gold_per_floor":[114,127,143,143,143,143,169,169,169,200,200,211,227,242,242,345,345,360,275,293,310,343,376,396,422,502,502,528,528,557,569,569,668,668,682,701,714,728,59,87,87,119,199,214,214,243,255,275,275,275],"floor_reached":50,"playtime":3054,"items_purged":[],"score":701,"play_id":"1b8d7b72-f952-4d4a-9f22-ed6361efdf85","local_time":"20190729191459","is_ascension_mode":false,"campfire_choices":[{"data":"Flame Barrier","floor":6,"key":"SMITH"},{"floor":8,"key":"REST"},{"floor":11,"key":"RECALL"},{"data":"Entrench","floor":15,"key":"SMITH"},{"floor":27,"key":"REST"},{"floor":29,"key":"REST"},{"data":"Second Wind","floor":32,"key":"SMITH"},{"floor":41,"key":"REST"},{"floor":49,"key":"REST"}],"neow_cost":"NONE","seed_source_timestamp":19914099309529,"circlet_count":0,"master_deck":["Strike_R","Strike_R","Strike_R","Strike_R","Strike_R+1","Defend_R","Defend_R","Defend_R+1","Defend_R","Bash","Evolve","Flame Barrier+1","Body Slam","Entrench","Thunderclap","Power Through","Anger","Entrench+1","Inflame","Immolate","Headbutt+1","Body Slam","True Grit+1","Second Wind+1","Feed","Headbutt","Intimidate","Corruption","Spot Weakness","Uppercut+1","Power Through","Shrug It Off","Demon Form","Sentinel","Flex","Whirlwind+1","Clothesline+1","Swift Strike","Immolate","Rupture","Bloodletting","Headbutt+1","Flex+1","Rage+1","Anger","Writhe","Feel No Pain+1","Second Wind+1","Anger+1","Flame Barrier"],"relics":["Burning Blood","Dream Catcher","Incense Burner","Vajra","Mark of Pain","Ancient Tea Set","Red Mask","Mercury Hourglass","Art of War","Meat on the Bone","Pantograph","Anchor","Fusion Hammer","Question Card","Potion Belt","Champion Belt","Frozen Egg 2","Sundial"],"potions_floor_usage":[7,14,16,20,21,24,33,38,44,50],"damage_taken":[{"damage":3,"enemies":"Small Slimes","floor":1,"turns":3},{"damage":4,"enemies":"2 Louse","floor":2,"turns":3},{"damage":11,"enemies":"Jaw Worm","floor":3,"turns":3},{"damage":20,"enemies":"Gremlin Nob","floor":7,"turns":4},{"damage":15,"enemies":"3 Sentries","floor":10,"turns":9},{"damage":6,"enemies":"Exordium Thugs","floor":12,"turns":5},{"damage":6,"enemies":"3 Louse","floor":13,"turns":4},{"damage":0,"enemies":"Exordium Wildlife","floor":14,"turns":4},{"damage":10,"enemies":"Hexaghost","floor":16,"turns":9},{"damage":5,"enemies":"3 Byrds","floor":18,"turns":4},{"damage":0,"enemies":"Spheric Guardian","floor":20,"turns":1},{"damage":5,"enemies":"Snake Plant","floor":21,"turns":3},{"damage":18,"enemies":"Masked Bandits","floor":22,"turns":5},{"damage":21,"enemies":"Book of Stabbing","floor":23,"turns":6},{"damage":11,"enemies":"Chosen and Byrds","floor":24,"turns":5},{"damage":25,"enemies":"Slavers","floor":25,"turns":4},{"damage":39,"enemies":"Gremlin Leader","floor":28,"turns":6},{"damage":40,"enemies":"Slavers","floor":30,"turns":6},{"damage":0,"enemies":"Centurion and Healer","floor":31,"turns":7},{"damage":35,"enemies":"Automaton","floor":33,"turns":11},{"damage":0,"enemies":"3 Shapes","floor":35,"turns":3},{"damage":6,"enemies":"3 Darklings","floor":36,"turns":4},{"damage":17,"enemies":"Jaw Worm Horde","floor":37,"turns":5},{"damage":42,"enemies":"Spire Growth","floor":38,"turns":5},{"damage":45,"enemies":"Reptomancer","floor":40,"turns":7},{"damage":14,"enemies":"Nemesis","floor":42,"turns":9},{"damage":8,"enemies":"Writhing Mass","floor":44,"turns":5},{"damage":32,"enemies":"Reptomancer","floor":46,"turns":6},{"damage":29,"enemies":"Maw","floor":47,"turns":8},{"damage":0,"enemies":"3 Darklings","floor":48,"turns":2},{"damage":102,"enemies":"Awakened One","floor":50,"turns":12}],"seed_played":"-8681170966215588674","potions_obtained":[{"floor":1,"key":"FearPotion"},{"floor":10,"key":"Weak Potion"},{"floor":13,"key":"Block Potion"},{"floor":14,"key":"Fruit Juice"},{"floor":18,"key":"Fire Potion"},{"floor":20,"key":"Swift Potion"},{"floor":28,"key":"PowerPotion"},{"floor":35,"key":"Poison Potion"},{"floor":40,"key":"Energy Potion"},{"floor":42,"key":"EssenceOfSteel"},{"floor":47,"key":"AttackPotion"},{"floor":48,"key":"FearPotion"}],"is_trial":false,"path_per_floor":["M","M","M","?","?","R","E","R","T","E","R","M","M","M","R","B",null,"M","?","M","M","?","E","M","E","T","R","E","R","E","M","R","B",null,"M","M","M","M","$","E","R","E","T","M","?","E","M","M","R","B"],"character_chosen":"IRONCLAD","items_purchased":["Swift Strike","Immolate","Rupture","Bloodletting","Question Card"],"campfire_rested":5,"item_purchase_floors":[39,39,39,39,39],"current_hp_per_floor":[80,80,75,80,63,63,49,74,74,65,65,65,65,76,76,72,90,90,90,90,90,78,63,58,39,39,66,45,72,53,62,62,58,96,96,96,85,64,64,37,66,58,58,56,81,67,56,62,91,0],"gold":275,"neow_bonus":"RANDOM_COMMON_RELIC","is_prod":false,"is_daily":false,"chose_seed":false,"campfire_upgraded":3,"win_rate":0,"timestamp":1564420499,"path_taken":["M","M","M","?","?","R","E","R","T","E","R","M","M","M","R","BOSS","M","?","M","M","?","E","M","E","T","R","E","R","E","M","R","BOSS","M","M","M","M","$","E","R","E","T","M","?","E","M","M","R","BOSS"],"build_version":"2019-07-17","purchased_purges":0,"victory":false,"max_hp_per_floor":[80,80,80,85,85,85,85,85,85,85,85,85,85,90,90,90,90,90,90,90,90,90,90,90,90,90,90,90,90,93,96,96,96,96,96,96,96,99,99,99,99,99,99,99,99,99,99,99,99,99],"card_choices":[{"not_picked":["Twin Strike","Clash"],"picked":"Evolve","floor":1},{"not_picked":["Hemokinesis","Thunderclap"],"picked":"Flame Barrier","floor":2},{"not_picked":["Twin Strike","Clash"],"picked":"Body Slam","floor":3},{"not_picked":["Second Wind","Offering"],"picked":"Entrench","floor":7},{"not_picked":["Heavy Blade","Wild Strike"],"picked":"Thunderclap","floor":8},{"not_picked":["Thunderclap","Heavy Blade"],"picked":"Power Through","floor":10},{"not_picked":["Thunderclap","Sword Boomerang"],"picked":"Anger","floor":12},{"not_picked":["Clash","Heavy Blade"],"picked":"Entrench","floor":13},{"not_picked":["Shrug It Off","Rampage"],"picked":"Inflame","floor":14},{"not_picked":["Offering","Impervious"],"picked":"Immolate","floor":16},{"not_picked":["Intimidate","Pommel Strike"],"picked":"Headbutt+1","floor":18},{"not_picked":["Clash","Shrug It Off"],"picked":"Body Slam","floor":20},{"not_picked":["Pommel Strike","Metallicize"],"picked":"True Grit+1","floor":21},{"not_picked":["Battle Trance+1","Evolve"],"picked":"Second Wind","floor":22},{"not_picked":["Havoc","Anger"],"picked":"Feed","floor":23},{"not_picked":["True Grit","Searing Blow+1"],"picked":"Headbutt","floor":24},{"not_picked":["Heavy Blade","Clothesline"],"picked":"Intimidate","floor":25},{"not_picked":["Heavy Blade","Fire Breathing"],"picked":"Corruption","floor":27},{"not_picked":["Carnage","Armaments"],"picked":"Spot Weakness","floor":28},{"not_picked":["Fire Breathing","Evolve"],"picked":"Uppercut+1","floor":29},{"not_picked":["Uppercut","Evolve+1"],"picked":"Power Through","floor":30},{"not_picked":["Armaments","Clash"],"picked":"Shrug It Off","floor":31},{"not_picked":["Fiend Fire","Offering"],"picked":"Demon Form","floor":33},{"not_picked":["Fire Breathing","Bloodletting"],"picked":"Sentinel","floor":35},{"not_picked":["Perfected Strike+1","Twin Strike"],"picked":"Flex","floor":36},{"not_picked":["Wild Strike","Blood for Blood"],"picked":"Whirlwind+1","floor":37},{"not_picked":["Battle Trance","Heavy Blade"],"picked":"Clothesline+1","floor":38},{"not_picked":["Rupture","Reckless Charge","Bludgeon"],"picked":"Headbutt+1","floor":40},{"not_picked":["Evolve+1","Iron Wave","Shrug It Off+1"],"picked":"Flex+1","floor":41},{"not_picked":["Reckless Charge+1","Iron Wave","True Grit+1"],"picked":"Rage+1","floor":42},{"not_picked":["Clash+1","Thunderclap+1","Hemokinesis+1"],"picked":"Anger","floor":44},{"not_picked":["Bludgeon","Shrug It Off+1","Spot Weakness+1"],"picked":"Feel No Pain+1","floor":46},{"not_picked":["Thunderclap","Shrug It Off+1","Clash"],"picked":"Second Wind+1","floor":47},{"not_picked":["True Grit+1","Havoc+1","Carnage"],"picked":"Anger+1","floor":48},{"not_picked":["Bloodletting+1","Sword Boomerang","Perfected Strike"],"picked":"Flame Barrier","floor":49}],"player_experience":151910,"relics_obtained":[{"floor":7,"key":"Incense Burner"},{"floor":10,"key":"Vajra"},{"floor":22,"key":"Red Mask"},{"floor":23,"key":"Mercury Hourglass"},{"floor":25,"key":"Art of War"},{"floor":26,"key":"Meat on the Bone"},{"floor":28,"key":"Pantograph"},{"floor":30,"key":"Anchor"},{"floor":40,"key":"Potion Belt"},{"floor":42,"key":"Champion Belt"},{"floor":43,"key":"Frozen Egg 2"},{"floor":46,"key":"Sundial"}],"event_choices":[{"damage_healed":0,"gold_gain":0,"player_choice":"Donut","damage_taken":0,"max_hp_gain":5,"max_hp_loss":0,"event_name":"Big Fish","floor":4,"gold_loss":0},{"damage_healed":0,"gold_gain":0,"player_choice":"Entered Light","damage_taken":17,"max_hp_gain":0,"max_hp_loss":0,"event_name":"Shining Light","floor":5,"gold_loss":0,"cards_upgraded":["Strike_R","Defend_R"]},{"damage_healed":0,"gold_gain":0,"player_choice":"Obtained Relic","damage_taken":0,"relics_obtained":["Ancient Tea Set"],"max_hp_gain":0,"max_hp_loss":0,"event_name":"Addict","floor":19,"gold_loss":85},{"damage_healed":0,"gold_gain":0,"player_choice":"Fought Bandits","damage_taken":0,"max_hp_gain":0,"max_hp_loss":0,"event_name":"Masked Bandits","floor":22,"gold_loss":0},{"damage_healed":25,"gold_gain":0,"player_choice":"Writhe","damage_taken":0,"max_hp_gain":0,"max_hp_loss":0,"event_name":"Winding Halls","floor":45,"gold_loss":0,"cards_obtained":["Writhe"]}],"is_beta":false,"boss_relics":[{"not_picked":["Astrolabe","Eternal Feather"],"picked":"Mark of Pain"},{"not_picked":["Pandora\u0027s Box","Black Blood"],"picked":"Fusion Hammer"}],"items_purged_floors":[],"is_endless":false,"potions_floor_spawned":[1,10,13,14,18,20,28,35,40,42,47,48],"killed_by":"Awakened One","ascension_level":0}