{"gold_per_floor":[115,115,135,151,167,196,196,216,216,4,20,20,49,74,74,172,172,190,190,209,223,240,265,265,292,292,309,309,339,339,353,353,455,455,465,465,31,41,59,59,89,389,389,406,417,430,430,430,430,430],"floor_reached":51,"playtime":4151,"items_purged":["Strike_B"],"score":958,"play_id":"b45dec08-a0a3-42ea-b838-442958509960","local_time":"20190917052823","is_ascension_mode":true,"campfire_choices":[{"floor":7,"key":"REST"},{"floor":12,"key":"REST"},{"floor":15,"key":"REST"},{"floor":28,"key":"REST"},{"floor":30,"key":"REST"},{"data":"Buffer","floor":32,"key":"SMITH"},{"data":"Loop","floor":40,"key":"SMITH"},{"floor":47,"key":"REST"},{"data":"Rainbow","floor":49,"key":"SMITH"}],"neow_cost":"PERCENT_DAMAGE","seed_source_timestamp":3058782164417700,"circlet_count":0,"master_deck":["Defend_B","Defend_B","Defend_B","Zap","Dualcast","Coolheaded","Leap","Rainbow+1","White Noise","Conserve Battery","Capacitor","Loop","Auto Shields+1","Buffer+1","Self Repair+1","Capacitor","Glacier+1","Barrage+1","Loop+1","Steam+1","Blizzard+1","Fusion+1","Coolheaded+1","Redo+1","Reinforced Body+1","Stack+1","Blizzard+1","Machine Learning","Leap+1","Magnetism","FTL+1","Parasite","Reinforced Body+1","Loop","Conserve Battery+1","Redo+1","Tempest+1","Pain"],"relics":["FrozenCore","Darkstone Periapt","Blue Candle","Toxic Egg 2","PreservedInsect","Mercury Hourglass","Strawberry","Velvet Choker","Dream Catcher","Bottled Flame","Bag of Marbles","DataDisk","Chemical X","Art of War","Shuriken","WarpedTongs"],"potions_floor_usage":[11,13,22,23,25,29,50,50,50,50],"damage_taken":[{"damage":0,"enemies":"Small Slimes","floor":1,"turns":3},{"damage":2,"enemies":"Jaw Worm","floor":3,"turns":3},{"damage":0,"enemies":"Cultist","floor":4,"turns":3},{"damage":10,"enemies":"3 Louse","floor":5,"turns":4},{"damage":20,"enemies":"Lagavulin","floor":6,"turns":7},{"damage":10,"enemies":"2 Fungi Beasts","floor":8,"turns":4},{"damage":11,"enemies":"Lots of Slimes","floor":11,"turns":4},{"damage":14,"enemies":"Gremlin Nob","floor":13,"turns":4},{"damage":16,"enemies":"The Guardian","floor":16,"turns":12},{"damage":0,"enemies":"Shell Parasite","floor":18,"turns":8},{"damage":0,"enemies":"Spheric Guardian","floor":20,"turns":8},{"damage":0,"enemies":"Centurion and Healer","floor":21,"turns":6},{"damage":5,"enemies":"Snake Plant","floor":22,"turns":5},{"damage":35,"enemies":"Slavers","floor":23,"turns":6},{"damage":0,"enemies":"Book of Stabbing","floor":25,"turns":7},{"damage":20,"enemies":"Shelled Parasite and Fungi","floor":27,"turns":7},{"damage":24,"enemies":"Gremlin Leader","floor":29,"turns":6},{"damage":1,"enemies":"Snecko","floor":31,"turns":6},{"damage":12,"enemies":"Automaton","floor":33,"turns":9},{"damage":11,"enemies":"Orb Walker","floor":35,"turns":5},{"damage":0,"enemies":"3 Shapes","floor":38,"turns":6},{"damage":16,"enemies":"Writhing Mass","floor":39,"turns":8},{"damage":25,"enemies":"Giant Head","floor":41,"turns":9},{"damage":41,"enemies":"Transient","floor":44,"turns":5},{"damage":3,"enemies":"4 Shapes","floor":45,"turns":7},{"damage":0,"enemies":"Spire Growth","floor":46,"turns":7},{"damage":80,"enemies":"Awakened One","floor":50,"turns":16}],"seed_played":"-2013676634029074349","potions_obtained":[{"floor":4,"key":"Regen Potion"},{"floor":8,"key":"Energy Potion"},{"floor":11,"key":"SteroidPotion"},{"floor":16,"key":"Block Potion"},{"floor":20,"key":"SteroidPotion"},{"floor":22,"key":"LiquidBronze"},{"floor":24,"key":"FairyPotion"},{"floor":24,"key":"SkillPotion"},{"floor":24,"key":"Strength Potion"},{"floor":29,"key":"SteroidPotion"},{"floor":38,"key":"SpeedPotion"},{"floor":39,"key":"EntropicBrew"}],"is_trial":false,"path_per_floor":["M","?","M","M","M","E","R","M","T","$","M","R","E","T","R","B",null,"M","?","M","M","M","E","?","E","T","M","R","E","R","M","R","B",null,"M","?","$","M","M","R","E","?","T","M","M","M","R","?","R","B",null],"character_chosen":"DEFECT","items_purchased":["PreservedInsect","Capacitor","Chemical X","Magnetism"],"campfire_rested":6,"item_purchase_floors":[10,10,37,37],"current_hp_per_floor":[54,51,49,49,39,19,41,31,31,31,20,42,40,47,71,55,75,75,75,82,82,82,57,57,67,67,57,81,67,82,82,82,80,82,81,81,81,82,82,82,67,67,67,36,43,53,79,85,85,30],"gold":430,"neow_bonus":"REMOVE_TWO","is_prod":false,"is_daily":false,"chose_seed":false,"campfire_upgraded":3,"win_rate":0,"timestamp":1568690903,"path_taken":["M","?","M","M","M","E","R","M","T","$","M","R","E","?","R","BOSS","M","?","M","M","M","E","?","E","T","M","R","E","R","?","R","BOSS","M","?","$","M","M","R","E","?","T","?","M","M","R","?","R","BOSS"],"build_version":"2019-07-17","purchased_purges":1,"victory":true,"max_hp_per_floor":[75,75,75,75,75,75,75,75,75,75,75,75,75,82,82,82,82,82,82,82,82,82,82,82,82,82,82,82,82,82,82,82,82,82,82,82,82,82,88,88,88,88,88,88,88,88,88,94,94,94],"card_choices":[{"not_picked":["Sweeping Beam","Compile Driver","Double Energy"],"picked":"SKIP","floor":1},{"not_picked":["Hologram","Turbo"],"picked":"Coolheaded","floor":3},{"not_picked":["Turbo","Beam Cell"],"picked":"Leap","floor":4},{"not_picked":["Ball Lightning","Compile Driver"],"picked":"Rainbow","floor":5},{"not_picked":["Force Field","Undo"],"picked":"White Noise","floor":6},{"not_picked":["Beam Cell","Leap"],"picked":"Conserve Battery","floor":8},{"not_picked":["Turbo+1","Ball Lightning"],"picked":"Loop","floor":11},{"not_picked":["Sweeping Beam","Capacitor"],"picked":"Auto Shields+1","floor":13},{"not_picked":["Multi-Cast+1","Meteor Strike"],"picked":"Buffer","floor":16},{"not_picked":["Barrage","Streamline"],"picked":"Self Repair+1","floor":18},{"not_picked":["Coolheaded+1","Auto Shields+1"],"picked":"Barrage+1","floor":20},{"not_picked":["Streamline","Beam Cell"],"picked":"Loop","floor":21},{"not_picked":["Coolheaded+1","Biased Cognition"],"picked":"Steam+1","floor":22},{"not_picked":["Scrape+1","Rip and Tear"],"picked":"Blizzard+1","floor":23},{"not_picked":["Fission+1","Compile Driver"],"picked":"Fusion+1","floor":25},{"not_picked":["Gash+1","Undo+1"],"picked":"Coolheaded+1","floor":27},{"not_picked":["Reprogram+1","Sweeping Beam"],"picked":"Redo+1","floor":28},{"not_picked":["Steam Power+1","Fission+1"],"picked":"Reinforced Body+1","floor":29},{"not_picked":["Cold Snap","Lockon"],"picked":"Stack+1","floor":30},{"not_picked":["Gash","Beam Cell"],"picked":"Blizzard+1","floor":31},{"not_picked":["Core Surge","Buffer"],"picked":"Machine Learning","floor":33},{"not_picked":["Double Energy+1","Doom and Gloom"],"picked":"Leap+1","floor":35},{"not_picked":["Streamline+1","Steam+1"],"picked":"FTL+1","floor":38},{"not_picked":["Rebound","Compile Driver","Sweeping Beam+1"],"picked":"SKIP","floor":39},{"not_picked":["Go for the Eyes","Sweeping Beam"],"picked":"Reinforced Body+1","floor":41},{"not_picked":["Rainbow+1","Leap+1"],"picked":"Loop","floor":44},{"not_picked":["Compile Driver","Cold Snap"],"picked":"Conserve Battery+1","floor":45},{"not_picked":["Streamline","Rip and Tear"],"picked":"Redo+1","floor":46},{"not_picked":["Coolheaded+1","FTL"],"picked":"Tempest+1","floor":47}],"player_experience":223312,"relics_obtained":[{"floor":6,"key":"Blue Candle"},{"floor":9,"key":"Toxic Egg 2"},{"floor":13,"key":"Mercury Hourglass"},{"floor":14,"key":"Strawberry"},{"floor":23,"key":"Dream Catcher"},{"floor":25,"key":"Bottled Flame"},{"floor":26,"key":"Bag of Marbles"},{"floor":29,"key":"DataDisk"},{"floor":41,"key":"Art of War"},{"floor":43,"key":"Shuriken"}],"event_choices":[{"damage_healed":0,"gold_gain":0,"player_choice":"Success","damage_taken":3,"relics_obtained":["Darkstone Periapt"],"max_hp_gain":0,"max_hp_loss":0,"event_name":"Scrap Ooze","floor":2,"gold_loss":0},{"damage_healed":0,"gold_gain":0,"cards_transformed":["Strike_B","Strike_B"],"player_choice":"Became Test Subject","damage_taken":0,"max_hp_gain":0,"max_hp_loss":0,"event_name":"Drug Dealer","floor":19,"gold_loss":0,"cards_obtained":["Capacitor","Glacier"]},{"damage_healed":0,"gold_gain":0,"player_choice":"Got Potions","damage_taken":0,"max_hp_gain":0,"max_hp_loss":0,"event_name":"Lab","floor":24,"gold_loss":0},{"damage_healed":0,"gold_gain":0,"player_choice":"Ignored","damage_taken":0,"max_hp_gain":0,"max_hp_loss":0,"event_name":"Tomb of Lord Red Mask","floor":36,"gold_loss":0},{"damage_healed":0,"gold_gain":300,"player_choice":"Gold","damage_taken":0,"max_hp_gain":0,"max_hp_loss":0,"event_name":"Wheel of Change","floor":42,"gold_loss":0},{"damage_healed":0,"gold_gain":0,"player_choice":"Rummage","damage_taken":0,"relics_obtained":["WarpedTongs"],"max_hp_gain":0,"max_hp_loss":0,"event_name":"Accursed Blacksmith","floor":48,"gold_loss":0,"cards_obtained":["Pain"]}],"is_beta":false,"boss_relics":[{"not_picked":["Pandora\u0027s Box","Ectoplasm"],"picked":"Velvet Choker"},{"not_picked":["Fusion Hammer","Nuclear Battery"],"picked":"FrozenCore"}],"items_purged_floors":[37],"is_endless":false,"potions_floor_spawned":[4,8,11,16,20,22,29,38,39,44],"ascension_level":5}