{"gold_per_floor":[109,109,124,124,141,141,173,173,248,273,349,364,74,86,86,185,185,196,196,208,223,138,170,170,202,202,221,221,233,233,233,233,331,331,344,362,362,106,106,106,133,148,148,6,6,6,18,38,38,38],"floor_reached":51,"playtime":2582,"items_purged":["Injury"],"score":978,"play_id":"7e946ae6-9ded-4c09-866e-f185064f9402","local_time":"20190915171857","is_ascension_mode":true,"campfire_choices":[{"data":"Noxious Fumes","floor":6,"key":"SMITH"},{"floor":8,"key":"REST"},{"floor":15,"key":"REST"},{"floor":24,"key":"REST"},{"floor":28,"key":"REST"},{"floor":30,"key":"REST"},{"floor":32,"key":"REST"},{"floor":40,"key":"REST"},{"floor":45,"key":"REST"},{"floor":49,"key":"REST"}],"neow_cost":"CURSE","seed_source_timestamp":2930189069925000,"circlet_count":0,"master_deck":["Strike_G","Strike_G","Strike_G","Defend_G","Defend_G","Defend_G","Defend_G","Defend_G","Survivor","Neutralize","Noxious Fumes+1","Escape Plan","Poisoned Stab","Flying Knee","Backstab","Well Laid Plans","Apotheosis+1","Infinite Blades","Sucker Punch","A Thousand Cuts","Footwork","Quick Slash+1","Deflect+1","Setup","PiercingWail+1","Backstab","Deadly Poison+1","Adrenaline","Crippling Poison+1","Footwork","Deep Breath","Underhanded Strike","Sucker Punch+1","Accuracy","Backflip","Poisoned Stab","Accuracy","Deadly Poison","Parasite","Cloak And Dagger"],"relics":["Ring of the Snake","Tingsha","Potion Belt","Pear","Boot","Sozu","Oddly Smooth Stone","Happy Flower","The Specimen","Paper Crane","Lizard Tail","Mercury Hourglass","Centennial Puzzle","Pantograph"],"potions_floor_usage":[7,16,27,33],"damage_taken":[{"damage":0,"enemies":"Cultist","floor":1,"turns":4},{"damage":3,"enemies":"Small Slimes","floor":3,"turns":4},{"damage":0,"enemies":"2 Louse","floor":5,"turns":3},{"damage":32,"enemies":"Gremlin Nob","floor":7,"turns":5},{"damage":22,"enemies":"Lagavulin","floor":10,"turns":6},{"damage":0,"enemies":"Exordium Wildlife","floor":12,"turns":4},{"damage":10,"enemies":"2 Fungi Beasts","floor":14,"turns":4},{"damage":8,"enemies":"The Guardian","floor":16,"turns":9},{"damage":22,"enemies":"Spheric Guardian","floor":18,"turns":4},{"damage":26,"enemies":"2 Thieves","floor":20,"turns":5},{"damage":5,"enemies":"Shelled Parasite and Fungi","floor":21,"turns":6},{"damage":12,"enemies":"Gremlin Leader","floor":23,"turns":5},{"damage":27,"enemies":"Book of Stabbing","floor":25,"turns":7},{"damage":9,"enemies":"Snake Plant","floor":27,"turns":4},{"damage":4,"enemies":"Cultist and Chosen","floor":29,"turns":7},{"damage":28,"enemies":"Automaton","floor":33,"turns":8},{"damage":32,"enemies":"3 Darklings","floor":35,"turns":6},{"damage":10,"enemies":"3 Shapes","floor":36,"turns":6},{"damage":33,"enemies":"Nemesis","floor":41,"turns":7},{"damage":11,"enemies":"Spire Growth","floor":42,"turns":4},{"damage":11,"enemies":"Sphere and 2 Shapes","floor":47,"turns":4},{"damage":15,"enemies":"Writhing Mass","floor":48,"turns":6},{"damage":52,"enemies":"Donu and Deca","floor":50,"turns":8}],"seed_played":"-6624533200402463636","potions_obtained":[{"floor":3,"key":"Strength Potion"},{"floor":7,"key":"Strength Potion"},{"floor":12,"key":"Poison Potion"},{"floor":14,"key":"Regen Potion"}],"is_trial":false,"path_per_floor":["M","?","M","?","M","R","E","R","T","E","?","M","$","M","R","B",null,"M","?","M","M","?","E","R","E","T","M","R","M","R","?","R","B",null,"M","M","?","$","?","R","E","M","T","$","R","?","M","M","R","B",null],"character_chosen":"THE_SILENT","items_purchased":["Apotheosis","Infinite Blades","Mercury Hourglass","Accuracy","Backflip","Poisoned Stab"],"campfire_rested":9,"item_purchase_floors":[13,13,38,44,44,44],"current_hp_per_floor":[63,68,65,65,65,65,33,55,65,43,43,43,43,33,58,65,80,58,58,32,27,27,15,40,13,13,4,29,25,50,34,61,33,76,44,34,34,34,34,61,28,17,17,17,44,44,33,18,45,18],"gold":38,"neow_bonus":"ONE_RARE_RELIC","is_prod":false,"is_daily":false,"chose_seed":false,"campfire_upgraded":1,"win_rate":0,"timestamp":1568560737,"path_taken":["M","?","M","?","?","R","E","R","T","E","?","M","$","M","R","BOSS","M","?","M","M","?","E","R","E","T","M","R","M","R","?","R","BOSS","M","M","?","$","?","R","E","?","T","$","R","?","M","M","R","BOSS"],"build_version":"2019-07-17","purchased_purges":1,"victory":true,"max_hp_per_floor":[70,75,75,75,75,75,75,75,85,85,85,85,85,85,85,85,85,85,85,85,85,85,85,85,85,85,85,85,85,85,90,90,90,90,90,90,90,90,90,90,90,90,90,90,90,90,90,90,90,90],"card_choices":[{"not_picked":["Poisoned Stab","Prepared"],"picked":"Noxious Fumes","floor":1},{"not_picked":["Quick Slash","Prepared"],"picked":"Escape Plan","floor":3},{"not_picked":["Dodge and Roll","Quick Slash"],"picked":"Poisoned Stab","floor":5},{"not_picked":["Eviscerate","Deflect"],"picked":"Flying Knee","floor":7},{"not_picked":["Predator","Acrobatics"],"picked":"Backstab","floor":10},{"not_picked":["Bane","Reflex"],"picked":"Well Laid Plans","floor":12},{"not_picked":["Doppelganger","Eviscerate"],"picked":"Sucker Punch","floor":14},{"not_picked":["Adrenaline","Grand Finale"],"picked":"A Thousand Cuts","floor":16},{"not_picked":["Blade Dance","Flying Knee"],"picked":"Footwork","floor":18},{"not_picked":["Dagger Throw","Well Laid Plans+1"],"picked":"Quick Slash+1","floor":20},{"not_picked":["Prepared+1","Predator+1"],"picked":"Deflect+1","floor":21},{"not_picked":["Wraith Form v2","Prepared"],"picked":"Setup","floor":23},{"not_picked":["Flying Knee","Sucker Punch+1"],"picked":"PiercingWail+1","floor":25},{"not_picked":["Dagger Throw","PiercingWail"],"picked":"Backstab","floor":27},{"not_picked":["Setup","Outmaneuver+1"],"picked":"Deadly Poison+1","floor":29},{"not_picked":["Unload","A Thousand Cuts"],"picked":"Adrenaline","floor":33},{"not_picked":["Quick Slash","Predator"],"picked":"Crippling Poison+1","floor":35},{"not_picked":["Flying Knee","Deflect"],"picked":"Footwork","floor":36},{"not_picked":["Forethought","Mind Blast"],"picked":"Deep Breath","floor":37},{"not_picked":["Calculated Gamble+1","Dodge and Roll"],"picked":"Underhanded Strike","floor":41},{"not_picked":["Calculated Gamble+1","Quick Slash+1"],"picked":"Sucker Punch+1","floor":42},{"not_picked":["Flying Knee","Outmaneuver"],"picked":"Deadly Poison","floor":47},{"not_picked":["Acrobatics+1","Poisoned Stab"],"picked":"Cloak And Dagger","floor":48}],"player_experience":216063,"relics_obtained":[{"floor":7,"key":"Potion Belt"},{"floor":9,"key":"Pear"},{"floor":10,"key":"Boot"},{"floor":23,"key":"Happy Flower"},{"floor":25,"key":"The Specimen"},{"floor":26,"key":"Paper Crane"},{"floor":41,"key":"Centennial Puzzle"},{"floor":43,"key":"Pantograph"}],"event_choices":[{"damage_healed":0,"gold_gain":0,"player_choice":"Donut","damage_taken":0,"max_hp_gain":5,"max_hp_loss":0,"event_name":"Big Fish","floor":2,"gold_loss":0},{"cards_removed":["Strike_G"],"damage_healed":0,"gold_gain":0,"player_choice":"Purged","damage_taken":0,"max_hp_gain":0,"max_hp_loss":0,"event_name":"Purifier","floor":4,"gold_loss":0},{"damage_healed":0,"gold_gain":76,"player_choice":"Gained Gold","damage_taken":0,"max_hp_gain":0,"max_hp_loss":0,"event_name":"Golden Wing","floor":11,"gold_loss":0},{"damage_healed":0,"gold_gain":0,"player_choice":"Ignored","damage_taken":0,"max_hp_gain":0,"max_hp_loss":0,"event_name":"Vampires","floor":19,"gold_loss":0},{"damage_healed":0,"gold_gain":0,"player_choice":"Obtained Relic","damage_taken":0,"relics_obtained":["Oddly Smooth Stone"],"max_hp_gain":0,"max_hp_loss":0,"event_name":"Addict","floor":22,"gold_loss":85},{"damage_healed":0,"gold_gain":0,"player_choice":"Shed Blood","damage_taken":21,"max_hp_gain":5,"max_hp_loss":0,"event_name":"Forgotten Altar","floor":31,"gold_loss":0},{"damage_healed":0,"gold_gain":0,"player_choice":"Memory 1","damage_taken":0,"max_hp_gain":0,"max_hp_loss":0,"event_name":"SensoryStone","floor":37,"gold_loss":0},{"damage_healed":0,"gold_gain":0,"player_choice":"Upgraded","damage_taken":0,"max_hp_gain":0,"max_hp_loss":0,"event_name":"Upgrade Shrine","floor":39,"gold_loss":0,"cards_upgraded":["Apotheosis"]},{"damage_healed":0,"gold_gain":0,"cards_transformed":["Strike_G"],"player_choice":"Transformed","damage_taken":0,"max_hp_gain":0,"max_hp_loss":0,"event_name":"Transmorgrifier","floor":46,"gold_loss":0,"cards_obtained":["Accuracy"]}],"is_beta":false,"boss_relics":[{"not_picked":["HoveringKite","Snecko Eye"],"picked":"Sozu"},{"not_picked":["Coffee Dripper","Pandora\u0027s Box"],"picked":"Lizard Tail"}],"items_purged_floors":[13],"is_endless":false,"potions_floor_spawned":[3,7,12,14,18,25,35,41],"ascension_level":6}