{"gold_per_floor":[144,189,189,234,234,324,369,414,444,414],"floor_reached":10,"playtime":450,"items_purged":[],"score":70,"play_id":"fb45c9e8-234b-4abc-9b65-acf98150e4b1","local_time":"20190914083118","daily_mods":["Heirloom","ControlledChaos","Midas"],"is_ascension_mode":false,"campfire_choices":[],"neow_cost":"","seed_source_timestamp":0,"circlet_count":0,"master_deck":["Strike_B","Strike_B","Strike_B","Defend_B","Defend_B","Defend_B","Defend_B","Zap","Dualcast","Recycle","Conserve Battery","Sweeping Beam","Pain","Loop","Turbo","Storm"],"special_seed":18153,"relics":["Cracked Core","Frozen Eye","Dead Branch","WarpedTongs","Vajra","Tiny Chest"],"potions_floor_usage":[8],"damage_taken":[{"damage":0,"enemies":"Cultist","floor":1,"turns":3},{"damage":1,"enemies":"2 Louse","floor":2,"turns":3},{"damage":6,"enemies":"Jaw Worm","floor":4,"turns":3},{"damage":28,"enemies":"Gremlin Nob","floor":6,"turns":4},{"damage":11,"enemies":"Red Slaver","floor":7,"turns":4},{"damage":11,"enemies":"2 Fungi Beasts","floor":8,"turns":4},{"damage":11,"enemies":"Exordium Thugs","floor":10,"turns":3}],"seed_played":"-580646412001775198","potions_obtained":[{"floor":4,"key":"EssenceOfSteel"},{"floor":8,"key":"SteroidPotion"}],"is_trial":false,"path_per_floor":["M","M","?","M","?","E","M","M","T","M"],"character_chosen":"DEFECT","items_purchased":[],"campfire_rested":0,"item_purchase_floors":[],"current_hp_per_floor":[75,74,67,61,61,33,22,11,11,0],"gold":414,"neow_bonus":"","is_prod":false,"is_daily":true,"chose_seed":false,"campfire_upgraded":0,"win_rate":0,"timestamp":1568442678,"path_taken":["M","?","?","M","?","E","M","?","T","M"],"build_version":"2019-07-17","purchased_purges":0,"victory":false,"max_hp_per_floor":[75,75,75,75,75,75,75,75,75,75],"card_choices":[{"not_picked":["Rebound","Hologram"],"picked":"Recycle","floor":1},{"not_picked":["Leap","Go for the Eyes"],"picked":"Conserve Battery","floor":2},{"not_picked":["Ball Lightning","Thunder Strike"],"picked":"Sweeping Beam","floor":4},{"not_picked":["Blizzard","Streamline"],"picked":"Loop","floor":6},{"not_picked":["Conserve Battery","Go for the Eyes"],"picked":"Turbo","floor":7},{"not_picked":["Sweeping Beam","Glacier"],"picked":"Storm","floor":8}],"player_experience":182039,"relics_obtained":[{"floor":6,"key":"Vajra"},{"floor":9,"key":"Tiny Chest"}],"event_choices":[{"cards_removed":["Strike_B"],"damage_healed":0,"gold_gain":0,"player_choice":"Card Removal","damage_taken":7,"max_hp_gain":0,"max_hp_loss":0,"event_name":"Golden Wing","floor":3,"gold_loss":0},{"damage_healed":0,"gold_gain":0,"player_choice":"Rummage","damage_taken":0,"relics_obtained":["WarpedTongs"],"max_hp_gain":0,"max_hp_loss":0,"event_name":"Accursed Blacksmith","floor":5,"gold_loss":0,"cards_obtained":["Pain"]}],"is_beta":false,"boss_relics":[],"items_purged_floors":[],"is_endless":false,"potions_floor_spawned":[4,8],"killed_by":"Exordium Thugs","ascension_level":0}