{"gold_per_floor":[116,40,56,70,87,87,112,112,112,141,159,159,159,171,171,271,271,283,299,224,242,51,51],"floor_reached":23,"playtime":1571,"items_purged":["Strike_B"],"score":364,"play_id":"fc6cf21d-49a5-4cc0-a00b-ccb1eaadbcf7","local_time":"20191010140543","is_ascension_mode":true,"campfire_choices":[{"data":"Zap","floor":6.0,"key":"SMITH"},{"floor":8.0,"key":"REST"},{"floor":12.0,"key":"REST"},{"data":"Chaos","floor":15.0,"key":"SMITH"}],"neow_cost":"NONE","seed_source_timestamp":0,"circlet_count":0,"master_deck":["Strike_B","Strike_B","Strike_B","Defend_B","Defend_B","Defend_B","Defend_B","Zap+1","Dualcast","Ball Lightning","Cold Snap","Compile Driver","Steam","Chaos+1","Core Surge","Barrage","Ball Lightning","Coolheaded","Genetic Algorithm"],"special_seed":0,"relics":["Cracked Core","Peace Pipe","Dodecahedron","Frozen Egg 2","Question Card","Inserter","Bag of Preparation"],"potions_floor_usage":[23],"damage_taken":[{"damage":7.0,"enemies":"Jaw Worm","floor":1.0,"turns":4.0},{"damage":1.0,"enemies":"Cultist","floor":3.0,"turns":3.0},{"damage":0.0,"enemies":"2 Louse","floor":4.0,"turns":2.0},{"damage":10.0,"enemies":"Red Slaver","floor":5.0,"turns":4.0},{"damage":31.0,"enemies":"Gremlin Nob","floor":7.0,"turns":4.0},{"damage":30.0,"enemies":"Lagavulin","floor":10.0,"turns":6.0},{"damage":1.0,"enemies":"Blue Slaver","floor":11.0,"turns":3.0},{"damage":0.0,"enemies":"2 Fungi Beasts","floor":14.0,"turns":2.0},{"damage":29.0,"enemies":"The Guardian","floor":16.0,"turns":10.0},{"damage":11.0,"enemies":"3 Byrds","floor":18.0,"turns":5.0},{"damage":24.0,"enemies":"Chosen","floor":19.0,"turns":5.0},{"damage":24,"enemies":"Snake Plant","floor":21,"turns":4},{"damage":25,"enemies":"Gremlin Leader","floor":23,"turns":3}],"seed_played":"-1782276502892450296","potions_obtained":[{"floor":7.0,"key":"Ancient Potion"},{"floor":11.0,"key":"SmokeBomb"},{"floor":14.0,"key":"FearPotion"},{"floor":16.0,"key":"EssenceOfSteel"},{"floor":19,"key":"PowerPotion"}],"is_trial":false,"path_per_floor":["M","?","M","M","M","R","E","R","T","E","M","R","$","M","R","B",null,"M","M","$","M","$","E"],"character_chosen":"DEFECT","items_purchased":["Bag of Preparation","Genetic Algorithm"],"campfire_rested":2,"item_purchase_floors":[22,22],"current_hp_per_floor":[75,75,74,74,64,64,33,57,57,27,26,50,50,50,50,21,82,71,47,47,23,23,0],"gold":51,"neow_bonus":"TEN_PERCENT_HP_BONUS","is_prod":false,"is_daily":false,"chose_seed":false,"campfire_upgraded":2,"win_rate":0,"timestamp":1570734343,"path_taken":["M","?","M","M","M","R","E","R","T","E","M","R","?","M","R","BOSS","M","M","$","?","$","E"],"build_version":"2019-07-17","purchased_purges":1,"victory":false,"max_hp_per_floor":[82,82,82,82,82,82,82,82,82,82,82,82,82,82,82,82,82,82,82,82,82,82,82],"card_choices":[{"not_picked":["Rebound","Barrage"],"picked":"Ball Lightning","floor":1.0},{"not_picked":["Genetic Algorithm","Storm"],"picked":"Cold Snap","floor":3.0},{"not_picked":["Static Discharge","Capacitor"],"picked":"Compile Driver","floor":4.0},{"not_picked":["Stack","Conserve Battery","Barrage"],"picked":"SKIP","floor":5.0},{"not_picked":["Beam Cell","Thunder Strike","Consume"],"picked":"SKIP","floor":7.0},{"not_picked":["Go for the Eyes","Compile Driver","BootSequence"],"picked":"SKIP","floor":10.0},{"not_picked":["Cold Snap","Force Field","Conserve Battery"],"picked":"Steam","floor":11.0},{"not_picked":["Streamline","Turbo","Recycle"],"picked":"Chaos","floor":14.0},{"not_picked":["Hyperbeam","Seek","Creative AI+1"],"picked":"Core Surge","floor":16.0},{"not_picked":["Stack","Recycle","Turbo"],"picked":"Barrage","floor":18.0},{"not_picked":["Hologram+1","Rebound+1","Sweeping Beam+1"],"picked":"Ball Lightning","floor":19},{"not_picked":["Barrage+1","Sweeping Beam+1","Ball Lightning"],"picked":"Coolheaded","floor":21}],"player_experience":221669,"relics_obtained":[{"floor":7.0,"key":"Dodecahedron"},{"floor":9.0,"key":"Frozen Egg 2"},{"floor":10.0,"key":"Question Card"}],"event_choices":[{"damage_healed":0.0,"max_hp_gain":0.0,"max_hp_loss":0.0,"gold_gain":0.0,"event_name":"WeMeetAgain","player_choice":"Paid Gold","floor":2.0,"gold_loss":76.0,"damage_taken":0.0,"relics_obtained":["Peace Pipe"]}],"is_beta":false,"boss_relics":[{"not_picked":["Eternal Feather","Lizard Tail"],"picked":"Inserter"}],"items_purged_floors":[20],"is_endless":false,"potions_floor_spawned":[7,11,14,16,19],"killed_by":"Gremlin Leader","ascension_level":4}