{"gold_per_floor":[112,287,298,373,373,404,404,404,430,461,461,473,516,34,34,135,135,102,121,135,135,135,168,168,168],"floor_reached":25,"playtime":1151,"items_purged":[],"score":364,"play_id":"072a4bed-feb7-470d-b892-82e2faca6534","local_time":"20190922154205","is_ascension_mode":true,"campfire_choices":[{"floor":7.0,"key":"REST"},{"floor":15.0,"key":"REST"}],"neow_cost":"NONE","seed_source_timestamp":3528692214222100,"circlet_count":0,"master_deck":["AscendersBane","Strike_B+1","Strike_B","Strike_B","Strike_B","Defend_B","Defend_B","Defend_B","Defend_B","Zap","Dualcast+1","BootSequence","Streamline","White Noise","Gash","Glacier","Self Repair","Buffer","Defragment","Self Repair","Thunder Strike","Shame","Amplify","Self Repair"],"special_seed":0,"relics":["Cracked Core","Juzu Bracelet","Bottled Lightning","Bag of Marbles","Question Card","MawBank","Boot","Nunchaku","Tiny Chest","Mango","Velvet Choker","Bird Faced Urn","Orichalcum","Sundial"],"potions_floor_usage":[25],"damage_taken":[{"damage":0.0,"enemies":"Small Slimes","floor":1.0,"turns":2.0},{"damage":6.0,"enemies":"Jaw Worm","floor":3.0,"turns":4.0},{"damage":16.0,"enemies":"Gremlin Nob","floor":6.0,"turns":3.0},{"damage":5.0,"enemies":"Lagavulin","floor":10.0,"turns":6.0},{"damage":27.0,"enemies":"3 Sentries","floor":13.0,"turns":6.0},{"damage":36.0,"enemies":"The Guardian","floor":16.0,"turns":12.0},{"damage":18.0,"enemies":"2 Thieves","floor":18.0,"turns":5.0},{"damage":0.0,"enemies":"Spheric Guardian","floor":19.0,"turns":6.0},{"damage":3.0,"enemies":"Cultist and Chosen","floor":20.0,"turns":9.0},{"damage":59.0,"enemies":"Book of Stabbing","floor":23.0,"turns":7.0},{"damage":75,"enemies":"Slavers","floor":25,"turns":4}],"seed_played":"-6867303272869295268","potions_obtained":[{"floor":1.0,"key":"FocusPotion"},{"floor":10.0,"key":"LiquidBronze"},{"floor":16.0,"key":"Regen Potion"},{"floor":20.0,"key":"EntropicBrew"},{"floor":23.0,"key":"Poison Potion"}],"is_trial":false,"path_per_floor":["M","?","M","?","?","E","R","?","T","E","?","?","E","$","R","B",null,"M","M","M","?","?","E","?","E"],"character_chosen":"DEFECT","items_purchased":["Tiny Chest","Self Repair","Mango"],"campfire_rested":2,"item_purchase_floors":[14,14,14],"current_hp_per_floor":[68,68,62,51,51,35,57,42,42,37,30,30,3,17,43,14,70,59,66,77,77,77,57,57,0],"gold":168,"neow_bonus":"RANDOM_COMMON_RELIC","is_prod":false,"is_daily":false,"chose_seed":false,"campfire_upgraded":0,"win_rate":0,"timestamp":1569159725,"path_taken":["M","?","M","?","?","E","R","?","T","E","?","?","E","$","R","BOSS","M","M","M","?","?","E","?","E"],"build_version":"2019-07-17","purchased_purges":0,"victory":false,"max_hp_per_floor":[75,75,75,75,75,75,75,75,75,75,75,75,75,89,89,89,89,89,89,89,89,89,89,89,89],"card_choices":[{"not_picked":["Self Repair","Static Discharge"],"picked":"BootSequence","floor":1.0},{"not_picked":["Double Energy","Recycle"],"picked":"Streamline","floor":3.0},{"not_picked":["Rebound","Recycle"],"picked":"White Noise","floor":6.0},{"not_picked":["Steam","Compile Driver"],"picked":"Gash","floor":10.0},{"not_picked":["Sweeping Beam","Hyperbeam","Darkness"],"picked":"Glacier","floor":13.0},{"not_picked":["All For One","Hyperbeam","Fission"],"picked":"Buffer","floor":16.0},{"not_picked":["Go for the Eyes","Steam Power","Cold Snap"],"picked":"Defragment","floor":18.0},{"not_picked":["Conserve Battery","Gash","Leap"],"picked":"Self Repair","floor":19.0},{"not_picked":["Redo","Tempest","Conserve Battery"],"picked":"Thunder Strike","floor":20.0},{"not_picked":["Cold Snap","Barrage","Steam"],"picked":"Amplify","floor":23.0}],"player_experience":303380,"relics_obtained":[{"floor":6.0,"key":"Bottled Lightning"},{"floor":9.0,"key":"Bag of Marbles"},{"floor":10.0,"key":"Question Card"},{"floor":13.0,"key":"Nunchaku"},{"floor":23.0,"key":"Sundial"}],"event_choices":[{"damage_healed":0.0,"max_hp_gain":0.0,"max_hp_loss":0.0,"gold_gain":175.0,"event_name":"Liars Game","player_choice":"AGREE","floor":2.0,"gold_loss":0.0,"damage_taken":0.0,"cards_obtained":["Doubt"]},{"damage_healed":0.0,"max_hp_gain":0.0,"max_hp_loss":0.0,"gold_gain":75.0,"event_name":"World of Goop","player_choice":"Gather Gold","floor":4.0,"gold_loss":0.0,"damage_taken":11.0},{"cards_removed":["Doubt"],"damage_healed":0.0,"max_hp_gain":0.0,"max_hp_loss":0.0,"gold_gain":0.0,"event_name":"Living Wall","player_choice":"Forget","floor":5.0,"gold_loss":0.0,"damage_taken":0.0},{"damage_healed":0.0,"max_hp_gain":0.0,"max_hp_loss":0.0,"gold_gain":0.0,"event_name":"Shining Light","player_choice":"Entered Light","floor":8.0,"gold_loss":0.0,"damage_taken":15.0,"cards_upgraded":["Dualcast","Strike_B"]},{"damage_healed":0.0,"max_hp_gain":0.0,"max_hp_loss":0.0,"gold_gain":0.0,"event_name":"Scrap Ooze","player_choice":"Success","floor":11.0,"gold_loss":0.0,"damage_taken":7.0,"relics_obtained":["MawBank"]},{"damage_healed":0.0,"max_hp_gain":0.0,"max_hp_loss":0.0,"gold_gain":0.0,"event_name":"Dead Adventurer","player_choice":"Searched \u00271\u0027 times","floor":12.0,"gold_loss":0.0,"damage_taken":0.0,"relics_obtained":["Boot"]},{"damage_healed":0.0,"max_hp_gain":0.0,"max_hp_loss":0.0,"gold_gain":0.0,"event_name":"Addict","player_choice":"Stole Relic","floor":21.0,"gold_loss":0.0,"damage_taken":0.0,"relics_obtained":["Bird Faced Urn"],"cards_obtained":["Shame"]},{"damage_healed":0.0,"max_hp_gain":0.0,"max_hp_loss":0.0,"gold_gain":0.0,"event_name":"The Mausoleum","player_choice":"Opened","floor":22.0,"gold_loss":0.0,"damage_taken":0.0,"relics_obtained":["Orichalcum"]},{"damage_healed":0.0,"max_hp_gain":0.0,"max_hp_loss":0.0,"gold_gain":0.0,"event_name":"The Library","player_choice":"Read","floor":24.0,"gold_loss":0.0,"damage_taken":0.0,"cards_obtained":["Self Repair"]}],"is_beta":false,"boss_relics":[{"not_picked":["Cursed Key","Ectoplasm"],"picked":"Velvet Choker"}],"items_purged_floors":[],"is_endless":false,"potions_floor_spawned":[1,10,16,20,23],"killed_by":"Slavers","ascension_level":11}