{"gold_per_floor":[113,127,145,145,159,159,190,190,190,64,81,81,92,109,109,212,212,228,228,228,241,260,288,307,307,333,347,378,378,378,393,393,393],"floor_reached":33,"playtime":5833,"items_purged":["Strike_G"],"score":349,"play_id":"c482adb1-55e9-4e24-b4e8-1ffdcb512ea8","local_time":"20191004110246","is_ascension_mode":true,"campfire_choices":[{"data":"Dodge and Roll","floor":6,"key":"SMITH"},{"floor":8,"key":"REST"},{"floor":12,"key":"REST"},{"data":"Poisoned Stab","floor":15,"key":"SMITH"},{"floor":29,"key":"REST"},{"floor":32,"key":"REST"}],"neow_cost":"NONE","seed_source_timestamp":21657308510500,"circlet_count":0,"master_deck":["Strike_G+1","Strike_G+1","Strike_G+1","Strike_G+1","Defend_G+1","Defend_G+1","Defend_G+1","Defend_G+1","Defend_G+1","Survivor","Neutralize+1","Backflip","Dagger Spray+1","Dodge and Roll+1","Backstab","Crippling Poison","Poisoned Stab+1","PiercingWail","Die Die Die","Bouncing Flask","Catalyst+1","Distraction+1","Poisoned Stab"],"relics":["Ring of the Snake","Juzu Bracelet","Smiling Mask","Black Star","Mercury Hourglass","Bronze Scales","Dream Catcher","Omamori","Blood Vial","Meat on the Bone"],"potions_floor_usage":[23,23,23,24,33,33],"damage_taken":[{"damage":2,"enemies":"2 Louse","floor":1,"turns":4},{"damage":0,"enemies":"Cultist","floor":2,"turns":4},{"damage":0,"enemies":"Small Slimes","floor":3,"turns":3},{"damage":11,"enemies":"Exordium Wildlife","floor":5,"turns":6},{"damage":42,"enemies":"Gremlin Nob","floor":7,"turns":6},{"damage":0,"enemies":"Looter","floor":11,"turns":4},{"damage":3,"enemies":"Blue Slaver","floor":13,"turns":3},{"damage":3,"enemies":"Large Slime","floor":14,"turns":6},{"damage":19,"enemies":"The Guardian","floor":16,"turns":15},{"damage":11,"enemies":"Chosen","floor":18,"turns":7},{"damage":1,"enemies":"Shell Parasite","floor":21,"turns":8},{"damage":8,"enemies":"Snake Plant","floor":22,"turns":6},{"damage":4,"enemies":"Book of Stabbing","floor":23,"turns":6},{"damage":12,"enemies":"Centurion and Healer","floor":24,"turns":4},{"damage":0,"enemies":"3 Cultists","floor":27,"turns":4},{"damage":19,"enemies":"Gremlin Leader","floor":28,"turns":7},{"damage":15,"enemies":"Shelled Parasite and Fungi","floor":31,"turns":7},{"damage":71,"enemies":"Automaton","floor":33,"turns":10}],"seed_played":"-3753768704619735142","potions_obtained":[{"floor":5,"key":"LiquidBronze"},{"floor":11,"key":"Regen Potion"},{"floor":14,"key":"SkillPotion"},{"floor":16,"key":"Weak Potion"},{"floor":23,"key":"GamblersBrew"},{"floor":24,"key":"Explosive Potion"},{"floor":27,"key":"Strength Potion"},{"floor":31,"key":"Ancient Potion"}],"is_trial":false,"path_per_floor":["M","M","M","?","M","R","E","R","T","$","M","R","M","M","R","B",null,"M","?","?","M","M","E","M","?","T","M","E","R","?","M","R","B"],"character_chosen":"THE_SILENT","items_purchased":["Crippling Poison"],"campfire_rested":4,"item_purchase_floors":[10],"current_hp_per_floor":[68,68,68,68,57,57,15,36,36,36,36,57,54,51,51,32,70,59,59,59,58,50,46,34,34,34,34,15,36,36,35,56,0],"gold":393,"neow_bonus":"UPGRADE_CARD","is_prod":false,"is_daily":false,"chose_seed":false,"campfire_upgraded":2,"win_rate":0,"timestamp":1570204966,"path_taken":["M","M","M","?","M","R","E","R","T","?","M","R","M","M","R","BOSS","M","?","?","M","M","E","M","?","T","M","E","R","?","M","R","BOSS"],"build_version":"2019-07-17","purchased_purges":1,"victory":false,"max_hp_per_floor":[70,70,70,70,70,70,70,70,70,70,70,70,70,70,70,70,70,70,70,70,70,70,70,70,70,70,70,70,70,70,70,70,70],"card_choices":[{"not_picked":["Prepared","Deflect"],"picked":"Backflip","floor":1},{"not_picked":["Quick Slash","Reflex"],"picked":"Dagger Spray","floor":2},{"not_picked":["Sucker Punch","Escape Plan","Outmaneuver"],"picked":"SKIP","floor":3},{"not_picked":["Finisher","Endless Agony"],"picked":"Dodge and Roll","floor":5},{"not_picked":["Masterful Stab","Flying Knee"],"picked":"Backstab","floor":7},{"not_picked":["Slice","Outmaneuver","Underhanded Strike"],"picked":"SKIP","floor":11},{"not_picked":["Eviscerate","Finisher"],"picked":"Poisoned Stab","floor":13},{"not_picked":["Outmaneuver","Escape Plan"],"picked":"PiercingWail","floor":14},{"not_picked":["Doppelganger","Envenom"],"picked":"Die Die Die","floor":16},{"not_picked":["Deflect","Finisher+1","Sucker Punch"],"picked":"SKIP","floor":18},{"not_picked":["Endless Agony+1","Sucker Punch","Bane+1"],"picked":"SKIP","floor":21},{"not_picked":["Cloak And Dagger","Flying Knee"],"picked":"Bouncing Flask","floor":22},{"not_picked":["Slice+1","Leg Sweep","Dodge and Roll"],"picked":"SKIP","floor":23},{"not_picked":["Prepared","Cloak And Dagger","Riddle With Holes"],"picked":"SKIP","floor":24},{"not_picked":["Dagger Spray","Corpse Explosion"],"picked":"Catalyst+1","floor":27},{"not_picked":["PiercingWail","Sucker Punch"],"picked":"Distraction+1","floor":28},{"not_picked":["Eviscerate+1","Quick Slash"],"picked":"Poisoned Stab","floor":31}],"player_experience":166625,"relics_obtained":[{"floor":7,"key":"Juzu Bracelet"},{"floor":9,"key":"Smiling Mask"},{"floor":23,"key":"Bronze Scales"},{"floor":23,"key":"Dream Catcher"},{"floor":26,"key":"Omamori"},{"floor":28,"key":"Blood Vial"},{"floor":28,"key":"Meat on the Bone"}],"event_choices":[{"damage_healed":0,"gold_gain":0,"player_choice":"Upgraded","damage_taken":0,"max_hp_gain":0,"max_hp_loss":0,"event_name":"Upgrade Shrine","floor":4,"gold_loss":0,"cards_upgraded":["Dagger Spray"]},{"damage_healed":0,"gold_gain":0,"player_choice":"Simplicity","damage_taken":0,"max_hp_gain":0,"max_hp_loss":0,"event_name":"Back to Basics","floor":19,"gold_loss":0,"cards_upgraded":["Strike_G","Strike_G","Strike_G","Strike_G","Defend_G","Defend_G","Defend_G","Defend_G","Defend_G"]},{"damage_healed":0,"gold_gain":0,"player_choice":"Opened","damage_taken":0,"relics_obtained":["Mercury Hourglass"],"max_hp_gain":0,"max_hp_loss":0,"event_name":"The Mausoleum","floor":20,"gold_loss":0},{"damage_healed":0,"gold_gain":0,"player_choice":"Ignored","damage_taken":0,"max_hp_gain":0,"max_hp_loss":0,"event_name":"Vampires","floor":25,"gold_loss":0},{"damage_healed":0,"gold_gain":0,"player_choice":"Ignored","damage_taken":0,"max_hp_gain":0,"max_hp_loss":0,"event_name":"Ghosts","floor":30,"gold_loss":0}],"is_beta":false,"boss_relics":[{"not_picked":["White Beast Statue","Philosopher\u0027s Stone"],"picked":"Black Star"}],"items_purged_floors":[10],"is_endless":false,"potions_floor_spawned":[5,11,14,16,21,23,24,27,31],"killed_by":"Automaton","ascension_level":4}