{"gold_per_floor":[362,362,372,372,382,412,41,41,92,119,119,32,50,78,78,181,181,191,191,210,210,210,210,238,238],"floor_reached":25,"playtime":1067,"items_purged":[],"score":332,"play_id":"3fb478fd-762b-46cf-a311-cbf2b510f23e","local_time":"20190920193708","is_ascension_mode":true,"campfire_choices":[{"data":"Defragment","floor":8,"key":"SMITH"},{"floor":11,"key":"REST"},{"floor":15,"key":"REST"},{"data":"Mayhem","floor":23,"key":"SMITH"}],"neow_cost":"TEN_PERCENT_HP_LOSS","seed_source_timestamp":3371940964921800,"circlet_count":0,"master_deck":["Strike_B+1","Strike_B+1","Strike_B+1","Strike_B+1","Defend_B+1","Defend_B+1","Defend_B+1","Defend_B+1","Zap","Sunder+1","Ball Lightning","FTL","Auto Shields","Defragment+1","Mayhem+1","Self Repair","Discovery","Redo","Coolheaded","Amplify","Go for the Eyes","Hyperbeam","Reprogram","Electrodynamics"],"relics":["Centennial Puzzle","Juzu Bracelet","Orichalcum","Blue Candle","Lantern","Sozu","Nloth\u0027s Gift","Bronze Scales"],"potions_floor_usage":[6,16],"damage_taken":[{"damage":1,"enemies":"Cultist","floor":1,"turns":3},{"damage":0,"enemies":"2 Louse","floor":3,"turns":1},{"damage":2,"enemies":"Jaw Worm","floor":5,"turns":3},{"damage":16,"enemies":"Gremlin Nob","floor":6,"turns":3},{"damage":9,"enemies":"3 Sentries","floor":10,"turns":5},{"damage":5,"enemies":"Looter","floor":13,"turns":3},{"damage":30,"enemies":"Gremlin Nob","floor":14,"turns":4},{"damage":28,"enemies":"Hexaghost","floor":16,"turns":7},{"damage":25,"enemies":"3 Byrds","floor":18,"turns":4},{"damage":0,"enemies":"Spheric Guardian","floor":20,"turns":3},{"damage":38,"enemies":"Book of Stabbing","floor":24,"turns":6},{"damage":29,"enemies":"Masked Bandits","floor":25,"turns":3}],"seed_played":"-8512657241962315431","potions_obtained":[{"floor":1,"key":"Poison Potion"},{"floor":3,"key":"Ancient Potion"},{"floor":14,"key":"LiquidBronze"},{"floor":16,"key":"Ancient Potion"}],"is_trial":false,"path_per_floor":["M","?","M","?","M","E","$","R","T","E","R","$","M","E","R","B",null,"M","?","M","?","?","R","E","?"],"character_chosen":"DEFECT","items_purchased":["Defragment","Mayhem","Juzu Bracelet","Discovery"],"campfire_rested":2,"item_purchase_floors":[7,7,7,12],"current_hp_per_floor":[67,67,67,68,66,50,50,50,50,41,61,61,63,40,60,39,61,43,43,50,50,50,50,19,0],"gold":238,"neow_bonus":"TWO_FIFTY_GOLD","is_prod":false,"is_daily":false,"chose_seed":false,"campfire_upgraded":2,"win_rate":0,"timestamp":1569001028,"path_taken":["M","?","?","?","?","E","?","R","T","E","R","$","M","E","R","BOSS","M","?","M","?","?","R","E","?"],"build_version":"2019-07-17","purchased_purges":0,"victory":false,"max_hp_per_floor":[68,68,68,68,68,68,68,68,68,68,68,68,68,68,68,68,68,68,68,68,68,68,68,68,68],"card_choices":[{"not_picked":["Chaos","Cold Snap"],"picked":"Sunder","floor":1},{"not_picked":["Coolheaded","Turbo"],"picked":"Ball Lightning","floor":3},{"not_picked":["Hologram","Go for the Eyes"],"picked":"FTL","floor":5},{"not_picked":["FTL","Heatsinks"],"picked":"Auto Shields","floor":6},{"not_picked":["Leap","Buffer"],"picked":"Self Repair","floor":10},{"not_picked":["Streamline","Coolheaded"],"picked":"Redo","floor":13},{"not_picked":["Auto Shields","Sunder"],"picked":"Coolheaded","floor":14},{"not_picked":["Meteor Strike","Seek"],"picked":"Amplify","floor":16},{"not_picked":["Ball Lightning","Darkness"],"picked":"Auto Shields","floor":18},{"not_picked":["Compile Driver","Rebound"],"picked":"Go for the Eyes","floor":20},{"not_picked":["Loop","Cold Snap"],"picked":"Electrodynamics","floor":24}],"player_experience":265644,"relics_obtained":[{"floor":6,"key":"Centennial Puzzle"},{"floor":9,"key":"Orichalcum"},{"floor":10,"key":"Blue Candle"},{"floor":14,"key":"Lantern"},{"floor":24,"key":"Bronze Scales"}],"event_choices":[{"damage_healed":0,"gold_gain":0,"player_choice":"Upgraded","damage_taken":0,"max_hp_gain":0,"max_hp_loss":0,"event_name":"Upgrade Shrine","floor":2,"gold_loss":0,"cards_upgraded":["Sunder"]},{"damage_healed":1,"gold_gain":0,"player_choice":"Full Heal","damage_taken":0,"max_hp_gain":0,"max_hp_loss":0,"event_name":"Wheel of Change","floor":4,"gold_loss":0},{"damage_healed":0,"gold_gain":0,"player_choice":"Simplicity","damage_taken":0,"max_hp_gain":0,"max_hp_loss":0,"event_name":"Back to Basics","floor":19,"gold_loss":0,"cards_upgraded":["Strike_B","Strike_B","Strike_B","Strike_B","Defend_B","Defend_B","Defend_B","Defend_B"]},{"damage_healed":0,"gold_gain":0,"player_choice":"Traded Relic","damage_taken":0,"relics_obtained":["Nloth\u0027s Gift"],"max_hp_gain":0,"max_hp_loss":0,"event_name":"N\u0027loth","floor":21,"relics_lost":["Cracked Core"],"gold_loss":0},{"damage_healed":0,"gold_gain":0,"cards_transformed":["Dualcast","Auto Shields"],"player_choice":"Became Test Subject","damage_taken":0,"max_hp_gain":0,"max_hp_loss":0,"event_name":"Drug Dealer","floor":22,"gold_loss":0,"cards_obtained":["Hyperbeam","Reprogram"]},{"damage_healed":0,"gold_gain":0,"player_choice":"Fought Bandits","damage_taken":0,"max_hp_gain":0,"max_hp_loss":0,"event_name":"Masked Bandits","floor":25,"gold_loss":0}],"is_beta":false,"boss_relics":[{"not_picked":["Empty Cage","Astrolabe"],"picked":"Sozu"}],"items_purged_floors":[],"is_endless":false,"potions_floor_spawned":[1,3,14,16,20,24],"killed_by":"Masked Bandits","ascension_level":8}