{"gold_per_floor":[113,132,150,130,141,173,173,193,193,193,72,88,149,163,163,267,267,277,302,315,65,80,80,111,111,111,122,47,66,266,281,281,382,382,392,70,85,104,104,124,124,135,160,160,160,173,183,58,58,58],"floor_reached":51,"playtime":7067,"items_purged":["Strike_B","Sunder+1","Defend_B"],"score":685,"play_id":"36597be0-f498-4f19-bb34-126a618bb2cf","local_time":"20191001151351","is_ascension_mode":false,"campfire_choices":[{"data":"Zap","floor":7,"key":"SMITH"},{"floor":10,"key":"REST"},{"data":"Scrape","floor":15,"key":"SMITH"},{"data":"Beam Cell","floor":23,"key":"SMITH"},{"data":"Hologram","floor":25,"key":"SMITH"},{"floor":32,"key":"REST"},{"data":"Good Instincts","floor":41,"key":"SMITH"},{"floor":44,"key":"REST"},{"floor":49,"key":"REST"}],"neow_cost":"NONE","seed_source_timestamp":69804146824100,"circlet_count":0,"master_deck":["Defend_B","Defend_B","Zap+1","Chill","Beam Cell+1","Hologram+1","Ball Lightning","Cold Snap","Gash","Scrape+1","Gash","Ball Lightning+1","Go for the Eyes+1","FTL+1","Glacier","Steam+1","Compile Driver","Gash","Steam+1","Good Instincts+1","Auto Shields+1"],"relics":["Cracked Core","Frozen Egg 2","Regal Pillow","Tiny Chest","Astrolabe","Red Mask","Pen Nib","Shuriken","Torii","Empty Cage","Sling","PreservedInsect"],"potions_floor_usage":[1,6,8,8,8,8,8,13,16,19,19,24,33,33,35,38,50,50],"damage_taken":[{"damage":0,"enemies":"Small Slimes","floor":1,"turns":2},{"damage":0,"enemies":"Cultist","floor":2,"turns":3},{"damage":0,"enemies":"2 Louse","floor":3,"turns":2},{"damage":1,"enemies":"2 Fungi Beasts","floor":5,"turns":3},{"damage":53,"enemies":"Gremlin Nob","floor":6,"turns":5},{"damage":1,"enemies":"Lots of Slimes","floor":8,"turns":3},{"damage":0,"enemies":"Gremlin Gang","floor":12,"turns":4},{"damage":17,"enemies":"Lagavulin","floor":13,"turns":9},{"damage":3,"enemies":"Blue Slaver","floor":14,"turns":2},{"damage":2,"enemies":"Slime Boss","floor":16,"turns":7},{"damage":0,"enemies":"3 Byrds","floor":18,"turns":4},{"damage":4,"enemies":"Masked Bandits","floor":19,"turns":3},{"damage":6,"enemies":"Chosen","floor":20,"turns":3},{"damage":6,"enemies":"Snake Plant","floor":22,"turns":4},{"damage":11,"enemies":"Book of Stabbing","floor":24,"turns":5},{"damage":7,"enemies":"Sentry and Sphere","floor":27,"turns":4},{"damage":0,"enemies":"3 Cultists","floor":29,"turns":4},{"damage":10,"enemies":"Centurion and Healer","floor":31,"turns":3},{"damage":32,"enemies":"Collector","floor":33,"turns":7},{"damage":8,"enemies":"3 Darklings","floor":35,"turns":7},{"damage":1,"enemies":"Orb Walker","floor":37,"turns":4},{"damage":6,"enemies":"3 Darklings","floor":38,"turns":4},{"damage":6,"enemies":"4 Shapes","floor":40,"turns":7},{"damage":30,"enemies":"Spire Growth","floor":42,"turns":5},{"damage":24,"enemies":"Sphere and 2 Shapes","floor":46,"turns":5},{"damage":20,"enemies":"3 Darklings","floor":47,"turns":5},{"damage":48,"enemies":"Time Eater","floor":50,"turns":11}],"seed_played":"-73682252628333369","potions_obtained":[{"floor":0,"key":"SkillPotion"},{"floor":0,"key":"Ancient Potion"},{"floor":0,"key":"EntropicBrew"},{"floor":4,"key":"FearPotion"},{"floor":5,"key":"Swift Potion"},{"floor":6,"key":"Poison Potion"},{"floor":12,"key":"Ancient Potion"},{"floor":14,"key":"Weak Potion"},{"floor":16,"key":"Fire Potion"},{"floor":20,"key":"PowerPotion"},{"floor":22,"key":"SkillPotion"},{"floor":29,"key":"Explosive Potion"},{"floor":31,"key":"Energy Potion"},{"floor":33,"key":"SpeedPotion"},{"floor":46,"key":"Strength Potion"},{"floor":47,"key":"PowerPotion"}],"is_trial":false,"path_per_floor":["M","M","M","?","M","E","R","M","T","R","$","M","E","M","R","B",null,"M","?","M","$","M","R","E","R","T","M","?","M","?","M","R","B",null,"M","$","M","M","$","M","R","M","T","R","?","M","M","$","R","B",null],"character_chosen":"DEFECT","items_purchased":["Gash","Pen Nib","Good Instincts","Dexterity Potion","Sling"],"campfire_rested":4,"item_purchase_floors":[11,21,36,36,36],"current_hp_per_floor":[75,75,75,75,74,21,21,29,29,66,66,66,49,46,46,44,75,75,71,65,65,59,59,48,48,48,41,41,41,41,31,68,36,75,67,67,66,60,60,54,54,24,24,61,66,42,22,22,59,11],"gold":58,"neow_bonus":"THREE_SMALL_POTIONS","is_prod":false,"is_daily":false,"chose_seed":false,"campfire_upgraded":5,"win_rate":0,"timestamp":1569960831,"path_taken":["M","M","M","?","M","E","R","?","T","R","$","M","E","M","R","BOSS","M","?","M","$","M","R","E","R","T","M","?","M","?","?","R","BOSS","M","$","?","M","$","M","R","M","T","R","?","M","M","?","R","BOSS"],"build_version":"2019-07-17","purchased_purges":3,"victory":true,"max_hp_per_floor":[75,75,75,75,75,75,75,75,75,75,75,75,75,75,75,75,75,75,75,75,75,75,75,75,75,75,75,75,75,75,75,75,75,75,75,75,75,75,75,75,75,75,75,75,75,75,75,75,75,75],"card_choices":[{"not_picked":["Hologram","Sunder"],"picked":"Chill","floor":1},{"not_picked":["Compile Driver","Steam"],"picked":"Beam Cell","floor":2},{"not_picked":["Redo","Blizzard","Reinforced Body"],"picked":"SKIP","floor":3},{"not_picked":["Turbo","Rebound"],"picked":"Hologram","floor":5},{"not_picked":["Conserve Battery","Hyperbeam"],"picked":"Ball Lightning","floor":6},{"not_picked":["Compile Driver","Turbo"],"picked":"Cold Snap","floor":8},{"not_picked":["Steam","Doom and Gloom"],"picked":"Scrape","floor":12},{"not_picked":["Chaos","Reprogram","Compile Driver"],"picked":"SKIP","floor":13},{"not_picked":["Sweeping Beam","Turbo"],"picked":"Gash","floor":14},{"not_picked":["Gash","Double Energy+1"],"picked":"Go for the Eyes+1","floor":18},{"not_picked":["Turbo","Compile Driver"],"picked":"FTL+1","floor":20},{"not_picked":["Gash+1","Beam Cell"],"picked":"Glacier","floor":22},{"not_picked":["Force Field","Melter"],"picked":"Steam+1","floor":24},{"not_picked":["Heatsinks+1","Redo"],"picked":"Compile Driver","floor":27},{"not_picked":["Sweeping Beam","Aggregate"],"picked":"Gash","floor":29},{"not_picked":["Blizzard+1","Reinforced Body","Loop+1"],"picked":"SKIP","floor":31},{"not_picked":["Go for the Eyes+1","Rebound+1"],"picked":"Steam+1","floor":35},{"not_picked":["Go for the Eyes+1","Barrage+1","Lockon"],"picked":"SKIP","floor":37},{"not_picked":["White Noise+1","Glacier+1"],"picked":"Streamline+1","floor":38},{"not_picked":["Reinforced Body","Ball Lightning+1","Hello World+1"],"picked":"SKIP","floor":40},{"not_picked":["Turbo","Self Repair+1","Beam Cell"],"picked":"SKIP","floor":42},{"not_picked":["Streamline+1","Conserve Battery+1"],"picked":"Auto Shields+1","floor":46},{"not_picked":["Reprogram","Rainbow","Cold Snap"],"picked":"SKIP","floor":47}],"player_experience":78644,"relics_obtained":[{"floor":6,"key":"Frozen Egg 2"},{"floor":9,"key":"Regal Pillow"},{"floor":13,"key":"Tiny Chest"},{"floor":19,"key":"Red Mask"},{"floor":24,"key":"Shuriken"},{"floor":26,"key":"Torii"},{"floor":43,"key":"PreservedInsect"}],"event_choices":[{"damage_healed":0,"gold_gain":0,"player_choice":"Bought 1 Potion","damage_taken":0,"max_hp_gain":0,"max_hp_loss":0,"event_name":"The Woman in Blue","floor":4,"gold_loss":0},{"damage_healed":0,"gold_gain":0,"player_choice":"Fought Bandits","damage_taken":0,"max_hp_gain":0,"max_hp_loss":0,"event_name":"Masked Bandits","floor":19,"gold_loss":0},{"cards_removed":["Rainbow"],"damage_healed":0,"gold_gain":0,"player_choice":"Gave Gold","damage_taken":0,"max_hp_gain":0,"max_hp_loss":0,"event_name":"Beggar","floor":28,"gold_loss":75},{"damage_healed":0,"gold_gain":250,"player_choice":"Bet on Owner","damage_taken":0,"max_hp_gain":0,"max_hp_loss":0,"event_name":"The Joust","floor":30,"gold_loss":50},{"cards_removed":["Streamline"],"damage_healed":5,"gold_gain":0,"player_choice":"Offered Common","damage_taken":0,"max_hp_gain":0,"max_hp_loss":0,"event_name":"Bonfire Elementals","floor":45,"gold_loss":0},{"cards_removed":["Streamline"],"damage_healed":5,"gold_gain":0,"player_choice":"Offered Special","damage_taken":0,"max_hp_gain":0,"max_hp_loss":0,"event_name":"Bonfire Elementals","floor":45,"gold_loss":0}],"is_beta":false,"boss_relics":[{"not_picked":["Runic Dome","Tiny House"],"picked":"Astrolabe"},{"not_picked":["Philosopher\u0027s Stone","Lizard Tail"],"picked":"Empty Cage"}],"items_purged_floors":[11,21,48],"is_endless":false,"potions_floor_spawned":[5,6,12,14,16,20,22,29,31,33,46,47],"ascension_level":0}