{"gold_per_floor":[118,118,132,152,152,177,177,193,274,307,320,320,350,361,361,462,462,474,492,492,504,522,522],"floor_reached":23,"playtime":1711,"items_purged":[],"score":337,"play_id":"40cb3dc6-f10f-4a77-9cca-255b0ad2e65d","local_time":"20190922124921","is_ascension_mode":true,"campfire_choices":[{"floor":12.0,"key":"REST"},{"floor":15.0,"key":"REST"}],"neow_cost":"NONE","seed_source_timestamp":3519419579870800,"circlet_count":0,"master_deck":["Strike_G","Strike_G","Strike_G","Defend_G","Defend_G","Defend_G","Defend_G","Defend_G","Survivor","Neutralize","Dagger Throw","Bouncing Flask","Underhanded Strike","PiercingWail","Caltrops","Crippling Poison","Flying Knee","Underhanded Strike","Crippling Poison","Backstab","Envenom","Corpse Explosion","Bane+1","Slice","Catalyst","Poisoned Stab","Backflip+1"],"special_seed":0,"relics":["Ring of the Snake","Blue Candle","Tiny Chest","Dream Catcher","Art of War","Busted Crown"],"potions_floor_usage":[],"damage_taken":[{"damage":3.0,"enemies":"Cultist","floor":1.0,"turns":5.0},{"damage":0.0,"enemies":"Jaw Worm","floor":3.0,"turns":5.0},{"damage":0.0,"enemies":"Small Slimes","floor":4.0,"turns":4.0},{"damage":18.0,"enemies":"Gremlin Nob","floor":6.0,"turns":3.0},{"damage":12.0,"enemies":"Exordium Wildlife","floor":8.0,"turns":4.0},{"damage":25.0,"enemies":"3 Sentries","floor":10.0,"turns":12.0},{"damage":6.0,"enemies":"Exordium Thugs","floor":11.0,"turns":5.0},{"damage":19.0,"enemies":"Gremlin Nob","floor":13.0,"turns":4.0},{"damage":7.0,"enemies":"Lots of Slimes","floor":14.0,"turns":3.0},{"damage":31.0,"enemies":"Hexaghost","floor":16.0,"turns":9.0},{"damage":22.0,"enemies":"Shell Parasite","floor":18.0,"turns":5.0},{"damage":0.0,"enemies":"3 Byrds","floor":19.0,"turns":4.0},{"damage":11.0,"enemies":"3 Cultists","floor":21.0,"turns":3.0},{"damage":28.0,"enemies":"Sentry and Sphere","floor":22.0,"turns":4.0},{"damage":15,"enemies":"Gremlin Leader","floor":23,"turns":2}],"seed_played":"8172349067651103389","potions_obtained":[{"floor":1.0,"key":"AttackPotion"},{"floor":4.0,"key":"Dexterity Potion"},{"floor":11.0,"key":"PowerPotion"},{"floor":14.0,"key":"Swift Potion"},{"floor":16.0,"key":"Weak Potion"},{"floor":18.0,"key":"Block Potion"},{"floor":21.0,"key":"GamblersBrew"}],"is_trial":false,"path_per_floor":["M","?","M","M","$","E","?","M","T","E","M","R","E","M","R","B",null,"M","M","?","M","M","E"],"character_chosen":"THE_SILENT","items_purchased":[],"campfire_rested":2,"item_purchase_floors":[],"current_hp_per_floor":[67,67,67,67,67,49,87,75,75,50,44,70,51,44,70,39,75,53,53,53,42,14,0],"gold":522,"neow_bonus":"TEN_PERCENT_HP_BONUS","is_prod":false,"is_daily":false,"chose_seed":false,"campfire_upgraded":0,"win_rate":0,"timestamp":1569149361,"path_taken":["M","?","M","?","$","E","?","?","T","E","M","R","E","M","R","BOSS","M","M","?","?","M","E"],"build_version":"2019-07-17","purchased_purges":0,"victory":false,"max_hp_per_floor":[77,77,77,77,77,77,87,87,87,87,87,87,87,87,87,87,87,87,87,87,87,87,87],"card_choices":[{"not_picked":["Expertise","Dagger Spray"],"picked":"Dagger Throw","floor":1.0},{"not_picked":["Acrobatics","Deadly Poison"],"picked":"Bouncing Flask","floor":3.0},{"not_picked":["Cloak And Dagger","Deflect"],"picked":"Underhanded Strike","floor":4.0},{"not_picked":["Deflect","Riddle With Holes"],"picked":"PiercingWail","floor":6.0},{"not_picked":["Choke","Predator"],"picked":"Caltrops","floor":8.0},{"not_picked":["Acrobatics","Wraith Form v2"],"picked":"Crippling Poison","floor":10.0},{"not_picked":["Escape Plan","Sucker Punch"],"picked":"Flying Knee","floor":11.0},{"not_picked":["Bane","Quick Slash"],"picked":"Underhanded Strike","floor":12.0},{"not_picked":["Dodge and Roll","Masterful Stab"],"picked":"Crippling Poison","floor":13.0},{"not_picked":["Quick Slash","Backflip"],"picked":"Backstab","floor":14.0},{"not_picked":["Bane","Skewer"],"picked":"Envenom","floor":15.0},{"not_picked":["Phantasmal Killer","A Thousand Cuts"],"picked":"Corpse Explosion","floor":16.0},{"not_picked":[],"picked":"Bane+1","floor":18.0},{"not_picked":[],"picked":"Slice","floor":19.0},{"not_picked":[],"picked":"Poisoned Stab","floor":21.0},{"not_picked":[],"picked":"Backflip+1","floor":22.0}],"player_experience":298563,"relics_obtained":[{"floor":6.0,"key":"Blue Candle"},{"floor":9.0,"key":"Tiny Chest"},{"floor":10.0,"key":"Dream Catcher"},{"floor":13.0,"key":"Art of War"}],"event_choices":[{"damage_healed":0.0,"max_hp_gain":0.0,"max_hp_loss":0.0,"gold_gain":0.0,"cards_transformed":["Strike_G"],"event_name":"Transmorgrifier","player_choice":"Transformed","floor":2.0,"gold_loss":0.0,"damage_taken":0.0,"cards_obtained":["Storm of Steel"]},{"cards_removed":["Storm of Steel"],"damage_healed":28.0,"max_hp_gain":10.0,"max_hp_loss":0.0,"gold_gain":0.0,"event_name":"Bonfire Elementals","player_choice":"Offered Rare","floor":7.0,"gold_loss":0.0,"damage_taken":0.0},{"damage_healed":0.0,"max_hp_gain":0.0,"max_hp_loss":0.0,"gold_gain":0.0,"cards_transformed":["Strike_G"],"event_name":"Transmorgrifier","player_choice":"Transformed","floor":20.0,"gold_loss":0.0,"damage_taken":0.0,"cards_obtained":["Catalyst"]}],"is_beta":false,"boss_relics":[{"not_picked":["Fusion Hammer","Cursed Key"],"picked":"Busted Crown"}],"items_purged_floors":[],"is_endless":false,"potions_floor_spawned":[1,4,11,14,16,18,21],"killed_by":"Gremlin Leader","ascension_level":9}