{"gold_per_floor":[109,31,31,31,43,43,74,74,74,99,99,99,111,121,121,223,223,234,253,268,12,12,12,46,46,46,46,74,103,135,163,175,187],"floor_reached":33,"playtime":5410,"items_purged":[],"score":345,"play_id":"93a10245-0b94-4833-ab8a-992d4bef6912","local_time":"20190915230017","is_ascension_mode":false,"campfire_choices":[{"floor":6.0,"key":"REST"},{"data":"Pray","floor":8.0,"key":"SMITH"},{"data":"Regret","floor":12.0,"key":"PURGE"},{"floor":15.0,"key":"REST"},{"floor":23.0,"key":"RECALL"},{"data":"Judgement","floor":25.0,"key":"SMITH"},{"data":"ReachHeaven","floor":32.0,"key":"SMITH"}],"neow_cost":"NONE","seed_source_timestamp":0,"circlet_count":0,"master_deck":["Strike_P","Defend_P","Defend_P","Defend_P","Defend_P","Eruption","Vigilance","CutThroughFate","Unraveling","WaveOfTheHand","Pray+1","EmptyBody","DeceiveReality","CarveReality","Judgement+1","PathToVictory+1","SpiritShield+1","JustLucky+1","Vengeance","FollowUp","JustLucky+1","FlowState","Shame","Swivel","WaveOfTheHand","BowlingBash","ReachHeaven+1"],"special_seed":0,"relics":["PureWater","NeowsBlessing","Bronze Scales","Peace Pipe","Oddly Smooth Stone","PreservedInsect","Astrolabe","Eternal Feather","Enchiridion","Toy Ornithopter","The Courier","Orichalcum","MawBank"],"potions_floor_usage":[33,33],"damage_taken":[{"damage":0.0,"enemies":"Jaw Worm","floor":1.0,"turns":1.0},{"damage":0.0,"enemies":"Small Slimes","floor":5.0,"turns":1.0},{"damage":0.0,"enemies":"Gremlin Nob","floor":7.0,"turns":1.0},{"damage":36.0,"enemies":"Lagavulin","floor":10.0,"turns":8.0},{"damage":0.0,"enemies":"Cultist","floor":13.0,"turns":3.0},{"damage":0.0,"enemies":"Large Slime","floor":14.0,"turns":6.0},{"damage":15.0,"enemies":"Hexaghost","floor":16.0,"turns":9.0},{"damage":0.0,"enemies":"3 Byrds","floor":18.0,"turns":3.0},{"damage":0.0,"enemies":"Chosen","floor":19.0,"turns":3.0},{"damage":0.0,"enemies":"Snake Plant","floor":20.0,"turns":2.0},{"damage":0.0,"enemies":"Gremlin Leader","floor":24.0,"turns":4.0},{"damage":2.0,"enemies":"Book of Stabbing","floor":28.0,"turns":5.0},{"damage":6.0,"enemies":"Snecko","floor":29.0,"turns":5.0},{"damage":0.0,"enemies":"Shelled Parasite and Fungi","floor":30.0,"turns":7.0},{"damage":0.0,"enemies":"Sentry and Sphere","floor":31.0,"turns":2.0},{"damage":65,"enemies":"Automaton","floor":33,"turns":6}],"seed_played":"-1499271534128478068","potions_obtained":[{"floor":7.0,"key":"Energy Potion"},{"floor":10.0,"key":"AttackPotion"},{"floor":14.0,"key":"EntropicBrew"},{"floor":16.0,"key":"Fire Potion"},{"floor":20.0,"key":"AttackPotion"},{"floor":24.0,"key":"PowerPotion"},{"floor":28.0,"key":"LiquidBronze"},{"floor":30.0,"key":"GamblersBrew"}],"is_trial":false,"path_per_floor":["M","$","?","?","M","R","E","R","T","E","?","R","M","M","R","B",null,"M","M","M","$","?","R","E","R","T","?","E","M","M","M","R","B"],"character_chosen":"WATCHER","items_purchased":["Unraveling","Eternal Feather"],"campfire_rested":2,"item_purchase_floors":[2,21],"current_hp_per_floor":[65,65,47,47,47,65,65,65,65,29,29,29,29,29,48,33,65,65,65,65,65,49,61,61,65,65,65,63,59,59,59,65,0],"gold":187,"neow_bonus":"THREE_ENEMY_KILL","is_prod":false,"is_daily":false,"chose_seed":false,"campfire_upgraded":3,"win_rate":0.0,"timestamp":1568613617,"path_taken":["M","$","?","?","?","R","E","R","T","E","?","R","M","M","R","BOSS","M","M","M","$","?","R","E","R","T","?","E","?","M","M","R","BOSS"],"build_version":"2019-09-12","purchased_purges":0,"victory":false,"max_hp_per_floor":[65,65,65,65,65,65,65,65,65,65,65,65,65,65,65,65,65,65,65,65,65,65,65,65,65,65,65,65,65,65,65,65,65],"card_choices":[{"not_picked":["EmptyFist","CrushJoints"],"picked":"CutThroughFate","floor":1.0},{"not_picked":["Crescendo","Vengeance"],"picked":"WaveOfTheHand","floor":5.0},{"not_picked":["JustLucky","EmptyMind"],"picked":"Pray","floor":7.0},{"not_picked":["EmptyFist","JustLucky"],"picked":"EmptyBody","floor":10.0},{"not_picked":["EmptyMind","ThirdEye"],"picked":"DeceiveReality","floor":13.0},{"not_picked":["ForeignInfluence","ClearTheMind"],"picked":"CarveReality","floor":14.0},{"not_picked":["LessonLearned","ReachHeaven"],"picked":"Judgement","floor":16.0},{"not_picked":["CarveReality","JustLucky"],"picked":"Vengeance","floor":18.0},{"not_picked":["ClearTheMind","FlyingSleeves"],"picked":"FollowUp","floor":19.0},{"not_picked":["Weave","Conclude"],"picked":"JustLucky+1","floor":20.0},{"not_picked":["CutThroughFate","ClearTheMind+1"],"picked":"FlowState","floor":24.0},{"not_picked":["Halt","EmptyFist"],"picked":"Swivel","floor":28.0},{"not_picked":["CutThroughFate","EmptyBody"],"picked":"WaveOfTheHand","floor":29.0},{"not_picked":["Halt","Scrawl"],"picked":"BowlingBash","floor":30.0},{"not_picked":["CarveReality+1","Consecrate"],"picked":"ReachHeaven","floor":31.0}],"player_experience":224715,"relics_obtained":[{"floor":7.0,"key":"Peace Pipe"},{"floor":10.0,"key":"Oddly Smooth Stone"},{"floor":22.0,"key":"Enchiridion"},{"floor":24.0,"key":"Toy Ornithopter"},{"floor":26.0,"key":"The Courier"},{"floor":28.0,"key":"MawBank"}],"event_choices":[{"damage_healed":0.0,"max_hp_gain":0.0,"max_hp_loss":0.0,"gold_gain":0.0,"event_name":"Scrap Ooze","player_choice":"Success","floor":3.0,"gold_loss":0.0,"damage_taken":18.0,"relics_obtained":["Bronze Scales"]},{"damage_healed":0.0,"max_hp_gain":0.0,"max_hp_loss":0.0,"gold_gain":0.0,"event_name":"Purifier","player_choice":"Ignored","floor":4.0,"gold_loss":0.0,"damage_taken":0.0},{"damage_healed":0.0,"max_hp_gain":0.0,"max_hp_loss":0.0,"gold_gain":0.0,"event_name":"Big Fish","player_choice":"Box","floor":11.0,"gold_loss":0.0,"damage_taken":0.0,"relics_obtained":["PreservedInsect"],"cards_obtained":["Regret"]},{"damage_healed":0.0,"max_hp_gain":0.0,"max_hp_loss":0.0,"gold_gain":0.0,"event_name":"Cursed Tome","player_choice":"Obtained Book","floor":22.0,"gold_loss":0.0,"damage_taken":16.0},{"damage_healed":0.0,"max_hp_gain":0.0,"max_hp_loss":0.0,"gold_gain":0.0,"event_name":"Addict","player_choice":"Stole Relic","floor":27.0,"gold_loss":0.0,"damage_taken":0.0,"relics_obtained":["Orichalcum"],"cards_obtained":["Shame"]}],"is_beta":true,"boss_relics":[{"not_picked":["SlaversCollar","Snecko Eye"],"picked":"Astrolabe"}],"items_purged_floors":[],"is_endless":false,"potions_floor_spawned":[7,10,14,16,20,24,28,30],"killed_by":"Automaton","ascension_level":0}