{"gold_per_floor":[109,109,109,121,137,169,169,189,189,189,200,231,406,416,416,511,511,511,47,47,0,0,0,0,0,0,0,0,0,0,0,0,0,0,0,0,0,0,0,0,0,0,0,0,0,0,0,0,0,0],"floor_reached":50,"playtime":3497,"items_purged":["Doubt"],"score":720,"play_id":"ce2cab9d-dab1-4872-83fc-8c02a26249c8","local_time":"20190910213109","is_ascension_mode":true,"campfire_choices":[{"data":"Decay","floor":7,"key":"PURGE"},{"floor":10,"key":"REST"},{"floor":15,"key":"REST"},{"floor":23,"key":"REST"},{"floor":30,"key":"REST"},{"floor":32,"key":"REST"},{"floor":42,"key":"REST"},{"floor":45,"key":"REST"},{"floor":49,"key":"REST"}],"neow_cost":"NONE","seed_source_timestamp":2512411224118800,"circlet_count":0,"master_deck":["Strike_R","Strike_R","Strike_R","Defend_R","Defend_R+1","Defend_R+1","Defend_R","Bash+1","Ghostly Armor","Ghostly Armor","Iron Wave","Battle Trance","Warcry","Infernal Blade","Feed","Intimidate","Barricade+1","Twin Strike+1","Thunderclap","Ghostly Armor","True Grit+1","Shrug It Off+1","Twin Strike+1","Clash+1","Metallicize+1","Berserk+1","Clash+1","Shrug It Off+1","Ghostly Armor+1","Ghostly Armor+1","Thunderclap+1","Flame Barrier+1","Armaments+1"],"relics":["Calling Bell","War Paint","Mercury Hourglass","Peace Pipe","Unceasing Top","Frozen Egg 2","Dodecahedron","Ectoplasm","Oddly Smooth Stone","Tiny Chest","Spirit Poop","Molten Egg 2","Kunai","Empty Cage","Potion Belt","PreservedInsect","FossilizedHelix","Calipers","Juzu Bracelet"],"potions_floor_usage":[6,16,16,25,29,33,41,50,50],"damage_taken":[{"damage":14,"enemies":"Small Slimes","floor":1,"turns":4},{"damage":0,"enemies":"Cultist","floor":4,"turns":3},{"damage":4,"enemies":"Jaw Worm","floor":5,"turns":4},{"damage":16,"enemies":"3 Sentries","floor":6,"turns":7},{"damage":10,"enemies":"2 Fungi Beasts","floor":8,"turns":4},{"damage":12,"enemies":"Exordium Thugs","floor":11,"turns":6},{"damage":25,"enemies":"Lagavulin","floor":12,"turns":6},{"damage":3,"enemies":"3 Louse","floor":14,"turns":2},{"damage":45,"enemies":"Slime Boss","floor":16,"turns":16},{"damage":49,"enemies":"Spheric Guardian","floor":18,"turns":10},{"damage":13,"enemies":"2 Thieves","floor":21,"turns":4},{"damage":0,"enemies":"3 Cultists","floor":22,"turns":7},{"damage":19,"enemies":"Slavers","floor":25,"turns":8},{"damage":5,"enemies":"Sentry and Sphere","floor":27,"turns":5},{"damage":0,"enemies":"Centurion and Healer","floor":29,"turns":11},{"damage":35,"enemies":"Collector","floor":33,"turns":19},{"damage":1,"enemies":"Orb Walker","floor":35,"turns":4},{"damage":38,"enemies":"3 Darklings","floor":36,"turns":8},{"damage":43,"enemies":"Spire Growth","floor":39,"turns":5},{"damage":33,"enemies":"Giant Head","floor":41,"turns":11},{"damage":0,"enemies":"Nemesis","floor":44,"turns":9},{"damage":11,"enemies":"Transient","floor":47,"turns":5},{"damage":11,"enemies":"Sphere and 2 Shapes","floor":48,"turns":8},{"damage":75,"enemies":"Donu and Deca","floor":50,"turns":12}],"seed_played":"-7233813385760218601","potions_obtained":[{"floor":4,"key":"Strength Potion"},{"floor":11,"key":"BloodPotion"},{"floor":12,"key":"Block Potion"},{"floor":18,"key":"Dexterity Potion"},{"floor":21,"key":"EssenceOfSteel"},{"floor":29,"key":"Explosive Potion"},{"floor":35,"key":"Strength Potion"},{"floor":44,"key":"Energy Potion"},{"floor":48,"key":"LiquidBronze"}],"is_trial":false,"path_per_floor":["M","?","?","M","M","E","R","M","T","R","M","E","?","M","R","B",null,"M","$","?","M","M","R","$","E","T","M","?","M","R","$","R","B",null,"M","M","?","T","M","$","E","R","T","E","R","T","M","M","R","B"],"character_chosen":"IRONCLAD","items_purchased":["Oddly Smooth Stone","Tiny Chest","Thunderclap","Ghostly Armor"],"campfire_rested":8,"item_purchase_floors":[19,19,19,19],"current_hp_per_floor":[66,59,59,59,55,39,39,29,29,53,41,16,16,16,40,15,66,17,17,17,7,10,36,36,17,17,15,15,18,46,46,74,39,81,80,42,83,83,40,40,7,31,31,34,59,59,48,37,62,0],"gold":0,"neow_bonus":"BOSS_RELIC","is_prod":false,"is_daily":false,"chose_seed":false,"campfire_upgraded":0,"win_rate":0,"timestamp":1568143869,"path_taken":["M","?","?","?","?","E","R","M","T","R","M","E","?","M","R","BOSS","M","$","?","M","M","R","?","E","T","M","?","?","R","?","R","BOSS","M","M","?","?","M","?","E","R","T","E","R","?","M","M","R","BOSS"],"build_version":"2019-07-17","purchased_purges":1,"victory":false,"max_hp_per_floor":[80,80,80,80,80,80,80,80,80,80,80,80,80,83,83,83,83,83,83,83,86,89,89,89,89,89,92,92,95,95,95,95,95,95,95,95,83,83,83,83,83,83,83,86,86,86,86,86,86,86],"card_choices":[{"not_picked":["Heavy Blade","Dual Wield"],"picked":"Ghostly Armor","floor":1},{"not_picked":["Intimidate","Clash"],"picked":"Ghostly Armor","floor":4},{"not_picked":["Warcry","Clothesline"],"picked":"Iron Wave","floor":5},{"not_picked":["Havoc","Searing Blow"],"picked":"Battle Trance","floor":6},{"not_picked":["Hemokinesis","Bloodletting"],"picked":"Warcry","floor":8},{"not_picked":["Perfected Strike","Evolve+1"],"picked":"Infernal Blade","floor":11},{"not_picked":["Bloodletting","Infernal Blade"],"picked":"Feed","floor":12},{"not_picked":["Havoc","Perfected Strike"],"picked":"Intimidate","floor":14},{"not_picked":["Fiend Fire","Brutality+1"],"picked":"Barricade+1","floor":16},{"not_picked":["Clothesline+1","Sever Soul"],"picked":"Twin Strike+1","floor":18},{"not_picked":["Havoc","Sword Boomerang"],"picked":"True Grit+1","floor":21},{"not_picked":["Twin Strike","Iron Wave+1"],"picked":"Shrug It Off+1","floor":22},{"not_picked":["Sword Boomerang+1","Power Through+1"],"picked":"Twin Strike+1","floor":25},{"not_picked":["Heavy Blade+1","Anger+1"],"picked":"Clash+1","floor":27},{"not_picked":["Juggernaut+1","Dual Wield"],"picked":"Metallicize+1","floor":29},{"not_picked":["Limit Break","Double Tap"],"picked":"Berserk+1","floor":33},{"not_picked":["Infernal Blade","Clothesline+1"],"picked":"Clash+1","floor":35},{"not_picked":["Rupture+1","True Grit+1"],"picked":"Shrug It Off+1","floor":36},{"not_picked":["True Grit","Fire Breathing+1"],"picked":"Ghostly Armor+1","floor":39},{"not_picked":["Sentinel+1","Fiend Fire+1"],"picked":"Ghostly Armor+1","floor":41},{"not_picked":["Havoc","True Grit"],"picked":"Thunderclap+1","floor":44},{"not_picked":["Heavy Blade+1","Burning Pact+1"],"picked":"Flame Barrier+1","floor":47},{"not_picked":["True Grit","Heavy Blade+1"],"picked":"Armaments+1","floor":48}],"player_experience":123889,"relics_obtained":[{"floor":0,"key":"War Paint"},{"floor":0,"key":"Mercury Hourglass"},{"floor":0,"key":"Peace Pipe"},{"floor":6,"key":"Unceasing Top"},{"floor":9,"key":"Frozen Egg 2"},{"floor":12,"key":"Dodecahedron"},{"floor":25,"key":"Molten Egg 2"},{"floor":26,"key":"Kunai"},{"floor":38,"key":"Potion Belt"},{"floor":41,"key":"PreservedInsect"},{"floor":43,"key":"FossilizedHelix"},{"floor":44,"key":"Calipers"},{"floor":46,"key":"Juzu Bracelet"}],"event_choices":[{"cards_removed":["Pain"],"damage_healed":0,"gold_gain":0,"player_choice":"Card Removal","damage_taken":7,"max_hp_gain":0,"max_hp_loss":0,"event_name":"Golden Wing","floor":2,"gold_loss":0},{"damage_healed":0,"gold_gain":0,"player_choice":"Upgraded","damage_taken":0,"max_hp_gain":0,"max_hp_loss":0,"event_name":"Upgrade Shrine","floor":3,"gold_loss":0,"cards_upgraded":["Bash"]},{"damage_healed":0,"gold_gain":175,"player_choice":"AGREE","damage_taken":0,"max_hp_gain":0,"max_hp_loss":0,"event_name":"Liars Game","floor":13,"gold_loss":0,"cards_obtained":["Doubt"]},{"cards_removed":["Decay"],"damage_healed":0,"gold_gain":0,"player_choice":"Offered Curse","damage_taken":0,"relics_obtained":["Spirit Poop"],"max_hp_gain":0,"max_hp_loss":0,"event_name":"Bonfire Elementals","floor":20,"gold_loss":0},{"damage_healed":0,"gold_gain":100,"player_choice":"Pray","damage_taken":0,"max_hp_gain":0,"max_hp_loss":0,"event_name":"Golden Shrine","floor":28,"gold_loss":0},{"damage_healed":83,"gold_gain":0,"player_choice":"Heal","damage_taken":0,"max_hp_gain":0,"max_hp_loss":12,"event_name":"The Moai Head","floor":37,"gold_loss":0}],"is_beta":false,"boss_relics":[{"not_picked":["White Beast Statue","Orrery"],"picked":"Ectoplasm"},{"not_picked":["Eternal Feather","Coffee Dripper"],"picked":"Empty Cage"}],"items_purged_floors":[19],"is_endless":false,"potions_floor_spawned":[4,11,12,18,21,29,35,44,48],"killed_by":"Donu and Deca","ascension_level":5}