{"gold_per_floor":[118,128,146,165,176,207,207,132,132,132,132,162,162,177,177,254,304,314,325,165,178,190,190,190],"floor_reached":24,"playtime":1521,"items_purged":["Strike_B"],"score":420,"play_id":"76b23ac1-eaaa-4df6-b5f0-78675c45e013","local_time":"20191008185115","is_ascension_mode":true,"campfire_choices":[{"data":"Secret Weapon","floor":7.0,"key":"SMITH"},{"floor":11.0,"key":"REST"},{"data":"Streamline","floor":13.0,"key":"SMITH"},{"floor":15.0,"key":"REST"},{"floor":23,"key":"REST"}],"neow_cost":"TEN_PERCENT_HP_LOSS","seed_source_timestamp":0,"circlet_count":0,"master_deck":["AscendersBane","Strike_B","Strike_B","Strike_B","Defend_B","Defend_B","Defend_B","Defend_B+1","Zap","Dualcast","Secret Weapon+1","Impatience","Streamline+1","Stack","Steam","Gash","Coolheaded","Cold Snap","Hello World","Echo Form","Stack","Hologram","Glacier","Self Repair","BootSequence","Hologram"],"special_seed":0,"relics":["Cracked Core","Singing Bowl","Omamori","Vajra","Bottled Lightning","Tiny House"],"potions_floor_usage":[21],"damage_taken":[{"damage":0.0,"enemies":"Cultist","floor":1.0,"turns":3.0},{"damage":0.0,"enemies":"Small Slimes","floor":2.0,"turns":2.0},{"damage":19.0,"enemies":"Jaw Worm","floor":3.0,"turns":4.0},{"damage":2.0,"enemies":"Exordium Wildlife","floor":4.0,"turns":3.0},{"damage":0.0,"enemies":"Gremlin Gang","floor":5.0,"turns":1.0},{"damage":10.0,"enemies":"Lagavulin","floor":6.0,"turns":7.0},{"damage":20.0,"enemies":"Gremlin Nob","floor":12.0,"turns":4.0},{"damage":6.0,"enemies":"Looter","floor":14.0,"turns":3.0},{"damage":32.0,"enemies":"Hexaghost","floor":16.0,"turns":13.0},{"damage":36.0,"enemies":"Chosen","floor":18.0,"turns":6.0},{"damage":16.0,"enemies":"2 Thieves","floor":19.0,"turns":4.0},{"damage":0,"enemies":"Snecko","floor":21,"turns":8},{"damage":12,"enemies":"Centurion and Healer","floor":22,"turns":8},{"damage":48,"enemies":"Gremlin Leader","floor":24,"turns":6}],"seed_played":"9135236027572046994","potions_obtained":[{"floor":3.0,"key":"AttackPotion"},{"floor":4.0,"key":"GamblersBrew"},{"floor":5.0,"key":"Dexterity Potion"},{"floor":6.0,"key":"FocusPotion"},{"floor":17.0,"key":"Fruit Juice"},{"floor":18.0,"key":"PowerPotion"},{"floor":19.0,"key":"AttackPotion"}],"is_trial":false,"path_per_floor":["M","M","M","M","M","E","R","$","T","?","R","E","R","M","R","B",null,"M","M","$","M","M","R","E"],"character_chosen":"DEFECT","items_purchased":["Self Repair","BootSequence"],"campfire_rested":3,"item_purchase_floors":[20,20],"current_hp_per_floor":[64,64,45,43,43,33,33,33,33,28,47,29,29,23,42,10,62,26,10,10,19,14,37,0],"gold":190,"neow_bonus":"RANDOM_COLORLESS_2","is_prod":false,"is_daily":false,"chose_seed":false,"campfire_upgraded":2,"win_rate":0,"timestamp":1570553475,"path_taken":["M","M","?","M","M","E","R","$","T","?","R","E","R","M","R","BOSS","M","M","$","M","M","R","E"],"build_version":"2019-07-17","purchased_purges":1,"victory":false,"max_hp_per_floor":[64,64,64,64,64,64,64,64,64,64,64,66,66,66,66,66,76,76,76,76,78,78,78,78],"card_choices":[{"not_picked":["Leap","Redo"],"picked":"Streamline","floor":1.0},{"not_picked":["Reprogram","Steam"],"picked":"Stack","floor":2.0},{"not_picked":["Reprogram","Compile Driver"],"picked":"Steam","floor":3.0},{"not_picked":["Turbo","Reinforced Body"],"picked":"Gash","floor":4.0},{"not_picked":["Double Energy","Hologram"],"picked":"Coolheaded","floor":5.0},{"not_picked":["Barrage","Beam Cell"],"picked":"Cold Snap","floor":6.0},{"not_picked":["Coolheaded","Cold Snap","Fission"],"picked":"Singing Bowl","floor":12.0},{"not_picked":["Sweeping Beam","Turbo"],"picked":"Hello World","floor":14.0},{"not_picked":["Buffer","All For One"],"picked":"Echo Form","floor":16.0},{"not_picked":["Turbo","Ball Lightning"],"picked":"Stack","floor":17.0},{"not_picked":["Go for the Eyes","Blizzard"],"picked":"Hologram","floor":18.0},{"not_picked":["Gash","Leap+1"],"picked":"Glacier","floor":19.0},{"not_picked":["Stack","Steam","Skim"],"picked":"Singing Bowl","floor":21},{"not_picked":["Steam Power","Fusion"],"picked":"Hologram","floor":22}],"player_experience":441446,"relics_obtained":[{"floor":6.0,"key":"Singing Bowl"},{"floor":9.0,"key":"Omamori"},{"floor":12.0,"key":"Bottled Lightning"}],"event_choices":[{"damage_healed":0.0,"max_hp_gain":0.0,"max_hp_loss":0.0,"gold_gain":0.0,"event_name":"Scrap Ooze","player_choice":"Success","floor":10.0,"gold_loss":0.0,"damage_taken":5.0,"relics_obtained":["Vajra"]}],"is_beta":false,"boss_relics":[{"not_picked":["Coffee Dripper","White Beast Statue"],"picked":"Tiny House"}],"items_purged_floors":[8],"is_endless":false,"potions_floor_spawned":[3,4,5,6,18,19],"killed_by":"Gremlin Leader","ascension_level":20}