{"gold_per_floor":[213,38,56,16,30,30,8,33,58,76,76,95,95,46,46,145,145,163,177,103,103,202,202,217,217,217,88,88,13,30,44,44,149,149,161,61,61,61,79,79,105,122,147,159,24,24,24,37,37,37],"floor_reached":51,"playtime":995,"items_purged":["Regret","Decay","Pain"],"score":748,"play_id":"5927336b-b3ff-4653-8b99-4706f98e8afd","local_time":"20190908134235","is_ascension_mode":false,"campfire_choices":[{"data":"Spot Weakness","floor":6,"key":"SMITH"},{"data":"Heavy Blade","floor":13,"key":"SMITH"},{"data":"Flex","floor":15,"key":"SMITH"},{"data":"Demon Form","floor":23,"key":"SMITH"},{"floor":25,"key":"REST"},{"floor":32,"key":"REST"},{"floor":40,"key":"REST"},{"floor":44,"key":"REST"},{"data":"Limit Break","floor":47,"key":"SMITH"},{"floor":49,"key":"REST"}],"neow_cost":"NONE","seed_source_timestamp":748876361585100,"circlet_count":0,"master_deck":["Strike_R","Strike_R","Strike_R","Strike_R","Strike_R","Defend_R","Defend_R","Defend_R","Defend_R","Bash","Anger","Spot Weakness+1","Heavy Blade+1","Ghostly Armor","Flex+1","Demon Form+1","Spot Weakness","Inflame","Inflame","Rage","Flex","Heavy Blade+1","Limit Break+1","Flex+1","Madness","Madness","Heavy Blade+1","Limit Break","Flex","Doubt","Headbutt+1"],"relics":["Burning Blood","Pen Nib","Bag of Marbles","Strawberry","Pantograph","Cursed Key","Ornamental Fan","Mummified Hand","Velvet Choker","Pear","MawBank"],"potions_floor_usage":[5,8,16,33,41,50],"damage_taken":[{"damage":6,"enemies":"Cultist","floor":1,"turns":3},{"damage":0,"enemies":"Small Slimes","floor":3,"turns":3},{"damage":0,"enemies":"Jaw Worm","floor":5,"turns":1},{"damage":31,"enemies":"Lagavulin","floor":8,"turns":4},{"damage":15,"enemies":"Exordium Wildlife","floor":10,"turns":2},{"damage":16,"enemies":"Blue Slaver","floor":12,"turns":3},{"damage":25,"enemies":"Slime Boss","floor":16,"turns":6},{"damage":10,"enemies":"2 Thieves","floor":18,"turns":2},{"damage":18,"enemies":"Shell Parasite","floor":19,"turns":3},{"damage":36,"enemies":"Shelled Parasite and Fungi","floor":24,"turns":4},{"damage":36,"enemies":"Snecko","floor":30,"turns":6},{"damage":29,"enemies":"Chosen and Byrds","floor":31,"turns":6},{"damage":39,"enemies":"Champ","floor":33,"turns":7},{"damage":10,"enemies":"3 Darklings","floor":35,"turns":5},{"damage":52,"enemies":"3 Shapes","floor":39,"turns":8},{"damage":40,"enemies":"Nemesis","floor":41,"turns":5},{"damage":13,"enemies":"Sphere and 2 Shapes","floor":42,"turns":4},{"damage":64,"enemies":"Transient","floor":48,"turns":5},{"damage":72,"enemies":"Donu and Deca","floor":50,"turns":5}],"seed_played":"2369661195131996057","potions_obtained":[{"floor":4,"key":"Energy Potion"},{"floor":4,"key":"Fire Potion"},{"floor":4,"key":"SkillPotion"},{"floor":5,"key":"FairyPotion"},{"floor":8,"key":"AttackPotion"},{"floor":31,"key":"PowerPotion"},{"floor":33,"key":"EssenceOfSteel"},{"floor":39,"key":"Block Potion"},{"floor":48,"key":"Swift Potion"}],"is_trial":false,"path_per_floor":["M","$","M","?","M","R","$","E","T","M","?","M","R","$","R","B",null,"M","M","$","?","?","R","M","R","T","$","T","?","M","M","R","B",null,"M","$","?","?","M","R","E","M","T","R","$","?","R","M","R","B",null],"character_chosen":"IRONCLAD","items_purchased":["Anger","Pen Nib","Heavy Blade","Flex","Inflame","Flex","Flex"],"campfire_rested":5,"item_purchase_floors":[2,2,7,14,20,27,45],"current_hp_per_floor":[80,80,80,80,80,80,80,55,62,53,53,43,43,43,43,49,87,83,71,71,71,71,71,41,67,67,67,67,67,37,14,40,32,87,83,83,72,72,26,52,28,21,21,50,50,97,97,39,68,27],"gold":37,"neow_bonus":"HUNDRED_GOLD","is_prod":false,"is_daily":false,"chose_seed":false,"campfire_upgraded":5,"win_rate":0,"timestamp":1567942955,"path_taken":["M","$","?","?","?","R","$","E","T","?","?","M","R","?","R","BOSS","M","M","$","?","?","R","M","R","T","?","?","?","M","M","R","BOSS","M","$","?","?","M","R","E","M","T","R","$","?","R","M","R","BOSS"],"build_version":"2019-07-17","purchased_purges":3,"victory":true,"max_hp_per_floor":[80,80,80,80,80,80,80,80,87,87,87,87,87,87,87,87,87,87,87,87,87,87,87,87,87,87,87,87,87,87,87,87,87,87,87,87,87,87,87,87,97,97,97,97,97,97,97,97,97,97],"card_choices":[{"not_picked":["Havoc","Uppercut","Pommel Strike"],"picked":"SKIP","floor":1},{"not_picked":["Infernal Blade","Twin Strike"],"picked":"Spot Weakness","floor":3},{"not_picked":["Sentinel","Wild Strike","True Grit"],"picked":"SKIP","floor":5},{"not_picked":["Blood for Blood","Evolve","Fire Breathing"],"picked":"SKIP","floor":8},{"not_picked":["Clash","Havoc","Shockwave"],"picked":"SKIP","floor":10},{"not_picked":["Clash","Second Wind"],"picked":"Ghostly Armor","floor":12},{"not_picked":["Feed","Reaper"],"picked":"Demon Form","floor":16},{"not_picked":["Clash","Body Slam"],"picked":"Spot Weakness","floor":18},{"not_picked":["Wild Strike+1","Sever Soul+1","Sentinel"],"picked":"SKIP","floor":19},{"not_picked":["Sword Boomerang","Havoc"],"picked":"Rage","floor":24},{"not_picked":["Dropkick","Perfected Strike"],"picked":"Heavy Blade+1","floor":30},{"not_picked":["Heavy Blade","Dual Wield","Iron Wave"],"picked":"SKIP","floor":31},{"not_picked":["Brutality","Berserk"],"picked":"Limit Break","floor":33},{"not_picked":["Hemokinesis+1","Thunderclap+1"],"picked":"Flex+1","floor":35},{"not_picked":["Cleave","Warcry+1"],"picked":"Heavy Blade+1","floor":39},{"not_picked":["Sever Soul","Iron Wave"],"picked":"Limit Break","floor":41},{"not_picked":["Pummel","Twin Strike+1","Pommel Strike"],"picked":"SKIP","floor":42},{"not_picked":["Armaments","Reckless Charge"],"picked":"Headbutt+1","floor":48}],"player_experience":230515,"relics_obtained":[{"floor":8,"key":"Bag of Marbles"},{"floor":9,"key":"Strawberry"},{"floor":26,"key":"Ornamental Fan"},{"floor":28,"key":"Mummified Hand"},{"floor":41,"key":"Pear"},{"floor":43,"key":"MawBank"}],"event_choices":[{"damage_healed":0,"gold_gain":0,"player_choice":"Bought 3 Potions","damage_taken":0,"max_hp_gain":0,"max_hp_loss":0,"event_name":"The Woman in Blue","floor":4,"gold_loss":0},{"damage_healed":0,"gold_gain":0,"player_choice":"Box","damage_taken":0,"relics_obtained":["Pantograph"],"max_hp_gain":0,"max_hp_loss":0,"event_name":"Big Fish","floor":11,"gold_loss":0,"cards_obtained":["Regret"]},{"damage_healed":0,"gold_gain":0,"player_choice":"Read","damage_taken":0,"max_hp_gain":0,"max_hp_loss":0,"event_name":"The Library","floor":21,"gold_loss":0,"cards_obtained":["Inflame"]},{"damage_healed":0,"gold_gain":99,"player_choice":"Stole From Cult","damage_taken":0,"max_hp_gain":0,"max_hp_loss":0,"event_name":"Nest","floor":22,"gold_loss":0},{"cards_removed":["Doubt"],"damage_healed":0,"gold_gain":0,"player_choice":"Gave Gold","damage_taken":0,"max_hp_gain":0,"max_hp_loss":0,"event_name":"Beggar","floor":29,"gold_loss":75},{"damage_healed":0,"gold_gain":0,"player_choice":"Embrace Madness","damage_taken":11,"max_hp_gain":0,"max_hp_loss":0,"event_name":"Winding Halls","floor":37,"gold_loss":0,"cards_obtained":["Madness","Madness"]},{"damage_healed":0,"gold_gain":0,"player_choice":"Ignored","damage_taken":0,"max_hp_gain":0,"max_hp_loss":0,"event_name":"Mysterious Sphere","floor":38,"gold_loss":0},{"damage_healed":47,"gold_gain":0,"player_choice":"Heal","damage_taken":0,"max_hp_gain":0,"max_hp_loss":0,"event_name":"MindBloom","floor":46,"gold_loss":0,"cards_obtained":["Doubt"]}],"is_beta":false,"boss_relics":[{"not_picked":["Lizard Tail","Coffee Dripper"],"picked":"Cursed Key"},{"not_picked":["Pandora\u0027s Box","Runic Pyramid"],"picked":"Velvet Choker"}],"items_purged_floors":[27,36,45],"is_endless":false,"potions_floor_spawned":[5,8,31,33,35,39,48],"ascension_level":0}