{"gold_per_floor":[110,126,139,155,173,173,187,206,206,206,222,248,264,264,264,368,368,382,382,40,40,50,50,69,81,105,205,205,5,5,5,5,5],"floor_reached":33,"playtime":730,"items_purged":["Pain"],"score":266,"play_id":"1a11c8b5-6279-4755-acc0-112a70283958","local_time":"20190907205621","is_ascension_mode":false,"campfire_choices":[{"data":"Flex","floor":6,"key":"SMITH"},{"floor":10,"key":"REST"},{"data":"Inflame","floor":15,"key":"SMITH"},{"data":"Double Tap","floor":23,"key":"SMITH"},{"data":"Double Tap","floor":30,"key":"SMITH"},{"data":"Flex","floor":32,"key":"SMITH"}],"neow_cost":"NONE","seed_source_timestamp":688783607689400,"circlet_count":0,"master_deck":["Strike_R","Strike_R","Strike_R","Strike_R","Strike_R","Defend_R","Defend_R","Defend_R","Defend_R","Bash","Perfected Strike","Perfected Strike","Flex+1","Clash","Inflame+1","Thunderclap","Iron Wave","Double Tap+1","Iron Wave","Corruption","Flex+1","Double Tap+1","Flex+1","Rage","Flex","Flex","Shame"],"relics":["Burning Blood","Bottled Tornado","Odd Mushroom","WarpedTongs","Mark of Pain","Letter Opener","Pen Nib","Orichalcum","Nunchaku","Singing Bowl","Strawberry","Magic Flower"],"potions_floor_usage":[7,12,16,16,16,16,16,22,25,27,33,33],"damage_taken":[{"damage":6,"enemies":"Cultist","floor":1,"turns":3},{"damage":18,"enemies":"Jaw Worm","floor":2,"turns":3},{"damage":0,"enemies":"Small Slimes","floor":3,"turns":2},{"damage":21,"enemies":"Red Slaver","floor":4,"turns":3},{"damage":20,"enemies":"Looter","floor":5,"turns":3},{"damage":14,"enemies":"Exordium Thugs","floor":7,"turns":3},{"damage":16,"enemies":"Large Slime","floor":8,"turns":4},{"damage":13,"enemies":"3 Louse","floor":11,"turns":2},{"damage":9,"enemies":"The Mushroom Lair","floor":12,"turns":2},{"damage":11,"enemies":"Exordium Wildlife","floor":13,"turns":2},{"damage":24,"enemies":"Hexaghost","floor":16,"turns":7},{"damage":10,"enemies":"Chosen","floor":18,"turns":3},{"damage":5,"enemies":"Spheric Guardian","floor":22,"turns":3},{"damage":19,"enemies":"Shelled Parasite and Fungi","floor":24,"turns":3},{"damage":1,"enemies":"Centurion and Healer","floor":25,"turns":3},{"damage":14,"enemies":"Colosseum Slavers","floor":27,"turns":2},{"damage":10,"enemies":"Colosseum Nobs","floor":27,"turns":3},{"damage":66,"enemies":"Champ","floor":33,"turns":7}],"seed_played":"2800076264005802598","potions_obtained":[{"floor":0,"key":"PowerPotion"},{"floor":0,"key":"EntropicBrew"},{"floor":0,"key":"Poison Potion"},{"floor":1,"key":"Strength Potion"},{"floor":11,"key":"Fire Potion"},{"floor":12,"key":"LiquidBronze"},{"floor":16,"key":"SteroidPotion"},{"floor":22,"key":"SteroidPotion"},{"floor":24,"key":"SkillPotion"},{"floor":25,"key":"LiquidBronze"},{"floor":27,"key":"SpeedPotion"}],"is_trial":false,"path_per_floor":["M","M","M","M","M","R","M","M","T","R","M","?","M","?","R","B",null,"M","T","$","?","M","R","M","M","T","?","?","$","R","?","R","B"],"character_chosen":"IRONCLAD","items_purchased":["Corruption","Flex","Pen Nib","Flex","Strawberry"],"campfire_rested":1,"item_purchase_floors":[20,20,20,29,29],"current_hp_per_floor":[80,68,74,59,45,45,37,27,27,51,44,41,36,36,36,18,80,76,76,76,76,77,77,64,69,69,57,48,55,55,55,55,0],"gold":5,"neow_bonus":"THREE_SMALL_POTIONS","is_prod":false,"is_daily":false,"chose_seed":false,"campfire_upgraded":5,"win_rate":0,"timestamp":1567882581,"path_taken":["M","M","?","M","M","R","M","?","T","R","M","?","M","?","R","BOSS","M","?","$","?","?","R","M","M","T","?","?","$","R","?","R","BOSS"],"build_version":"2019-07-17","purchased_purges":1,"victory":false,"max_hp_per_floor":[80,80,80,80,80,80,80,80,80,80,80,80,80,80,80,80,80,80,80,80,80,80,80,80,80,80,80,80,87,87,87,87,87],"card_choices":[{"not_picked":["Headbutt","Armaments"],"picked":"Perfected Strike","floor":1},{"not_picked":["Sentinel","Battle Trance","Sever Soul"],"picked":"SKIP","floor":2},{"not_picked":["Wild Strike","Body Slam"],"picked":"Perfected Strike","floor":3},{"not_picked":["Blood for Blood","Reckless Charge"],"picked":"Flex","floor":4},{"not_picked":["Havoc","Iron Wave"],"picked":"Clash","floor":5},{"not_picked":["Whirlwind","Intimidate"],"picked":"Inflame","floor":7},{"not_picked":["Warcry","Bludgeon"],"picked":"Thunderclap","floor":8},{"not_picked":["Rupture","Seeing Red","True Grit"],"picked":"SKIP","floor":11},{"not_picked":["Warcry","Shrug It Off"],"picked":"Iron Wave","floor":12},{"not_picked":["Headbutt","Wild Strike","Uppercut"],"picked":"SKIP","floor":13},{"not_picked":["Exhume","Brutality"],"picked":"Double Tap","floor":16},{"not_picked":["Blood for Blood+1","Bloodletting"],"picked":"Iron Wave","floor":18},{"not_picked":["Clothesline","Headbutt","Hemokinesis"],"picked":"SKIP","floor":22},{"not_picked":["Uppercut","True Grit"],"picked":"Flex+1","floor":24},{"not_picked":["Body Slam","True Grit"],"picked":"Rage","floor":25},{"not_picked":["Havoc","Wild Strike"],"picked":"Flex","floor":27}],"player_experience":213257,"relics_obtained":[{"floor":9,"key":"Bottled Tornado"},{"floor":12,"key":"Odd Mushroom"},{"floor":19,"key":"Letter Opener"},{"floor":26,"key":"Orichalcum"},{"floor":27,"key":"Nunchaku"},{"floor":27,"key":"Singing Bowl"}],"event_choices":[{"damage_healed":0,"gold_gain":0,"player_choice":"Fought Mushrooms","damage_taken":0,"max_hp_gain":0,"max_hp_loss":0,"event_name":"Mushrooms","floor":12,"gold_loss":0},{"damage_healed":0,"gold_gain":0,"player_choice":"Rummage","damage_taken":0,"relics_obtained":["WarpedTongs"],"max_hp_gain":0,"max_hp_loss":0,"event_name":"Accursed Blacksmith","floor":14,"gold_loss":0,"cards_obtained":["Pain"]},{"damage_healed":0,"gold_gain":0,"player_choice":"Copied","damage_taken":0,"max_hp_gain":0,"max_hp_loss":0,"event_name":"Duplicator","floor":21,"gold_loss":0,"cards_obtained":["Double Tap"]},{"damage_healed":0,"gold_gain":0,"player_choice":"Fight","damage_taken":0,"max_hp_gain":0,"max_hp_loss":0,"event_name":"Colosseum","floor":27,"gold_loss":0},{"damage_healed":0,"gold_gain":0,"player_choice":"Fought Nobs","damage_taken":0,"max_hp_gain":0,"max_hp_loss":0,"event_name":"Colosseum","floor":27,"gold_loss":0},{"damage_healed":0,"gold_gain":0,"player_choice":"Stopped","damage_taken":9,"max_hp_gain":0,"max_hp_loss":0,"event_name":"Cursed Tome","floor":28,"gold_loss":0},{"damage_healed":0,"gold_gain":0,"player_choice":"Stole Relic","damage_taken":0,"relics_obtained":["Magic Flower"],"max_hp_gain":0,"max_hp_loss":0,"event_name":"Addict","floor":31,"gold_loss":0,"cards_obtained":["Shame"]}],"is_beta":false,"boss_relics":[{"not_picked":["Tiny House","Calling Bell"],"picked":"Mark of Pain"}],"items_purged_floors":[20],"is_endless":false,"potions_floor_spawned":[1,3,11,12,16,22,24,25,27],"killed_by":"Champ","ascension_level":0}