{"gold_per_floor":[116,66,82,82,101,133,133,167,228,254,285,297,326,338,350,482,494,526,24,24,24,24,24],"floor_reached":23,"playtime":712,"items_purged":["Strike_R"],"score":311,"play_id":"60f6f17b-057e-4a40-965e-665db894ed90","local_time":"20190930001627","is_ascension_mode":true,"campfire_choices":[{"data":"Searing Blow","floor":7,"key":"SMITH"},{"floor":15,"key":"REST"}],"neow_cost":"NONE","seed_source_timestamp":1510888697260700,"circlet_count":0,"master_deck":["Defend_R","Defend_R","Defend_R","Bash","Cleave","Searing Blow+1","Flex","Evolve","Whirlwind","Flex","Armaments","Demon Form","Flex+1","Bite","Bite","Bite","Bite","Bite"],"relics":["Burning Blood","Regal Pillow","The Courier","MawBank","Bloody Idol","Cursed Key","Toy Ornithopter","Vajra","Ancient Tea Set"],"potions_floor_usage":[6,6,6,6,8,8,10,16,16,23],"damage_taken":[{"damage":6,"enemies":"Cultist","floor":1,"turns":3},{"damage":15,"enemies":"Small Slimes","floor":3,"turns":3},{"damage":8,"enemies":"2 Louse","floor":5,"turns":2},{"damage":28,"enemies":"3 Sentries","floor":6,"turns":7},{"damage":28,"enemies":"Gremlin Nob","floor":8,"turns":4},{"damage":21,"enemies":"Blue Slaver","floor":10,"turns":4},{"damage":0,"enemies":"3 Louse","floor":11,"turns":1},{"damage":14,"enemies":"Red Slaver","floor":13,"turns":2},{"damage":0,"enemies":"Slime Boss","floor":16,"turns":6},{"damage":25,"enemies":"3 Byrds","floor":18,"turns":4},{"damage":68,"enemies":"Book of Stabbing","floor":23,"turns":5}],"seed_played":"5198848179433347351","potions_obtained":[{"floor":4,"key":"Strength Potion"},{"floor":4,"key":"Block Potion"},{"floor":4,"key":"EntropicBrew"},{"floor":6,"key":"EssenceOfSteel"},{"floor":8,"key":"PowerPotion"},{"floor":10,"key":"EssenceOfSteel"},{"floor":13,"key":"PowerPotion"}],"is_trial":false,"path_per_floor":["M","?","M","?","M","E","R","E","T","M","M","?","M","?","R","B",null,"M","$","?","?","?","E"],"character_chosen":"IRONCLAD","items_purchased":["Toy Ornithopter","Ancient Potion","Vajra","Ancient Tea Set"],"campfire_rested":1,"item_purchase_floors":[19,19,19,19],"current_hp_per_floor":[80,80,71,71,69,47,47,25,25,10,16,42,34,14,53,59,80,61,61,61,56,56,0],"gold":24,"neow_bonus":"RANDOM_COMMON_RELIC","is_prod":false,"is_daily":false,"chose_seed":false,"campfire_upgraded":1,"win_rate":0,"timestamp":1569795387,"path_taken":["M","?","M","?","M","E","R","E","T","?","?","?","M","?","R","BOSS","M","$","?","?","?","E"],"build_version":"2019-07-17","purchased_purges":1,"victory":false,"max_hp_per_floor":[80,80,80,80,80,80,80,80,80,80,80,80,80,80,80,80,80,80,80,80,56,56,56],"card_choices":[{"not_picked":["Thunderclap","Dual Wield"],"picked":"Cleave","floor":1},{"not_picked":["Headbutt","Wild Strike"],"picked":"Searing Blow","floor":3},{"not_picked":["Clothesline","Thunderclap"],"picked":"Flex","floor":5},{"not_picked":["Heavy Blade","Twin Strike"],"picked":"Evolve","floor":6},{"not_picked":["Twin Strike","Anger"],"picked":"Whirlwind","floor":8},{"not_picked":["Bloodletting","Wild Strike","Havoc"],"picked":"SKIP","floor":10},{"not_picked":["Dropkick","Carnage"],"picked":"Flex","floor":11},{"not_picked":["Second Wind","Twin Strike"],"picked":"Armaments","floor":13},{"not_picked":["Barricade","Feed"],"picked":"Demon Form","floor":16},{"not_picked":["Disarm","Combust+1"],"picked":"Flex+1","floor":18}],"player_experience":254483,"relics_obtained":[{"floor":6,"key":"The Courier"},{"floor":8,"key":"MawBank"}],"event_choices":[{"cards_removed":["Strike_R"],"damage_healed":0,"gold_gain":0,"player_choice":"Card Removal","damage_taken":0,"max_hp_gain":0,"max_hp_loss":0,"event_name":"The Cleric","floor":2,"gold_loss":50},{"damage_healed":0,"gold_gain":0,"player_choice":"Got Potions","damage_taken":0,"max_hp_gain":0,"max_hp_loss":0,"event_name":"Lab","floor":4,"gold_loss":0},{"damage_healed":26,"gold_gain":0,"player_choice":"Banana","damage_taken":0,"max_hp_gain":0,"max_hp_loss":0,"event_name":"Big Fish","floor":12,"gold_loss":0},{"damage_healed":0,"gold_gain":0,"player_choice":"Take Damage","damage_taken":20,"relics_obtained":["Golden Idol"],"max_hp_gain":0,"max_hp_loss":0,"event_name":"Golden Idol","floor":14,"gold_loss":0},{"damage_healed":0,"gold_gain":0,"player_choice":"Gave Idol","damage_taken":0,"relics_obtained":["Bloody Idol"],"max_hp_gain":0,"max_hp_loss":0,"event_name":"Forgotten Altar","floor":20,"relics_lost":["Golden Idol"],"gold_loss":0},{"damage_healed":0,"gold_gain":0,"player_choice":"Became a vampire","damage_taken":0,"max_hp_gain":0,"max_hp_loss":24,"event_name":"Vampires","floor":21,"gold_loss":0,"cards_obtained":["Bite","Bite","Bite","Bite","Bite"]},{"cards_removed":["Defend_R"],"damage_healed":0,"gold_gain":0,"player_choice":"Purged","damage_taken":0,"max_hp_gain":0,"max_hp_loss":0,"event_name":"Purifier","floor":22,"gold_loss":0}],"is_beta":false,"boss_relics":[{"not_picked":["Runic Dome","Tiny House"],"picked":"Cursed Key"}],"items_purged_floors":[19],"is_endless":false,"potions_floor_spawned":[6,8,10,13,16],"killed_by":"Book of Stabbing","ascension_level":3}