{"gold_per_floor":[117,130,140,157,227,227,259,259,259,259,271,287,302,322,322,426,426,446,459,17,30,30],"floor_reached":22,"playtime":1946,"items_purged":[],"score":192,"play_id":"559f513c-de62-49d1-b86c-d3df198c1a19","local_time":"20190903203112","is_ascension_mode":false,"campfire_choices":[{"floor":6,"key":"RECALL"},{"floor":8,"key":"REST"},{"floor":15,"key":"REST"}],"neow_cost":"NONE","seed_source_timestamp":1905561418094800,"circlet_count":0,"master_deck":["Strike_R","Strike_R","Strike_R","Strike_R","Strike_R","Defend_R","Defend_R","Defend_R","Defend_R","Bash","Heavy Blade","Thunderclap","Twin Strike","Armaments","Impervious","Blood for Blood+1","Cleave+1","Headbutt+1","Fire Breathing","Barricade","Armaments","Spot Weakness","Bandage Up","Blood for Blood+1"],"relics":["Burning Blood","Lantern","Bottled Flame","Molten Egg 2","Runic Cube","ClockworkSouvenir","Boot"],"potions_floor_usage":[7,16,19,21],"damage_taken":[{"damage":5,"enemies":"Small Slimes","floor":1,"turns":4},{"damage":2,"enemies":"2 Louse","floor":2,"turns":2},{"damage":3,"enemies":"Jaw Worm","floor":3,"turns":4},{"damage":0,"enemies":"Large Slime","floor":4,"turns":4},{"damage":51,"enemies":"3 Sentries","floor":7,"turns":11},{"damage":15,"enemies":"Red Slaver","floor":11,"turns":4},{"damage":12,"enemies":"Blue Slaver","floor":12,"turns":3},{"damage":0,"enemies":"2 Fungi Beasts","floor":13,"turns":3},{"damage":0,"enemies":"Lots of Slimes","floor":14,"turns":3},{"damage":36,"enemies":"Slime Boss","floor":16,"turns":10},{"damage":13,"enemies":"3 Byrds","floor":18,"turns":5},{"damage":20,"enemies":"Spheric Guardian","floor":19,"turns":7},{"damage":33,"enemies":"3 Cultists","floor":21,"turns":6},{"damage":50,"enemies":"Centurion and Healer","floor":22,"turns":9}],"seed_played":"-6416356992804117567","potions_obtained":[{"floor":1,"key":"SneckoOil"},{"floor":7,"key":"Poison Potion"},{"floor":12,"key":"SpeedPotion"},{"floor":13,"key":"Block Potion"},{"floor":18,"key":"Block Potion"}],"is_trial":false,"path_per_floor":["M","M","M","M","?","R","E","R","T","?","M","M","M","M","R","B",null,"M","M","$","M","M"],"character_chosen":"IRONCLAD","items_purchased":["ClockworkSouvenir","Boot","Bandage Up"],"campfire_rested":2,"item_purchase_floors":[20,20,20],"current_hp_per_floor":[80,80,80,80,80,80,35,59,59,47,38,32,38,44,68,38,80,73,59,59,36,0],"gold":30,"neow_bonus":"RANDOM_COMMON_RELIC","is_prod":false,"is_daily":false,"chose_seed":false,"campfire_upgraded":0,"win_rate":0,"timestamp":1567535472,"path_taken":["M","M","M","M","?","R","E","R","T","?","M","M","M","M","R","BOSS","M","M","$","M","M"],"build_version":"2019-07-17","purchased_purges":0,"victory":false,"max_hp_per_floor":[80,80,80,80,80,80,80,80,80,80,80,80,80,80,80,80,80,80,80,80,80,80],"card_choices":[{"not_picked":["Rupture","Searing Blow"],"picked":"Heavy Blade","floor":1},{"not_picked":["Clash","Cleave"],"picked":"Thunderclap","floor":2},{"not_picked":["Anger","Power Through"],"picked":"Twin Strike","floor":3},{"not_picked":["Dropkick","Heavy Blade"],"picked":"Armaments","floor":4},{"not_picked":["Armaments","Shrug It Off"],"picked":"Impervious","floor":7},{"not_picked":["Shrug It Off","Sword Boomerang+1"],"picked":"Blood for Blood+1","floor":11},{"not_picked":["Combust","Sword Boomerang+1"],"picked":"Cleave+1","floor":12},{"not_picked":["Flex","Warcry"],"picked":"Headbutt+1","floor":13},{"not_picked":["Perfected Strike+1","Uppercut+1"],"picked":"Fire Breathing","floor":14},{"not_picked":["Limit Break","Impervious"],"picked":"Barricade","floor":16},{"not_picked":["Hemokinesis+1","Dropkick+1"],"picked":"Armaments","floor":18},{"not_picked":["Pommel Strike+1","True Grit"],"picked":"Spot Weakness","floor":19},{"not_picked":["Clash+1","Second Wind"],"picked":"Blood for Blood+1","floor":21}],"player_experience":63148,"relics_obtained":[{"floor":7,"key":"Bottled Flame"}],"event_choices":[{"damage_healed":0,"gold_gain":70,"player_choice":"Gained Gold","damage_taken":0,"max_hp_gain":0,"max_hp_loss":0,"event_name":"Golden Wing","floor":5,"gold_loss":0},{"damage_healed":0,"gold_gain":0,"player_choice":"Success","damage_taken":12,"relics_obtained":["Molten Egg 2"],"max_hp_gain":0,"max_hp_loss":0,"event_name":"Scrap Ooze","floor":10,"gold_loss":0}],"is_beta":false,"boss_relics":[{"not_picked":["Tiny House","Empty Cage"],"picked":"Runic Cube"}],"items_purged_floors":[],"is_endless":false,"potions_floor_spawned":[1,7,12,13,18],"killed_by":"Centurion and Healer","ascension_level":0}