{"gold_per_floor":[111,111,136,151,175,175,218,242,242,242,283,283,283,11,11,142,142,156,177,177,192,216,251,269,269,269,282,282,306,344,369,369,494,494,510,531,544,544,877,877,893,918,918,935,10,43,43,60,60,60],"floor_reached":51,"playtime":3102,"items_purged":["Strike_B"],"score":938,"play_id":"b137a698-e551-443c-b2ac-190a5697dfc5","local_time":"20191009191323","is_ascension_mode":false,"campfire_choices":[{"data":"Electrodynamics","floor":6.0,"key":"SMITH"},{"floor":12.0,"key":"REST"},{"data":"Loop","floor":15.0,"key":"SMITH"},{"data":"Chill","floor":25.0,"key":"SMITH"},{"data":"Thunder Strike","floor":32.0,"key":"SMITH"},{"data":"Machine Learning","floor":40.0,"key":"SMITH"},{"data":"Apotheosis","floor":47,"key":"SMITH"},{"data":"Hello World","floor":49,"key":"SMITH"}],"neow_cost":"NONE","seed_source_timestamp":938323532197100,"circlet_count":0,"master_deck":["Strike_B","Strike_B","Defend_B","Defend_B","Defend_B","Defend_B","Zap","Dualcast","Loop+1","Electrodynamics+1","Aggregate","Go for the Eyes","Buffer+1","Gash","Aggregate","Leap","Self Repair","Machine Learning+1","Steam+1","Chill+1","Hologram+1","Glacier","Loop","Capacitor","Self Repair+1","FTL+1","Coolheaded","Conserve Battery+1","Chaos+1","Coolheaded","Thunder Strike+1","Stack","Hello World+1","Tempest","Redo+1","Compile Driver+1","Echo Form","Gash","Loop+1","Force Field","Barrage+1","Gash+1","Gash+1","Gash","Undo","Rainbow","Scrape","Stack+1","Apotheosis+1","Beam Cell","White Noise+1","Stack+1","Lockon+1"],"special_seed":0,"relics":["Cracked Core","Prayer Wheel","Dodecahedron","Bottled Flame","Runic Capacitor","Sozu","Pantograph","Shuriken","Gremlin Horn","Mango","Coffee Dripper","Dead Branch","The Courier","Toolbox","Nunchaku","Boot","Letter Opener","Ornamental Fan"],"potions_floor_usage":[],"damage_taken":[{"damage":2.0,"enemies":"Small Slimes","floor":1.0,"turns":3.0},{"damage":0.0,"enemies":"2 Louse","floor":3.0,"turns":2.0},{"damage":1.0,"enemies":"Jaw Worm","floor":4.0,"turns":3.0},{"damage":11.0,"enemies":"3 Louse","floor":5.0,"turns":3.0},{"damage":20.0,"enemies":"Gremlin Nob","floor":7.0,"turns":4.0},{"damage":2.0,"enemies":"Looter","floor":8.0,"turns":4.0},{"damage":13.0,"enemies":"3 Sentries","floor":11.0,"turns":4.0},{"damage":27.0,"enemies":"Hexaghost","floor":16.0,"turns":10.0},{"damage":22.0,"enemies":"3 Byrds","floor":18.0,"turns":4.0},{"damage":14.0,"enemies":"Shell Parasite","floor":19.0,"turns":8.0},{"damage":13.0,"enemies":"Snake Plant","floor":21.0,"turns":5.0},{"damage":1.0,"enemies":"Snecko","floor":22.0,"turns":9.0},{"damage":41.0,"enemies":"Book of Stabbing","floor":23.0,"turns":9.0},{"damage":2.0,"enemies":"Centurion and Healer","floor":24.0,"turns":8.0},{"damage":4.0,"enemies":"Sentry and Sphere","floor":27.0,"turns":10.0},{"damage":10.0,"enemies":"Snake Plant","floor":29.0,"turns":5.0},{"damage":14.0,"enemies":"Gremlin Leader","floor":30.0,"turns":6.0},{"damage":7.0,"enemies":"3 Cultists","floor":31.0,"turns":6.0},{"damage":0.0,"enemies":"Automaton","floor":33.0,"turns":8.0},{"damage":7.0,"enemies":"Orb Walker","floor":35.0,"turns":3.0},{"damage":0.0,"enemies":"3 Shapes","floor":36.0,"turns":4.0},{"damage":49.0,"enemies":"Spire Growth","floor":37.0,"turns":5.0},{"damage":0.0,"enemies":"3 Darklings","floor":41.0,"turns":5.0},{"damage":20.0,"enemies":"Giant Head","floor":42.0,"turns":10.0},{"damage":12.0,"enemies":"Transient","floor":44.0,"turns":5.0},{"damage":5,"enemies":"Nemesis","floor":46,"turns":5},{"damage":0,"enemies":"Maw","floor":48,"turns":5},{"damage":39,"enemies":"Time Eater","floor":50,"turns":11}],"seed_played":"6404449793873107200","potions_obtained":[{"floor":1.0,"key":"Weak Potion"},{"floor":11.0,"key":"SmokeBomb"}],"is_trial":false,"path_per_floor":["M","?","M","M","M","R","E","M","T","?","E","R","?","$","R","B",null,"M","M","?","M","M","E","M","R","T","M","?","M","E","M","R","B",null,"M","M","M","?","?","R","M","E","T","M","$","E","R","M","R","B",null],"character_chosen":"DEFECT","items_purchased":["Runic Capacitor","Self Repair","Apotheosis","Toolbox","Nunchaku","Boot","Letter Opener","Beam Cell"],"campfire_rested":1,"item_purchase_floors":[14,14,45,45,45,45,45,45],"current_hp_per_floor":[80,60,60,59,48,48,28,26,26,26,13,37,37,37,37,17,82,67,60,60,54,60,36,51,51,51,64,64,64,74,84,84,96,96,89,96,64,64,64,64,84,81,81,79,79,91,91,96,96,57],"gold":60,"neow_bonus":"TEN_PERCENT_HP_BONUS","is_prod":false,"is_daily":false,"chose_seed":false,"campfire_upgraded":7,"win_rate":0,"timestamp":1570641203,"path_taken":["M","?","M","M","M","R","E","M","T","?","E","R","?","?","R","BOSS","M","M","?","M","M","E","M","R","T","M","?","?","E","M","R","BOSS","M","M","M","?","?","R","M","E","T","M","$","E","R","M","R","BOSS"],"build_version":"2019-07-17","purchased_purges":1,"victory":true,"max_hp_per_floor":[82,82,82,82,82,82,82,82,82,82,82,82,82,82,82,82,82,82,82,82,82,82,82,82,82,82,82,82,82,96,96,96,96,96,96,96,96,96,96,96,96,96,96,96,96,96,96,96,96,96],"card_choices":[{"not_picked":["Darkness","Rebound"],"picked":"Loop","floor":1.0},{"not_picked":["Ball Lightning","Barrage"],"picked":"Electrodynamics","floor":3.0},{"not_picked":["Steam","Redo"],"picked":"Aggregate","floor":4.0},{"not_picked":["Rebound","Streamline"],"picked":"Go for the Eyes","floor":5.0},{"not_picked":["Stack","Redo"],"picked":"Buffer","floor":7.0},{"not_picked":["Sweeping Beam","Leap"],"picked":"Gash","floor":8.0},{"not_picked":["Barrage","Loop"],"picked":"Aggregate","floor":8.0},{"not_picked":["Beam Cell","Lockon"],"picked":"Leap","floor":11.0},{"not_picked":["Meteor Strike","Amplify"],"picked":"Machine Learning","floor":16.0},{"not_picked":["Hologram","Sweeping Beam+1"],"picked":"Steam+1","floor":18.0},{"not_picked":["Genetic Algorithm+1","Ball Lightning"],"picked":"Chill","floor":18.0},{"not_picked":["Leap","Doom and Gloom"],"picked":"Hologram+1","floor":19.0},{"not_picked":["Beam Cell","Barrage"],"picked":"Glacier","floor":19.0},{"not_picked":["Static Discharge","Hologram+1"],"picked":"Loop","floor":21.0},{"not_picked":["Lockon","Core Surge"],"picked":"Capacitor","floor":21.0},{"not_picked":["Coolheaded+1","Double Energy"],"picked":"Self Repair+1","floor":22.0},{"not_picked":["Redo","Turbo+1"],"picked":"FTL+1","floor":22.0},{"not_picked":["Sweeping Beam","Recycle+1"],"picked":"Coolheaded","floor":23.0},{"not_picked":["Scrape","Compile Driver+1"],"picked":"Conserve Battery+1","floor":24.0},{"not_picked":["Coolheaded+1","Rebound"],"picked":"Chaos+1","floor":24.0},{"not_picked":["Scrape","Conserve Battery"],"picked":"Coolheaded","floor":27.0},{"not_picked":["Heatsinks","Redo"],"picked":"Thunder Strike","floor":27.0},{"not_picked":["Recycle","Sweeping Beam"],"picked":"Stack","floor":29.0},{"not_picked":["Genetic Algorithm","Streamline"],"picked":"Hello World","floor":29.0},{"not_picked":["Electrodynamics","Glacier"],"picked":"Tempest","floor":30.0},{"not_picked":["Recycle","Conserve Battery"],"picked":"Redo+1","floor":31.0},{"not_picked":["Scrape","Redo"],"picked":"Compile Driver+1","floor":31.0},{"not_picked":["Meteor Strike","Fission"],"picked":"Echo Form","floor":33.0},{"not_picked":["Rip and Tear+1","Cold Snap"],"picked":"Gash","floor":35.0},{"not_picked":["Glacier","Steam+1"],"picked":"Loop+1","floor":35.0},{"not_picked":["Turbo","Sweeping Beam"],"picked":"Force Field","floor":36.0},{"not_picked":["Cold Snap+1","Compile Driver"],"picked":"Barrage+1","floor":36.0},{"not_picked":["Turbo","Biased Cognition"],"picked":"Gash+1","floor":37.0},{"not_picked":["Doom and Gloom+1","Coolheaded"],"picked":"Gash+1","floor":37.0},{"not_picked":["Steam Power","Cold Snap"],"picked":"Gash","floor":41.0},{"not_picked":["Scrape","Ball Lightning+1"],"picked":"Undo","floor":41.0},{"not_picked":["Leap+1","Ball Lightning+1"],"picked":"Rainbow","floor":42.0},{"not_picked":["Beam Cell+1","Darkness"],"picked":"Scrape","floor":44.0},{"not_picked":["Fusion","Go for the Eyes+1"],"picked":"Stack+1","floor":44.0},{"not_picked":["Ball Lightning","Reboot"],"picked":"White Noise+1","floor":46},{"not_picked":["Compile Driver+1","Heatsinks+1"],"picked":"Stack+1","floor":48},{"not_picked":["Beam Cell","Cold Snap+1"],"picked":"Lockon+1","floor":48}],"player_experience":448760,"relics_obtained":[{"floor":7.0,"key":"Prayer Wheel"},{"floor":9.0,"key":"Dodecahedron"},{"floor":11.0,"key":"Bottled Flame"},{"floor":23.0,"key":"Pantograph"},{"floor":26.0,"key":"Shuriken"},{"floor":30.0,"key":"Mango"},{"floor":42.0,"key":"Dead Branch"},{"floor":43.0,"key":"The Courier"},{"floor":46,"key":"Ornamental Fan"}],"event_choices":[{"damage_healed":0.0,"max_hp_gain":0.0,"max_hp_loss":0.0,"gold_gain":0.0,"event_name":"Golden Idol","player_choice":"Take Damage","floor":2.0,"gold_loss":0.0,"damage_taken":20.0,"relics_obtained":["Golden Idol"]},{"damage_healed":0.0,"max_hp_gain":0.0,"max_hp_loss":0.0,"gold_gain":0.0,"event_name":"Golden Wing","player_choice":"Ignored","floor":10.0,"gold_loss":0.0,"damage_taken":0.0},{"damage_healed":0.0,"max_hp_gain":0.0,"max_hp_loss":0.0,"gold_gain":0.0,"event_name":"Living Wall","player_choice":"Grow","floor":13.0,"gold_loss":0.0,"damage_taken":0.0,"cards_upgraded":["Buffer"]},{"damage_healed":0.0,"max_hp_gain":0.0,"max_hp_loss":0.0,"gold_gain":0.0,"event_name":"Ghosts","player_choice":"Ignored","floor":20.0,"gold_loss":0.0,"damage_taken":0.0},{"damage_healed":0.0,"max_hp_gain":0.0,"max_hp_loss":0.0,"gold_gain":0.0,"event_name":"WeMeetAgain","player_choice":"Gave Potion","floor":28.0,"gold_loss":0.0,"damage_taken":0.0,"relics_obtained":["Gremlin Horn"]},{"cards_removed":["Strike_B"],"damage_healed":0.0,"max_hp_gain":0.0,"max_hp_loss":0.0,"gold_gain":0.0,"event_name":"Falling","player_choice":"Removed Attack","floor":38.0,"gold_loss":0.0,"damage_taken":0.0},{"damage_healed":0.0,"max_hp_gain":0.0,"max_hp_loss":0.0,"gold_gain":333.0,"event_name":"The Moai Head","player_choice":"Gave Idol","floor":39.0,"relics_lost":["Golden Idol"],"gold_loss":0.0,"damage_taken":0.0}],"is_beta":false,"boss_relics":[{"not_picked":["Ectoplasm","Eternal Feather"],"picked":"Sozu"},{"not_picked":["Cursed Key","Busted Crown"],"picked":"Coffee Dripper"}],"items_purged_floors":[45],"is_endless":false,"potions_floor_spawned":[1,11,21,24,27,30,36,37,44,48],"ascension_level":0}