{"gold_per_floor":[363,363,377,394,414,414,448,448,497,527,61,16,191,225,225,324,324,324,324,324,26,26,26,26,26,26,26,26],"floor_reached":28,"playtime":1368,"items_purged":["Strike_R"],"score":329,"play_id":"a437b789-f0e0-4931-b2ec-1c4d5096e919","local_time":"20190910190135","is_ascension_mode":true,"campfire_choices":[{"data":"Armaments","floor":6,"key":"SMITH"},{"floor":8,"key":"REST"},{"floor":15,"key":"REST"},{"floor":23,"key":"REST"},{"floor":25,"key":"REST"}],"neow_cost":"PERCENT_DAMAGE","seed_source_timestamp":2505569703758100,"circlet_count":0,"master_deck":["Strike_R","Strike_R","Strike_R","Strike_R","Defend_R","Defend_R","Defend_R","Defend_R","Bash","Flex","Seeing Red","Fire Breathing","Armaments+1","Blood for Blood","Iron Wave","Transmutation","Feed","Intimidate+1","RitualDagger","Jack Of All Trades","Clash+1","Infernal Blade","Rampage"],"relics":["Burning Blood","Pantograph","Orichalcum","Omamori","Vajra","Kunai","Ectoplasm","Sling","Bronze Scales"],"potions_floor_usage":[7,14,14,16,22],"damage_taken":[{"damage":2,"enemies":"Jaw Worm","floor":1,"turns":3},{"damage":0,"enemies":"Small Slimes","floor":3,"turns":2},{"damage":0,"enemies":"2 Louse","floor":4,"turns":2},{"damage":7,"enemies":"Looter","floor":5,"turns":4},{"damage":39,"enemies":"Lagavulin","floor":7,"turns":6},{"damage":45,"enemies":"3 Sentries","floor":10,"turns":8},{"damage":0,"enemies":"Lagavulin","floor":14,"turns":4},{"damage":74,"enemies":"Hexaghost","floor":16,"turns":11},{"damage":15,"enemies":"Shell Parasite","floor":18,"turns":4},{"damage":7,"enemies":"3 Byrds","floor":19,"turns":5},{"damage":24,"enemies":"Centurion and Healer","floor":22,"turns":6},{"damage":34,"enemies":"Snake Plant","floor":24,"turns":4},{"damage":38,"enemies":"Sentry and Sphere","floor":27,"turns":6},{"damage":29,"enemies":"Gremlin Leader","floor":28,"turns":5}],"seed_played":"-6796816991282781273","potions_obtained":[{"floor":3,"key":"SteroidPotion"},{"floor":7,"key":"Ancient Potion"},{"floor":10,"key":"Dexterity Potion"},{"floor":14,"key":"Energy Potion"},{"floor":18,"key":"Weak Potion"},{"floor":27,"key":"Weak Potion"}],"is_trial":false,"path_per_floor":["M","?","M","M","M","R","E","R","T","E","$","?","?","E","R","B",null,"M","M","?","$","M","R","M","R","T","M","E"],"character_chosen":"IRONCLAD","items_purchased":["Transmutation","Vajra","PowerPotion","Sling","Jack Of All Trades"],"campfire_rested":4,"item_purchase_floors":[11,11,11,21,21],"current_hp_per_floor":[60,65,71,77,76,76,43,68,68,29,29,29,29,35,60,17,68,59,58,52,52,37,63,35,61,61,29,0],"gold":26,"neow_bonus":"TWO_FIFTY_GOLD","is_prod":false,"is_daily":false,"chose_seed":false,"campfire_upgraded":1,"win_rate":0,"timestamp":1568134895,"path_taken":["M","?","M","M","M","R","E","R","T","E","$","?","?","E","R","BOSS","M","M","?","$","M","R","M","R","T","M","E"],"build_version":"2019-07-17","purchased_purges":1,"victory":false,"max_hp_per_floor":[80,85,85,85,85,85,85,85,85,85,85,85,85,85,85,85,85,85,85,85,85,88,88,88,88,88,88,88],"card_choices":[{"not_picked":["Havoc","Clothesline"],"picked":"Flex","floor":1},{"not_picked":["Evolve","Anger"],"picked":"Seeing Red","floor":3},{"not_picked":["Wild Strike","Combust"],"picked":"Fire Breathing","floor":4},{"not_picked":["Warcry","Rage"],"picked":"Armaments","floor":5},{"not_picked":["Second Wind","Body Slam"],"picked":"Blood for Blood","floor":7},{"not_picked":["Clash","Intimidate"],"picked":"Iron Wave","floor":10},{"not_picked":["Corruption","Clothesline","Power Through"],"picked":"SKIP","floor":14},{"not_picked":["Offering","Limit Break"],"picked":"Feed","floor":16},{"not_picked":["Burning Pact","Perfected Strike"],"picked":"Intimidate+1","floor":18},{"not_picked":["True Grit+1","Evolve","Heavy Blade"],"picked":"SKIP","floor":19},{"not_picked":["Thunderclap","Sword Boomerang"],"picked":"Clash+1","floor":22},{"not_picked":["Perfected Strike","Uppercut"],"picked":"Infernal Blade","floor":24},{"not_picked":["Wild Strike","Flex"],"picked":"Rampage","floor":27}],"player_experience":122521,"relics_obtained":[{"floor":7,"key":"Pantograph"},{"floor":9,"key":"Orichalcum"},{"floor":10,"key":"Omamori"},{"floor":14,"key":"Kunai"},{"floor":26,"key":"Bronze Scales"}],"event_choices":[{"damage_healed":0,"gold_gain":0,"player_choice":"Donut","damage_taken":0,"max_hp_gain":5,"max_hp_loss":0,"event_name":"Big Fish","floor":2,"gold_loss":0},{"damage_healed":0,"gold_gain":0,"player_choice":"Left Gold","damage_taken":0,"max_hp_gain":0,"max_hp_loss":0,"event_name":"World of Goop","floor":12,"gold_loss":45},{"damage_healed":0,"gold_gain":175,"player_choice":"AGREE","damage_taken":0,"max_hp_gain":0,"max_hp_loss":0,"event_name":"Liars Game","floor":13,"gold_loss":0,"cards_obtained":["Doubt"]},{"damage_healed":0,"gold_gain":0,"player_choice":"Joined the Cult","damage_taken":6,"max_hp_gain":0,"max_hp_loss":0,"event_name":"Nest","floor":20,"gold_loss":0,"cards_obtained":["RitualDagger"]}],"is_beta":false,"boss_relics":[{"not_picked":["Runic Cube","Snecko Eye"],"picked":"Ectoplasm"}],"items_purged_floors":[11],"is_endless":false,"potions_floor_spawned":[3,7,10,14,18,27],"killed_by":"Gremlin Leader","ascension_level":5}