{"gold_per_floor":[110,110,126,143,71,71,105,105,405,423,453,479,494,506,506,603,603,603,702,715,715,336,336,336,370,396,413,413,440,440,459,459,563,563,579,376,476,493,510,510,510,544,569,603,613,613,641,641,641,641],"floor_reached":51,"playtime":7929,"items_purged":["Strike_B","Zap+1"],"score":886,"play_id":"a218574c-b9b6-47ec-a65d-a2fd89320be6","local_time":"20191004132148","is_ascension_mode":true,"campfire_choices":[{"data":"Sweeping Beam","floor":6,"key":"SMITH"},{"data":"Glacier","floor":8,"key":"SMITH"},{"floor":15,"key":"REST"},{"data":"Defragment","floor":23,"key":"SMITH"},{"data":"Biased Cognition","floor":28,"key":"SMITH"},{"data":"Darkness","floor":30,"key":"SMITH"},{"floor":32,"key":"REST"},{"floor":40,"key":"DIG"},{"floor":46,"key":"REST"},{"floor":49,"key":"REST"}],"neow_cost":"NONE","seed_source_timestamp":27893323506900,"circlet_count":0,"master_deck":["Strike_B+1","Strike_B+1","Strike_B+1","Defend_B+1","Defend_B+1","Defend_B+1","Defend_B+1","Dualcast+1","Sweeping Beam+1","Ball Lightning","Ball Lightning","Glacier+1","Biased Cognition+1","Darkness+1","Leap","Core Surge","Coolheaded+1","Defragment+1","Echo Form"],"relics":["Cracked Core","Darkstone Periapt","Old Coin","Dream Catcher","Velvet Choker","Happy Flower","Anchor","Centennial Puzzle","Smiling Mask","Bronze Scales","Snecko Eye","PreservedInsect","Shovel","Nunchaku","Vajra","Juzu Bracelet","Gremlin Horn","Boot"],"potions_floor_usage":[18,25,29,29,44,47,47,47,50],"damage_taken":[{"damage":0,"enemies":"Small Slimes","floor":1,"turns":2},{"damage":0,"enemies":"Cultist","floor":3,"turns":3},{"damage":7,"enemies":"Jaw Worm","floor":4,"turns":2},{"damage":11,"enemies":"3 Sentries","floor":7,"turns":4},{"damage":0,"enemies":"Looter","floor":10,"turns":3},{"damage":0,"enemies":"Gremlin Nob","floor":12,"turns":3},{"damage":6,"enemies":"2 Fungi Beasts","floor":13,"turns":2},{"damage":12,"enemies":"Exordium Wildlife","floor":14,"turns":3},{"damage":1,"enemies":"Slime Boss","floor":16,"turns":8},{"damage":0,"enemies":"3 Byrds","floor":18,"turns":1},{"damage":3,"enemies":"Chosen","floor":20,"turns":3},{"damage":2,"enemies":"Slavers","floor":25,"turns":6},{"damage":0,"enemies":"3 Cultists","floor":27,"turns":4},{"damage":0,"enemies":"Gremlin Leader","floor":29,"turns":5},{"damage":12,"enemies":"Snake Plant","floor":31,"turns":3},{"damage":7,"enemies":"Champ","floor":33,"turns":11},{"damage":14,"enemies":"Orb Walker","floor":35,"turns":3},{"damage":0,"enemies":"Mind Bloom Boss Battle","floor":37,"turns":7},{"damage":0,"enemies":"3 Darklings","floor":38,"turns":6},{"damage":19,"enemies":"Jaw Worm Horde","floor":39,"turns":4},{"damage":9,"enemies":"Reptomancer","floor":42,"turns":5},{"damage":23,"enemies":"Nemesis","floor":44,"turns":5},{"damage":0,"enemies":"Maw","floor":45,"turns":7},{"damage":18,"enemies":"Reptomancer","floor":47,"turns":4},{"damage":16,"enemies":"Time Eater","floor":50,"turns":9}],"seed_played":"-7764071880114462257","potions_obtained":[{"floor":1,"key":"Weak Potion"},{"floor":10,"key":"Ancient Potion"},{"floor":12,"key":"Fire Potion"},{"floor":13,"key":"SmokeBomb"},{"floor":27,"key":"Block Potion"},{"floor":31,"key":"Swift Potion"},{"floor":33,"key":"EssenceOfSteel"},{"floor":35,"key":"EntropicBrew"},{"floor":38,"key":"Fire Potion"}],"is_trial":false,"path_per_floor":["M","?","M","M","$","R","E","R","T","M","?","E","M","M","R","B",null,"M","?","M","?","$","R","?","E","T","M","R","E","R","M","R","B",null,"M","$","?","M","M","R","?","E","T","E","M","R","E","?","R","B",null],"character_chosen":"DEFECT","items_purchased":["Glacier","Happy Flower","Anchor","PreservedInsect"],"campfire_rested":4,"item_purchase_floors":[5,22,22,36],"current_hp_per_floor":[75,75,75,68,68,68,57,57,57,57,57,57,51,39,61,60,75,75,75,72,72,72,72,72,70,70,70,70,70,70,58,75,68,75,61,61,61,61,42,42,47,38,38,15,15,37,19,19,41,25],"gold":641,"neow_bonus":"UPGRADE_CARD","is_prod":false,"is_daily":false,"chose_seed":false,"campfire_upgraded":5,"win_rate":0,"timestamp":1570213308,"path_taken":["M","?","M","?","$","R","E","R","T","M","?","E","M","M","R","BOSS","M","?","M","?","$","R","?","E","T","M","R","E","R","M","R","BOSS","M","$","?","M","M","R","?","E","T","E","M","R","E","?","R","BOSS"],"build_version":"2019-07-17","purchased_purges":2,"victory":true,"max_hp_per_floor":[75,75,75,75,75,75,75,75,75,75,75,75,75,75,75,75,75,75,75,75,75,75,75,75,75,75,75,75,75,75,75,75,75,75,75,75,75,75,75,75,75,75,75,75,75,75,75,75,75,75],"card_choices":[{"not_picked":["Rebound","Beam Cell"],"picked":"Sweeping Beam","floor":1},{"not_picked":["Cold Snap","Redo"],"picked":"Ball Lightning","floor":3},{"not_picked":["BootSequence","Compile Driver"],"picked":"Ball Lightning","floor":4},{"not_picked":["Recycle","Conserve Battery","Storm"],"picked":"SKIP","floor":7},{"not_picked":["Meteor Strike","Cold Snap","Streamline"],"picked":"SKIP","floor":10},{"not_picked":["Redo","Storm"],"picked":"Biased Cognition","floor":12},{"not_picked":["Barrage","Sweeping Beam"],"picked":"Darkness","floor":13},{"not_picked":["Redo","Scrape"],"picked":"Steam","floor":14},{"not_picked":["Gash","Turbo"],"picked":"Leap","floor":15},{"not_picked":["Creative AI","Amplify"],"picked":"Core Surge","floor":16},{"not_picked":["Steam","Rebound"],"picked":"Coolheaded+1","floor":20},{"not_picked":["Scrape","Rip and Tear","Turbo"],"picked":"SKIP","floor":25},{"not_picked":["Melter","Turbo","Double Energy"],"picked":"SKIP","floor":27},{"not_picked":["Hologram","Beam Cell","Stack"],"picked":"SKIP","floor":29},{"not_picked":["Genetic Algorithm","Stack","Melter"],"picked":"SKIP","floor":31},{"not_picked":["Genetic Algorithm","Ball Lightning+1","Cold Snap+1"],"picked":"SKIP","floor":35},{"not_picked":["Hologram+1","Melter","Go for the Eyes"],"picked":"SKIP","floor":38},{"not_picked":["Force Field+1","Reprogram+1","Stack"],"picked":"SKIP","floor":39},{"not_picked":["Go for the Eyes+1","Compile Driver+1","Conserve Battery"],"picked":"SKIP","floor":42},{"not_picked":["Genetic Algorithm","Stack+1","Fusion+1"],"picked":"SKIP","floor":44},{"not_picked":["Steam","Stack+1"],"picked":"Echo Form","floor":45},{"not_picked":["Self Repair+1","Coolheaded+1","Storm"],"picked":"SKIP","floor":47}],"player_experience":172458,"relics_obtained":[{"floor":7,"key":"Darkstone Periapt"},{"floor":9,"key":"Old Coin"},{"floor":12,"key":"Dream Catcher"},{"floor":25,"key":"Centennial Puzzle"},{"floor":26,"key":"Smiling Mask"},{"floor":29,"key":"Bronze Scales"},{"floor":37,"key":"Shovel"},{"floor":40,"key":"Nunchaku"},{"floor":42,"key":"Vajra"},{"floor":43,"key":"Juzu Bracelet"},{"floor":44,"key":"Gremlin Horn"},{"floor":47,"key":"Boot"}],"event_choices":[{"damage_healed":0,"gold_gain":0,"player_choice":"Forge","damage_taken":0,"max_hp_gain":0,"max_hp_loss":0,"event_name":"Accursed Blacksmith","floor":2,"gold_loss":0,"cards_upgraded":["Dualcast"]},{"damage_healed":0,"gold_gain":30,"player_choice":"Searched \u00272\u0027 times","damage_taken":0,"max_hp_gain":0,"max_hp_loss":0,"event_name":"Dead Adventurer","floor":11,"gold_loss":0},{"damage_healed":0,"gold_gain":99,"player_choice":"Stole From Cult","damage_taken":0,"max_hp_gain":0,"max_hp_loss":0,"event_name":"Nest","floor":19,"gold_loss":0},{"damage_healed":0,"gold_gain":0,"player_choice":"Read","damage_taken":0,"max_hp_gain":0,"max_hp_loss":0,"event_name":"The Library","floor":21,"gold_loss":0,"cards_obtained":["Defragment"]},{"damage_healed":0,"gold_gain":0,"player_choice":"Simplicity","damage_taken":0,"max_hp_gain":0,"max_hp_loss":0,"event_name":"Back to Basics","floor":24,"gold_loss":0,"cards_upgraded":["Strike_B","Strike_B","Strike_B","Defend_B","Defend_B","Defend_B","Defend_B"]},{"damage_healed":0,"gold_gain":0,"player_choice":"Fight","damage_taken":0,"max_hp_gain":0,"max_hp_loss":0,"event_name":"MindBloom","floor":37,"gold_loss":0},{"cards_removed":["Steam"],"damage_healed":5,"gold_gain":0,"player_choice":"Offered Common","damage_taken":0,"max_hp_gain":0,"max_hp_loss":0,"event_name":"Bonfire Elementals","floor":41,"gold_loss":0},{"cards_removed":["Steam"],"damage_healed":5,"gold_gain":0,"player_choice":"Offered Special","damage_taken":0,"max_hp_gain":0,"max_hp_loss":0,"event_name":"Bonfire Elementals","floor":41,"gold_loss":0},{"damage_healed":0,"gold_gain":0,"player_choice":"Ignored","damage_taken":0,"max_hp_gain":0,"max_hp_loss":0,"event_name":"Tomb of Lord Red Mask","floor":48,"gold_loss":0}],"is_beta":false,"boss_relics":[{"not_picked":["FrozenCore","Tiny House"],"picked":"Velvet Choker"},{"not_picked":["Coffee Dripper","Empty Cage"],"picked":"Snecko Eye"}],"items_purged_floors":[22,36],"is_endless":false,"potions_floor_spawned":[1,10,12,13,16,27,31,33,35,38,42],"ascension_level":2}