{"gold_per_floor":[16,16,16,16,26,55,55,81,81,92,92,92,102,121,121,216,216,232,232,232,244,343,375,375,404,478,478,478,506,516,516,516,617,617,633,633,298,318,330,358,358,358,384,397,408,408,80,108,108,108],"floor_reached":51,"playtime":4106,"items_purged":[],"score":771,"play_id":"bf051316-7e52-422c-ad31-ba2e70114b76","local_time":"20190903195652","is_ascension_mode":false,"campfire_choices":[{"data":"Hello World","floor":7,"key":"SMITH"},{"data":"Defragment","floor":15,"key":"SMITH"},{"floor":24,"key":"REST"},{"floor":28,"key":"REST"},{"floor":32,"key":"REST"},{"floor":41,"key":"REST"},{"floor":46,"key":"REST"},{"floor":49,"key":"REST"}],"neow_cost":"NO_GOLD","seed_source_timestamp":1901310275800500,"circlet_count":0,"master_deck":["Defend_B+1","Defend_B+1","Defend_B+1","Defend_B+1","Zap","Dualcast","Electrodynamics+1","Lockon","Glacier","Hello World+1","Blizzard","Seek","Chill","Defragment+1","Electrodynamics","Thunder Strike","FTL","Static Discharge","Aggregate","Compile Driver","Aggregate","Bite","Bite","Bite","Bite","Force Field","Redo+1","Static Discharge+1","Glacier+1","Creative AI","Gash","Gash","FTL","Flash of Steel","Conserve Battery","Lockon","Self Repair","Storm+1","Chaos+1","Storm+1","White Noise+1","Magnetism","Machine Learning","All For One","Beam Cell+1"],"relics":["Cracked Core","Juzu Bracelet","Matryoshka","Lantern","Dream Catcher","White Beast Statue","Shuriken","Anchor","Thread and Needle","Sundial","Bottled Tornado","Boot","Gremlin Horn","Inserter","Omamori","Mummified Hand","Oddly Smooth Stone","Ornamental Fan"],"potions_floor_usage":[16,25,25,33,33,33,39,40,44,44,50,50],"damage_taken":[{"damage":0,"enemies":"2 Louse","floor":1,"turns":1},{"damage":0,"enemies":"Cultist","floor":5,"turns":3},{"damage":7,"enemies":"3 Sentries","floor":6,"turns":4},{"damage":7,"enemies":"Lagavulin","floor":8,"turns":6},{"damage":0,"enemies":"Small Slimes","floor":10,"turns":3},{"damage":0,"enemies":"Looter","floor":13,"turns":3},{"damage":0,"enemies":"Lots of Slimes","floor":14,"turns":1},{"damage":28,"enemies":"Hexaghost","floor":16,"turns":8},{"damage":12,"enemies":"Shell Parasite","floor":18,"turns":4},{"damage":22,"enemies":"2 Thieves","floor":21,"turns":3},{"damage":15,"enemies":"Slavers","floor":23,"turns":3},{"damage":3,"enemies":"Gremlin Leader","floor":25,"turns":6},{"damage":23,"enemies":"Slavers","floor":29,"turns":3},{"damage":8,"enemies":"3 Cultists","floor":30,"turns":3},{"damage":31,"enemies":"Automaton","floor":33,"turns":9},{"damage":0,"enemies":"Orb Walker","floor":35,"turns":3},{"damage":15,"enemies":"3 Darklings","floor":38,"turns":2},{"damage":3,"enemies":"Transient","floor":39,"turns":5},{"damage":53,"enemies":"Giant Head","floor":40,"turns":7},{"damage":0,"enemies":"Jaw Worm Horde","floor":44,"turns":1},{"damage":0,"enemies":"Maw","floor":45,"turns":5},{"damage":16,"enemies":"Nemesis","floor":48,"turns":5},{"damage":39,"enemies":"Time Eater","floor":50,"turns":7}],"seed_played":"-7595679716602694755","potions_obtained":[{"floor":1,"key":"GamblersBrew"},{"floor":6,"key":"Explosive Potion"},{"floor":13,"key":"PowerPotion"},{"floor":18,"key":"Dexterity Potion"},{"floor":23,"key":"EssenceOfSteel"},{"floor":25,"key":"Regen Potion"},{"floor":29,"key":"FearPotion"},{"floor":33,"key":"AttackPotion"},{"floor":35,"key":"SkillPotion"},{"floor":38,"key":"Fruit Juice"},{"floor":39,"key":"Fire Potion"},{"floor":40,"key":"Fire Potion"},{"floor":44,"key":"SpeedPotion"},{"floor":45,"key":"FocusPotion"}],"is_trial":false,"path_per_floor":["M","?","$","?","M","E","R","E","T","M","?","T","M","M","R","B",null,"M","?","?","M","?","E","R","E","T","?","R","E","M","T","R","B",null,"M","?","$","M","M","E","R","?","T","M","M","R","$","E","R","B",null],"character_chosen":"DEFECT","items_purchased":["Gash","FTL","Flash of Steel","Omamori","Magnetism","Machine Learning"],"campfire_rested":6,"item_purchase_floors":[37,37,37,37,47,47],"current_hp_per_floor":[75,75,75,75,75,68,68,63,63,65,70,70,72,74,74,48,80,68,68,68,48,48,35,59,58,58,58,80,57,51,51,75,51,80,80,80,80,65,73,24,49,49,49,49,58,83,83,69,85,46],"gold":108,"neow_bonus":"TRANSFORM_TWO_CARDS","is_prod":false,"is_daily":false,"chose_seed":false,"campfire_upgraded":2,"win_rate":0.0,"timestamp":1567533412,"path_taken":["M","?","?","?","M","E","R","E","T","M","?","?","M","M","R","BOSS","M","?","?","M","?","E","R","E","T","?","R","E","M","?","R","BOSS","M","?","$","M","M","E","R","?","T","M","M","R","$","E","R","BOSS"],"build_version":"2019-07-17","purchased_purges":0,"victory":true,"max_hp_per_floor":[75,75,75,75,75,75,75,75,75,75,80,80,80,80,80,80,80,80,80,80,80,80,80,80,80,80,80,80,80,80,80,80,80,80,80,80,80,80,85,85,85,85,85,85,85,85,85,85,85,85],"card_choices":[{"not_picked":["Compile Driver","Redo"],"picked":"Glacier","floor":1},{"not_picked":["Stack","Reinforced Body"],"picked":"Hello World","floor":5},{"not_picked":["Double Energy","Compile Driver"],"picked":"Blizzard","floor":6},{"not_picked":["Blizzard","Redo"],"picked":"Seek","floor":8},{"not_picked":["Hologram","Go for the Eyes"],"picked":"Chill","floor":10},{"not_picked":["Beam Cell","Barrage"],"picked":"Defragment","floor":13},{"not_picked":["Hologram","Cold Snap"],"picked":"Electrodynamics","floor":14},{"not_picked":["Seek","Biased Cognition"],"picked":"Thunder Strike","floor":16},{"not_picked":["Beam Cell","Reinforced Body+1"],"picked":"FTL","floor":18},{"not_picked":["Glacier","Undo"],"picked":"Static Discharge","floor":21},{"not_picked":["Beam Cell","Consume+1"],"picked":"Aggregate","floor":23},{"not_picked":["Hologram","Barrage"],"picked":"Compile Driver","floor":24},{"not_picked":["Leap","Conserve Battery"],"picked":"Aggregate","floor":25},{"not_picked":["Cold Snap","Biased Cognition"],"picked":"Force Field","floor":28},{"not_picked":["Blizzard","Cold Snap+1"],"picked":"Redo+1","floor":29},{"not_picked":["Sweeping Beam","Conserve Battery+1"],"picked":"Static Discharge+1","floor":30},{"not_picked":["Beam Cell","Leap"],"picked":"Glacier+1","floor":32},{"not_picked":["Multi-Cast","Machine Learning"],"picked":"Creative AI","floor":33},{"not_picked":["Steam+1","Leap"],"picked":"Gash","floor":35},{"not_picked":["Chill","Barrage"],"picked":"Conserve Battery","floor":38},{"not_picked":["Self Repair","Blizzard"],"picked":"Lockon","floor":39},{"not_picked":["Double Energy","Compile Driver+1"],"picked":"Self Repair","floor":40},{"not_picked":["Conserve Battery+1","Aggregate"],"picked":"Storm+1","floor":41},{"not_picked":["Rebound","Chill"],"picked":"Chaos+1","floor":44},{"not_picked":["White Noise","Redo+1"],"picked":"Storm+1","floor":45},{"not_picked":["Blizzard","Conserve Battery+1"],"picked":"White Noise+1","floor":46},{"not_picked":["Streamline+1","Coolheaded+1"],"picked":"All For One","floor":48},{"not_picked":["Redo","Sweeping Beam+1"],"picked":"Beam Cell+1","floor":49}],"player_experience":59042,"relics_obtained":[{"floor":6,"key":"Blood Vial"},{"floor":8,"key":"Juzu Bracelet"},{"floor":9,"key":"Matryoshka"},{"floor":12,"key":"Lantern"},{"floor":12,"key":"Dream Catcher"},{"floor":23,"key":"Anchor"},{"floor":25,"key":"Thread and Needle"},{"floor":26,"key":"Sundial"},{"floor":26,"key":"Bottled Tornado"},{"floor":29,"key":"Boot"},{"floor":31,"key":"Gremlin Horn"},{"floor":40,"key":"Mummified Hand"},{"floor":43,"key":"Oddly Smooth Stone"},{"floor":48,"key":"Ornamental Fan"}],"event_choices":[{"cards_removed":["Strike_B"],"damage_healed":0,"gold_gain":0,"player_choice":"Card Removal","damage_taken":0,"max_hp_gain":0,"max_hp_loss":0,"event_name":"Wheel of Change","floor":2,"gold_loss":0},{"damage_healed":0,"gold_gain":0,"player_choice":"Grow","damage_taken":0,"max_hp_gain":0,"max_hp_loss":0,"event_name":"Living Wall","floor":4,"gold_loss":0,"cards_upgraded":["Electrodynamics"]},{"damage_healed":0,"gold_gain":0,"player_choice":"Donut","damage_taken":0,"max_hp_gain":5,"max_hp_loss":0,"event_name":"Big Fish","floor":11,"gold_loss":0},{"damage_healed":0,"gold_gain":0,"player_choice":"Opened","damage_taken":0,"relics_obtained":["Shuriken"],"max_hp_gain":0,"max_hp_loss":0,"event_name":"The Mausoleum","floor":19,"gold_loss":0},{"damage_healed":0,"gold_gain":0,"player_choice":"Simplicity","damage_taken":0,"max_hp_gain":0,"max_hp_loss":0,"event_name":"Back to Basics","floor":20,"gold_loss":0,"cards_upgraded":["Strike_B","Defend_B","Defend_B","Defend_B","Defend_B"]},{"damage_healed":0,"gold_gain":99,"player_choice":"Stole From Cult","damage_taken":0,"max_hp_gain":0,"max_hp_loss":0,"event_name":"Nest","floor":22,"gold_loss":0},{"damage_healed":0,"gold_gain":0,"player_choice":"Became a vampire (Vial)","damage_taken":0,"max_hp_gain":0,"max_hp_loss":0,"event_name":"Vampires","floor":27,"relics_lost":["Blood Vial"],"gold_loss":0,"cards_obtained":["Bite","Bite","Bite","Bite","Bite"]},{"damage_healed":0,"gold_gain":0,"player_choice":"Ignored","damage_taken":0,"max_hp_gain":0,"max_hp_loss":0,"event_name":"Tomb of Lord Red Mask","floor":36,"gold_loss":0},{"cards_removed":["Bite"],"damage_healed":0,"gold_gain":0,"player_choice":"Removed Attack","damage_taken":0,"max_hp_gain":0,"max_hp_loss":0,"event_name":"Falling","floor":42,"gold_loss":0}],"is_beta":false,"boss_relics":[{"not_picked":["Velvet Choker","Ectoplasm"],"picked":"White Beast Statue"},{"not_picked":["Coffee Dripper","Busted Crown"],"picked":"Inserter"}],"items_purged_floors":[],"is_endless":false,"potions_floor_spawned":[1,6,13,18,21,23,25,29,30,33,35,38,39,40,44,45,48],"ascension_level":0}