{"gold_per_floor":[114,114,114,114,77,108,283,300,324,336,360,372,404,435,447,534,546,571,508,520,549,12,12,28,63,142,152,152,152,152,183,183,260,260,279,298,298,298,308,333,346,399,399,399,30,59,59,72,72,72],"floor_reached":51,"playtime":2374,"items_purged":["Doubt"],"score":1378,"play_id":"73daf154-58ae-4bad-a9c1-5ba9bd63061e","local_time":"20190929150623","is_ascension_mode":true,"campfire_choices":[{"floor":10.0,"key":"REST"},{"data":"Crippling Poison","floor":12.0,"key":"SMITH"},{"floor":15.0,"key":"REST"},{"floor":23.0,"key":"REST"},{"data":"Catalyst","floor":30.0,"key":"SMITH"},{"data":"Adrenaline","floor":32.0,"key":"SMITH"},{"floor":49.0,"key":"REST"}],"neow_cost":"NONE","seed_source_timestamp":59823749667000,"circlet_count":0,"master_deck":["AscendersBane","Defend_G","Defend_G","Defend_G","Defend_G","Defend_G","Survivor+1","Neutralize+1","Cloak And Dagger","Crippling Poison+1","Escape Plan","Blur","Slice","Catalyst+1","Deadly Poison","Poisoned Stab","Backflip","Terror","Poisoned Stab+1","Bite+1","Bite+1","Bite+1","Bite+1","Bite+1","Deadly Poison+1","Parasite","Caltrops+1","Footwork+1","Deadly Poison","Dramatic Entrance+1","Deadly Poison"],"special_seed":0,"relics":["Ring of the Snake","Bronze Scales","Singing Bowl","Pen Nib","MawBank","Busted Crown","Question Card","Frozen Egg 2","Molten Egg 2","Meat on the Bone","MutagenicStrength","The Courier","Fusion Hammer","Strawberry","Shovel","Art of War","Oddly Smooth Stone","Boot","Sundial"],"potions_floor_usage":[50],"damage_taken":[{"damage":0.0,"enemies":"2 Louse","floor":1.0,"turns":3.0},{"damage":17.0,"enemies":"Lagavulin","floor":6.0,"turns":11.0},{"damage":4.0,"enemies":"Jaw Worm","floor":8.0,"turns":4.0},{"damage":2.0,"enemies":"Small Slimes","floor":11.0,"turns":3.0},{"damage":8.0,"enemies":"Exordium Thugs","floor":13.0,"turns":4.0},{"damage":0.0,"enemies":"Blue Slaver","floor":14.0,"turns":4.0},{"damage":14.0,"enemies":"The Guardian","floor":16.0,"turns":10.0},{"damage":26.0,"enemies":"Spheric Guardian","floor":18.0,"turns":6.0},{"damage":0.0,"enemies":"2 Thieves","floor":21.0,"turns":3.0},{"damage":0.0,"enemies":"Snake Plant","floor":24.0,"turns":3.0},{"damage":25.0,"enemies":"Book of Stabbing","floor":25.0,"turns":6.0},{"damage":7.0,"enemies":"Chosen and Byrds","floor":27.0,"turns":6.0},{"damage":16.0,"enemies":"Slavers","floor":31.0,"turns":5.0},{"damage":41.0,"enemies":"Collector","floor":33.0,"turns":7.0},{"damage":2.0,"enemies":"3 Shapes","floor":35.0,"turns":7.0},{"damage":0.0,"enemies":"Orb Walker","floor":36.0,"turns":3.0},{"damage":15.0,"enemies":"Writhing Mass","floor":39.0,"turns":4.0},{"damage":70.0,"enemies":"Reptomancer","floor":40.0,"turns":5.0},{"damage":15.0,"enemies":"4 Shapes","floor":41.0,"turns":3.0},{"damage":43.0,"enemies":"2 Orb Walkers","floor":42.0,"turns":4.0},{"damage":58.0,"enemies":"Giant Head","floor":46.0,"turns":9.0},{"damage":9.0,"enemies":"3 Darklings","floor":48.0,"turns":4.0},{"damage":103,"enemies":"Awakened One","floor":50,"turns":15}],"seed_played":"1336993185222753665","potions_obtained":[{"floor":11.0,"key":"Explosive Potion"},{"floor":14.0,"key":"Energy Potion"},{"floor":16.0,"key":"PowerPotion"},{"floor":27.0,"key":"SpeedPotion"},{"floor":33.0,"key":"Energy Potion"},{"floor":36.0,"key":"EssenceOfSteel"},{"floor":40.0,"key":"Strength Potion"},{"floor":41.0,"key":"SpeedPotion"},{"floor":48.0,"key":"GhostInAJar"}],"is_trial":false,"path_per_floor":["M","?","?","?","$","E","?","M","T","R","M","R","M","M","R","B",null,"M","?","?","M","$","R","M","E","T","M","?","?","R","E","R","B",null,"M","M","?","?","M","E","M","?","T","?","$","E","?","M","R","B",null],"character_chosen":"THE_SILENT","items_purchased":["Crippling Poison","Question Card","Frozen Egg 2","Backflip","Oddly Smooth Stone","Footwork+1","Boot"],"campfire_rested":4,"item_purchase_floors":[5,22,22,22,45,45,45],"current_hp_per_floor":[59,46,39,39,39,22,22,18,18,37,35,35,27,27,46,32,58,32,32,32,34,34,54,56,31,31,36,36,36,36,40,40,37,49,53,55,55,65,64,24,36,22,22,78,78,41,41,44,67,24],"gold":72,"neow_bonus":"RANDOM_COMMON_RELIC","is_prod":false,"is_daily":false,"chose_seed":false,"campfire_upgraded":3,"win_rate":0,"timestamp":1569762383,"path_taken":["M","?","?","?","?","E","?","M","T","R","M","R","M","?","R","BOSS","M","?","?","?","$","R","M","E","T","M","?","?","R","E","R","BOSS","M","M","?","?","?","E","M","?","T","?","$","E","?","M","R","BOSS"],"build_version":"2019-07-17","purchased_purges":1,"victory":true,"max_hp_per_floor":[66,66,66,66,66,66,66,66,66,66,66,66,66,66,66,66,66,66,66,66,68,68,68,70,70,70,70,70,49,49,51,51,53,53,53,55,55,65,67,76,76,78,78,78,78,78,78,78,78,78],"card_choices":[{"not_picked":["Dagger Spray","Deadly Poison"],"picked":"Cloak And Dagger","floor":1.0},{"not_picked":["Quick Slash","Concentrate"],"picked":"Escape Plan","floor":6.0},{"not_picked":["Flechettes","Escape Plan"],"picked":"Blur","floor":8.0},{"not_picked":["Dodge and Roll","Flying Knee"],"picked":"Slice","floor":11.0},{"not_picked":["Expertise","Flechettes"],"picked":"Catalyst","floor":13.0},{"not_picked":["Endless Agony","Terror"],"picked":"Deadly Poison","floor":14.0},{"not_picked":["A Thousand Cuts","Unload"],"picked":"Adrenaline","floor":16.0},{"not_picked":[],"picked":"Poisoned Stab","floor":18.0},{"not_picked":["Flying Knee"],"picked":"Singing Bowl","floor":21.0},{"not_picked":["Choke","Dodge and Roll"],"picked":"Singing Bowl","floor":24.0},{"not_picked":["Blade Dance"],"picked":"Terror","floor":25.0},{"not_picked":["Dagger Spray+1"],"picked":"Poisoned Stab+1","floor":27.0},{"not_picked":["Prepared","Dodge and Roll"],"picked":"Singing Bowl","floor":31.0},{"not_picked":["Malaise","Night Terror"],"picked":"Singing Bowl","floor":33.0},{"not_picked":["Slice+1"],"picked":"Deadly Poison+1","floor":35.0},{"not_picked":["Flechettes+1","Blade Dance+1"],"picked":"Singing Bowl","floor":36.0},{"not_picked":["Cloak And Dagger","Dodge and Roll"],"picked":"Singing Bowl","floor":39.0},{"not_picked":["Masterful Stab+1","Slice+1"],"picked":"Singing Bowl","floor":40.0},{"not_picked":["Quick Slash+1"],"picked":"Caltrops+1","floor":41.0},{"not_picked":["Blade Dance","Acrobatics"],"picked":"Singing Bowl","floor":42.0},{"not_picked":["Cloak And Dagger+1"],"picked":"Deadly Poison","floor":46.0},{"not_picked":["Forethought"],"picked":"Dramatic Entrance+1","floor":47.0},{"not_picked":["Bane+1"],"picked":"Deadly Poison","floor":48.0}],"player_experience":377909,"relics_obtained":[{"floor":6.0,"key":"Pen Nib"},{"floor":9.0,"key":"MawBank"},{"floor":25.0,"key":"Molten Egg 2"},{"floor":26.0,"key":"Meat on the Bone"},{"floor":31.0,"key":"The Courier"},{"floor":40.0,"key":"Strawberry"},{"floor":42.0,"key":"Shovel"},{"floor":43.0,"key":"Art of War"},{"floor":46.0,"key":"Sundial"}],"event_choices":[{"damage_healed":0.0,"max_hp_gain":0.0,"max_hp_loss":0.0,"gold_gain":0.0,"event_name":"Shining Light","player_choice":"Entered Light","floor":2.0,"gold_loss":0.0,"damage_taken":13.0,"cards_upgraded":["Neutralize","Survivor"]},{"damage_healed":0.0,"max_hp_gain":0.0,"max_hp_loss":0.0,"gold_gain":0.0,"event_name":"Scrap Ooze","player_choice":"Success","floor":3.0,"gold_loss":0.0,"damage_taken":7.0,"relics_obtained":["Singing Bowl"]},{"damage_healed":0.0,"max_hp_gain":0.0,"max_hp_loss":0.0,"gold_gain":0.0,"event_name":"Golden Wing","player_choice":"Ignored","floor":4.0,"gold_loss":0.0,"damage_taken":0.0},{"damage_healed":0.0,"max_hp_gain":0.0,"max_hp_loss":0.0,"gold_gain":175.0,"event_name":"Liars Game","player_choice":"AGREE","floor":7.0,"gold_loss":0.0,"damage_taken":0.0,"cards_obtained":["Doubt"]},{"cards_removed":["Doubt"],"damage_healed":0.0,"max_hp_gain":0.0,"max_hp_loss":0.0,"gold_gain":0.0,"event_name":"Beggar","player_choice":"Gave Gold","floor":19.0,"gold_loss":75.0,"damage_taken":0.0},{"cards_removed":["Strike_G"],"damage_healed":0.0,"max_hp_gain":0.0,"max_hp_loss":0.0,"gold_gain":0.0,"event_name":"Purifier","player_choice":"Purged","floor":20.0,"gold_loss":0.0,"damage_taken":0.0},{"damage_healed":0.0,"max_hp_gain":0.0,"max_hp_loss":0.0,"gold_gain":0.0,"event_name":"Drug Dealer","player_choice":"Inject Mutagens","floor":28.0,"gold_loss":0.0,"damage_taken":0.0,"relics_obtained":["MutagenicStrength"]},{"damage_healed":0.0,"max_hp_gain":0.0,"max_hp_loss":21.0,"gold_gain":0.0,"event_name":"Vampires","player_choice":"Became a vampire","floor":29.0,"gold_loss":0.0,"damage_taken":0.0,"cards_obtained":["Bite","Bite","Bite","Bite","Bite"]},{"damage_healed":0.0,"max_hp_gain":0.0,"max_hp_loss":0.0,"gold_gain":0.0,"event_name":"Tomb of Lord Red Mask","player_choice":"Ignored","floor":37.0,"gold_loss":0.0,"damage_taken":0.0},{"cards_removed":["Adrenaline"],"damage_healed":0.0,"max_hp_gain":10.0,"max_hp_loss":0.0,"gold_gain":0.0,"event_name":"Bonfire Elementals","player_choice":"Offered Rare","floor":38.0,"gold_loss":0.0,"damage_taken":0.0},{"damage_healed":0.0,"max_hp_gain":0.0,"max_hp_loss":0.0,"gold_gain":0.0,"event_name":"Mysterious Sphere","player_choice":"Fight","floor":42.0,"gold_loss":0.0,"damage_taken":0.0},{"damage_healed":56.0,"max_hp_gain":0.0,"max_hp_loss":0.0,"gold_gain":0.0,"event_name":"MindBloom","player_choice":"Heal","floor":44.0,"gold_loss":0.0,"damage_taken":0.0,"cards_obtained":["Doubt"]},{"damage_healed":0.0,"max_hp_gain":0.0,"max_hp_loss":0.0,"gold_gain":0.0,"event_name":"SensoryStone","player_choice":"Memory 1","floor":47.0,"gold_loss":0.0,"damage_taken":0.0}],"is_beta":false,"boss_relics":[{"not_picked":["WristBlade","Tiny House"],"picked":"Busted Crown"},{"not_picked":["White Beast Statue","Orrery"],"picked":"Fusion Hammer"}],"items_purged_floors":[45],"is_endless":false,"potions_floor_spawned":[11,14,16,27,33,36,39,40,41,48],"ascension_level":14}