{"gold_per_floor":[119,119,119,119,139,182,182,162,162,185,199,212,226,176,176,176],"floor_reached":16,"playtime":539,"items_purged":[],"score":143,"play_id":"8e8279d2-0c5b-4ca0-b11d-5f803851ca15","local_time":"20191001080323","is_ascension_mode":true,"campfire_choices":[{"floor":7,"key":"REST"},{"floor":15,"key":"REST"}],"neow_cost":"NONE","seed_source_timestamp":209523573230500,"circlet_count":0,"master_deck":["Strike_R+1","Strike_R","Strike_R","Strike_R","Defend_R","Defend_R","Defend_R","Defend_R+1","Bash","Flex","Whirlwind","Cleave","Havoc","Armaments","Inflame","Evolve"],"relics":["Burning Blood","Golden Idol","Happy Flower","Champion Belt"],"potions_floor_usage":[12,16],"damage_taken":[{"damage":10,"enemies":"Small Slimes","floor":1,"turns":4},{"damage":4,"enemies":"Jaw Worm","floor":5,"turns":4},{"damage":41,"enemies":"Lagavulin","floor":6,"turns":7},{"damage":0,"enemies":"2 Louse","floor":10,"turns":2},{"damage":21,"enemies":"Exordium Thugs","floor":11,"turns":5},{"damage":15,"enemies":"Lots of Slimes","floor":12,"turns":3},{"damage":8,"enemies":"Large Slime","floor":13,"turns":5},{"damage":52,"enemies":"Hexaghost","floor":16,"turns":9}],"seed_played":"-1346763694053270771","potions_obtained":[{"floor":8,"key":"SmokeBomb"},{"floor":11,"key":"Regen Potion"},{"floor":12,"key":"FearPotion"},{"floor":13,"key":"Dexterity Potion"}],"is_trial":false,"path_per_floor":["M","?","?","?","M","E","R","?","T","M","M","M","M","?","R","B"],"character_chosen":"IRONCLAD","items_purchased":[],"campfire_rested":2,"item_purchase_floors":[],"current_hp_per_floor":[76,58,36,41,43,8,35,35,35,41,26,26,24,24,51,0],"gold":176,"neow_bonus":"TEN_PERCENT_HP_BONUS","is_prod":false,"is_daily":false,"chose_seed":false,"campfire_upgraded":0,"win_rate":0,"timestamp":1569909803,"path_taken":["M","?","?","?","M","E","R","?","T","M","M","?","?","?","R","BOSS"],"build_version":"2019-07-17","purchased_purges":0,"victory":false,"max_hp_per_floor":[88,88,88,93,93,93,93,93,93,93,93,93,93,93,93,93],"card_choices":[{"not_picked":["Body Slam","Warcry"],"picked":"Flex","floor":1},{"not_picked":["Infernal Blade","True Grit"],"picked":"Whirlwind","floor":5},{"not_picked":["Pommel Strike","Headbutt"],"picked":"Cleave","floor":6},{"not_picked":["Wild Strike","Bludgeon"],"picked":"Havoc","floor":10},{"not_picked":["Thunderclap","Bloodletting"],"picked":"Armaments","floor":11},{"not_picked":["Evolve","Carnage"],"picked":"Inflame","floor":12},{"not_picked":["Wild Strike","Anger"],"picked":"Evolve","floor":13}],"player_experience":397269,"relics_obtained":[{"floor":6,"key":"Happy Flower"},{"floor":9,"key":"Champion Belt"}],"event_choices":[{"damage_healed":0,"gold_gain":0,"player_choice":"Entered Light","damage_taken":18,"max_hp_gain":0,"max_hp_loss":0,"event_name":"Shining Light","floor":2,"gold_loss":0,"cards_upgraded":["Defend_R","Strike_R"]},{"damage_healed":0,"gold_gain":0,"player_choice":"Take Damage","damage_taken":22,"relics_obtained":["Golden Idol"],"max_hp_gain":0,"max_hp_loss":0,"event_name":"Golden Idol","floor":3,"gold_loss":0},{"damage_healed":0,"gold_gain":0,"player_choice":"Donut","damage_taken":0,"max_hp_gain":5,"max_hp_loss":0,"event_name":"Big Fish","floor":4,"gold_loss":0},{"damage_healed":0,"gold_gain":0,"player_choice":"Bought 1 Potion","damage_taken":0,"max_hp_gain":0,"max_hp_loss":0,"event_name":"The Woman in Blue","floor":8,"gold_loss":0},{"cards_removed":["Strike_R"],"damage_healed":0,"gold_gain":0,"player_choice":"Card Removal","damage_taken":0,"max_hp_gain":0,"max_hp_loss":0,"event_name":"The Cleric","floor":14,"gold_loss":50}],"is_beta":false,"boss_relics":[],"items_purged_floors":[],"is_endless":false,"potions_floor_spawned":[11,12,13],"killed_by":"Hexaghost","ascension_level":8}