{"gold_per_floor":[110,35,35,48,68,96,96,113,140,140,153,163,190,190,190,190],"floor_reached":16,"playtime":691,"items_purged":["Pain"],"score":218,"play_id":"70c47bd2-7854-47a2-8ae8-5efbd7d21859","local_time":"20191004173035","is_ascension_mode":true,"campfire_choices":[{"floor":7.0,"key":"REST"},{"floor":10.0,"key":"REST"},{"data":"Streamline","floor":15.0,"key":"SMITH"}],"neow_cost":"CURSE","seed_source_timestamp":0,"circlet_count":0,"master_deck":["AscendersBane","Strike_B","Strike_B","Strike_B","Strike_B","Defend_B","Defend_B","Defend_B","Defend_B","Zap","Dualcast","Hologram","Undo","Conserve Battery","Cold Snap","Streamline+1","BootSequence","Seek","Injury"],"special_seed":0,"relics":["Cracked Core","Juzu Bracelet","Centennial Puzzle","Oddly Smooth Stone","Anchor","Golden Idol"],"potions_floor_usage":[16],"damage_taken":[{"damage":6.0,"enemies":"Small Slimes","floor":1.0,"turns":3.0},{"damage":0.0,"enemies":"Cultist","floor":4.0,"turns":3.0},{"damage":0.0,"enemies":"2 Louse","floor":5.0,"turns":3.0},{"damage":49.0,"enemies":"3 Sentries","floor":6.0,"turns":11.0},{"damage":34.0,"enemies":"Large Slime","floor":8.0,"turns":11.0},{"damage":0.0,"enemies":"Looter","floor":11.0,"turns":3.0},{"damage":3.0,"enemies":"Exordium Wildlife","floor":12.0,"turns":3.0},{"damage":2.0,"enemies":"Gremlin Nob","floor":13.0,"turns":3.0},{"damage":40,"enemies":"Slime Boss","floor":16,"turns":7}],"seed_played":"8983514540864325788","potions_obtained":[{"floor":5.0,"key":"FearPotion"},{"floor":8.0,"key":"EssenceOfSteel"},{"floor":13.0,"key":"Energy Potion"}],"is_trial":false,"path_per_floor":["M","$","?","M","M","E","R","M","T","R","M","M","E","?","R","B"],"character_chosen":"DEFECT","items_purchased":[],"campfire_rested":2,"item_purchase_floors":[],"current_hp_per_floor":[72,72,72,72,72,23,48,14,14,39,39,36,34,34,34,0],"gold":190,"neow_bonus":"TWENTY_PERCENT_HP_BONUS","is_prod":false,"is_daily":false,"chose_seed":false,"campfire_upgraded":1,"win_rate":0,"timestamp":1570203035,"path_taken":["M","$","?","M","M","E","R","M","T","R","M","M","E","?","R","BOSS"],"build_version":"2019-07-17","purchased_purges":1,"victory":false,"max_hp_per_floor":[85,85,85,85,85,85,85,85,85,85,85,85,85,85,85,85],"card_choices":[{"not_picked":["Heatsinks","Fusion"],"picked":"Gash","floor":1.0},{"not_picked":["Darkness","Steam"],"picked":"Hologram","floor":4.0},{"not_picked":["Compile Driver","Double Energy"],"picked":"Undo","floor":5.0},{"not_picked":["Reinforced Body","FTL"],"picked":"Conserve Battery","floor":6.0},{"not_picked":["Sweeping Beam","Conserve Battery"],"picked":"Cold Snap","floor":8.0},{"not_picked":["Barrage","Stack"],"picked":"Streamline","floor":11.0},{"not_picked":["Turbo","Barrage"],"picked":"BootSequence","floor":12.0},{"not_picked":["Darkness","Leap"],"picked":"Seek","floor":13.0}],"player_experience":417106,"relics_obtained":[{"floor":6.0,"key":"Centennial Puzzle"},{"floor":9.0,"key":"Oddly Smooth Stone"},{"floor":13.0,"key":"Anchor"}],"event_choices":[{"cards_removed":["Gash"],"damage_healed":0.0,"max_hp_gain":0.0,"max_hp_loss":0.0,"gold_gain":0.0,"event_name":"WeMeetAgain","player_choice":"Gave Card","floor":3.0,"gold_loss":0.0,"damage_taken":0.0,"relics_obtained":["Juzu Bracelet"]},{"damage_healed":0.0,"max_hp_gain":0.0,"max_hp_loss":0.0,"gold_gain":0.0,"event_name":"Golden Idol","player_choice":"Take Wound","floor":14.0,"gold_loss":0.0,"damage_taken":0.0,"relics_obtained":["Golden Idol"],"cards_obtained":["Injury"]}],"is_beta":false,"boss_relics":[],"items_purged_floors":[2],"is_endless":false,"potions_floor_spawned":[5,8,11,13],"killed_by":"Slime Boss","ascension_level":19}