{"gold_per_floor":[114,180,180,195,46,46,60,60,135,149,149,163,183,199,199,300,300,318,298,36,50,70,70,103,103,103,115,115,115,125,138,138,138],"floor_reached":33,"playtime":566,"items_purged":[],"score":241,"play_id":"dd8a159e-1f1c-45d4-a6f5-289f1a13ed4f","local_time":"20190907234957","is_ascension_mode":false,"campfire_choices":[{"data":"Immolate","floor":6,"key":"SMITH"},{"data":"Heavy Blade","floor":8,"key":"SMITH"},{"data":"Rage","floor":15,"key":"SMITH"},{"data":"Immolate","floor":23,"key":"SMITH"},{"data":"Searing Blow+1","floor":25,"key":"SMITH"},{"data":"Searing Blow+2","floor":32,"key":"SMITH"}],"neow_cost":"NONE","seed_source_timestamp":699362679331000,"circlet_count":0,"master_deck":["Strike_R+1","Strike_R+1","Strike_R+1","Strike_R+1","Strike_R+1","Defend_R+1","Defend_R+1","Defend_R+1","Defend_R+1","Bash","Immolate+1","Infernal Blade","Infernal Blade","Heavy Blade+1","Heavy Blade+1","Twin Strike","Rage+1","Immolate+1","Headbutt+1","Bloodletting+1","Anger+1","Searing Blow+3","Headbutt+1","Searing Blow+1","Flex"],"relics":["Burning Blood","Bag of Marbles","Paper Frog","Philosopher\u0027s Stone","Molten Egg 2","Red Mask","Frozen Egg 2","Dream Catcher"],"potions_floor_usage":[16,16,33,33,33],"damage_taken":[{"damage":11,"enemies":"Jaw Worm","floor":1,"turns":2},{"damage":0,"enemies":"Small Slimes","floor":4,"turns":3},{"damage":0,"enemies":"Cultist","floor":7,"turns":1},{"damage":0,"enemies":"Looter","floor":10,"turns":1},{"damage":11,"enemies":"Lots of Slimes","floor":12,"turns":2},{"damage":9,"enemies":"Blue Slaver","floor":13,"turns":2},{"damage":0,"enemies":"Exordium Wildlife","floor":14,"turns":1},{"damage":41,"enemies":"Hexaghost","floor":16,"turns":7},{"damage":12,"enemies":"Chosen","floor":18,"turns":3},{"damage":11,"enemies":"Spheric Guardian","floor":21,"turns":3},{"damage":3,"enemies":"Cultist and Chosen","floor":22,"turns":4},{"damage":0,"enemies":"Masked Bandits","floor":24,"turns":1},{"damage":0,"enemies":"Snecko","floor":27,"turns":2},{"damage":18,"enemies":"Snake Plant","floor":30,"turns":2},{"damage":9,"enemies":"Centurion and Healer","floor":31,"turns":2},{"damage":93,"enemies":"Automaton","floor":33,"turns":6}],"seed_played":"4688511907978573390","potions_obtained":[{"floor":1,"key":"Weak Potion"},{"floor":3,"key":"PowerPotion"},{"floor":3,"key":"SteroidPotion"},{"floor":4,"key":"FearPotion"},{"floor":12,"key":"Strength Potion"},{"floor":18,"key":"LiquidBronze"},{"floor":19,"key":"BloodPotion"},{"floor":27,"key":"Strength Potion"}],"is_trial":false,"path_per_floor":["M","?","?","M","$","R","M","R","T","M","?","M","M","M","R","B",null,"M","?","$","M","M","R","?","R","T","M","T","?","M","M","R","B"],"character_chosen":"IRONCLAD","items_purchased":["Bag of Marbles","Molten Egg 2"],"campfire_rested":0,"item_purchase_floors":[5,20],"current_hp_per_floor":[75,75,75,80,80,80,80,80,80,80,80,75,72,78,78,43,80,74,74,74,69,72,72,78,78,78,80,80,80,68,65,65,0],"gold":138,"neow_bonus":"ONE_RANDOM_RARE_CARD","is_prod":false,"is_daily":false,"chose_seed":false,"campfire_upgraded":6,"win_rate":0,"timestamp":1567892997,"path_taken":["M","?","?","M","$","R","M","R","T","?","?","?","M","M","R","BOSS","M","?","$","M","?","R","?","R","T","M","?","?","M","M","R","BOSS"],"build_version":"2019-07-17","purchased_purges":0,"victory":false,"max_hp_per_floor":[80,80,80,80,80,80,80,80,80,80,80,80,80,80,80,80,80,80,80,80,80,80,80,80,80,80,80,80,80,80,80,80,80],"card_choices":[{"not_picked":["Blood for Blood","Rupture"],"picked":"Infernal Blade","floor":1},{"not_picked":["Havoc","Flame Barrier"],"picked":"Infernal Blade","floor":4},{"not_picked":["Clash","Perfected Strike"],"picked":"Heavy Blade","floor":7},{"not_picked":["Fire Breathing","Havoc"],"picked":"Heavy Blade","floor":10},{"not_picked":["Blood for Blood","Burning Pact"],"picked":"Twin Strike","floor":12},{"not_picked":["Body Slam","Sword Boomerang","Evolve"],"picked":"SKIP","floor":13},{"not_picked":["Sentinel","Twin Strike"],"picked":"Rage","floor":14},{"not_picked":["Dark Embrace","Barricade"],"picked":"Immolate","floor":16},{"not_picked":["Iron Wave","Thunderclap"],"picked":"Headbutt+1","floor":18},{"not_picked":["Battle Trance+1","Sever Soul+1"],"picked":"Bloodletting+1","floor":21},{"not_picked":["Warcry","True Grit+1"],"picked":"Anger+1","floor":22},{"not_picked":["Headbutt+1","Perfected Strike+1"],"picked":"Searing Blow+1","floor":24},{"not_picked":["Reaper+1","Heavy Blade+1"],"picked":"Headbutt+1","floor":27},{"not_picked":["Perfected Strike+1","Second Wind"],"picked":"Searing Blow+1","floor":30},{"not_picked":["Pummel+1","Iron Wave+1"],"picked":"Flex","floor":31}],"player_experience":222959,"relics_obtained":[{"floor":9,"key":"Paper Frog"},{"floor":24,"key":"Red Mask"},{"floor":26,"key":"Frozen Egg 2"},{"floor":28,"key":"Dream Catcher"}],"event_choices":[{"damage_healed":0,"gold_gain":66,"player_choice":"Gained Gold","damage_taken":0,"max_hp_gain":0,"max_hp_loss":0,"event_name":"Golden Wing","floor":2,"gold_loss":0},{"damage_healed":0,"gold_gain":0,"player_choice":"Got Potions","damage_taken":0,"max_hp_gain":0,"max_hp_loss":0,"event_name":"Lab","floor":3,"gold_loss":0},{"damage_healed":0,"gold_gain":0,"player_choice":"Upgraded","damage_taken":0,"max_hp_gain":0,"max_hp_loss":0,"event_name":"Upgrade Shrine","floor":11,"gold_loss":0,"cards_upgraded":["Heavy Blade"]},{"damage_healed":0,"gold_gain":0,"player_choice":"Bought 1 Potion","damage_taken":0,"max_hp_gain":0,"max_hp_loss":0,"event_name":"The Woman in Blue","floor":19,"gold_loss":0},{"damage_healed":0,"gold_gain":0,"player_choice":"Fought Bandits","damage_taken":0,"max_hp_gain":0,"max_hp_loss":0,"event_name":"Masked Bandits","floor":24,"gold_loss":0},{"damage_healed":0,"gold_gain":0,"player_choice":"Simplicity","damage_taken":0,"max_hp_gain":0,"max_hp_loss":0,"event_name":"Back to Basics","floor":29,"gold_loss":0,"cards_upgraded":["Strike_R","Strike_R","Strike_R","Strike_R","Strike_R","Defend_R","Defend_R","Defend_R","Defend_R"]}],"is_beta":false,"boss_relics":[{"not_picked":["Sozu","Tiny House"],"picked":"Philosopher\u0027s Stone"}],"items_purged_floors":[],"is_endless":false,"potions_floor_spawned":[1,4,12,18,27,30,31],"killed_by":"Automaton","ascension_level":0}