{"gold_per_floor":[113,113,4,21,40,66,81,101,126,141,171,171,205,280,280,280],"floor_reached":16,"playtime":1372,"items_purged":["Regret"],"score":172,"play_id":"ba7d691e-1ae0-4762-9c2e-0ca15ed3c288","local_time":"20190710153210","is_ascension_mode":false,"campfire_choices":[{"data":"Shrug It Off","floor":12,"key":"SMITH"},{"data":"Brutality","floor":15,"key":"SMITH"}],"neow_cost":"CURSE","seed_source_timestamp":566675567537308,"circlet_count":0,"master_deck":["Strike_R","Strike_R","Strike_R","Strike_R","Strike_R","Defend_R","Defend_R","Defend_R","Defend_R","Bash","Shrug It Off+1","Reaper","Bloodletting","Anger","Feed","Body Slam","Thunderclap","True Grit","Bloodletting","Entrench","Brutality+1"],"relics":["Burning Blood","Meat on the Bone","Strawberry","Blood Vial","Juzu Bracelet"],"potions_floor_usage":[5,6,6,11,11,13,16],"damage_taken":[{"damage":13,"enemies":"Jaw Worm","floor":1,"turns":4},{"damage":4,"enemies":"Cultist","floor":4,"turns":3},{"damage":3,"enemies":"2 Louse","floor":5,"turns":3},{"damage":10,"enemies":"3 Sentries","floor":6,"turns":9},{"damage":12,"enemies":"Looter","floor":7,"turns":3},{"damage":9,"enemies":"Blue Slaver","floor":8,"turns":4},{"damage":13,"enemies":"3 Louse","floor":10,"turns":5},{"damage":18,"enemies":"Gremlin Nob","floor":11,"turns":5},{"damage":57,"enemies":"Lagavulin","floor":13,"turns":8},{"damage":62,"enemies":"The Guardian","floor":16,"turns":8}],"seed_played":"1277145420097512387","potions_obtained":[{"floor":4,"key":"EntropicBrew"},{"floor":5,"key":"Fruit Juice"},{"floor":7,"key":"EssenceOfSteel"},{"floor":8,"key":"SkillPotion"},{"floor":13,"key":"Energy Potion"}],"is_trial":false,"path_per_floor":["M","?","$","M","M","E","M","M","T","M","E","R","E","?","R","B"],"character_chosen":"IRONCLAD","items_purchased":["Bloodletting"],"campfire_rested":0,"item_purchase_floors":[3],"current_hp_per_floor":[89,89,89,91,101,104,101,98,105,104,92,92,70,59,59,0],"gold":280,"neow_bonus":"TWENTY_PERCENT_HP_BONUS","is_prod":false,"is_daily":false,"chose_seed":false,"campfire_upgraded":2,"win_rate":0,"timestamp":1562765530,"path_taken":["M","?","$","M","M","E","?","M","T","M","E","R","E","?","R","BOSS"],"build_version":"2019-07-05","purchased_purges":1,"victory":false,"max_hp_per_floor":[96,96,96,96,101,104,107,107,114,114,114,114,114,114,114,114],"card_choices":[{"not_picked":["Wild Strike","Cleave"],"picked":"Shrug It Off","floor":1},{"not_picked":["True Grit","Clothesline"],"picked":"Anger","floor":4},{"not_picked":["Perfected Strike","Clash"],"picked":"Feed","floor":5},{"not_picked":["Rampage","Thunderclap"],"picked":"Body Slam","floor":6},{"not_picked":["Rampage","Wild Strike"],"picked":"Thunderclap","floor":7},{"not_picked":["Rampage","Reckless Charge"],"picked":"True Grit","floor":8},{"not_picked":["Pommel Strike","Thunderclap"],"picked":"Bloodletting","floor":10},{"not_picked":["Clash","Perfected Strike"],"picked":"Entrench","floor":11},{"not_picked":["Dual Wield","Uppercut"],"picked":"Brutality","floor":13}],"player_experience":28485,"relics_obtained":[{"floor":6,"key":"Meat on the Bone"},{"floor":9,"key":"Strawberry"},{"floor":11,"key":"Blood Vial"},{"floor":13,"key":"Juzu Bracelet"}],"event_choices":[{"damage_healed":0,"gold_gain":0,"player_choice":"1 cards matched","damage_taken":0,"max_hp_gain":0,"max_hp_loss":0,"event_name":"Match and Keep!","floor":2,"gold_loss":0,"cards_obtained":["Reaper"]},{"damage_healed":0,"gold_gain":75,"player_choice":"Gather Gold","damage_taken":11,"max_hp_gain":0,"max_hp_loss":0,"event_name":"World of Goop","floor":14,"gold_loss":0}],"is_beta":false,"boss_relics":[],"items_purged_floors":[3],"is_endless":false,"potions_floor_spawned":[4,5,7,8,13],"killed_by":"The Guardian","ascension_level":0}