{"gold_per_floor":[119,135,135,85,160,186,197,46,101,101,135,135,152,167,167,263,263,279,57,57,71,71,71],"floor_reached":23,"playtime":1290,"items_purged":[],"score":269,"play_id":"e24f03c7-2866-441c-ab53-67bc70d21fda","local_time":"20190917182135","is_ascension_mode":true,"campfire_choices":[{"floor":10,"key":"REST"},{"floor":12,"key":"REST"},{"floor":15,"key":"REST"}],"neow_cost":"NONE","seed_source_timestamp":3108047760499900,"circlet_count":0,"master_deck":["Strike_G","Strike_G","Strike_G","Strike_G","Strike_G","Defend_G","Defend_G","Defend_G","Defend_G","Defend_G","Survivor","Neutralize","Poisoned Stab","Poisoned Stab","Bullet Time","Prepared","Dagger Throw","Footwork","Sucker Punch","Dash","Deadly Poison","Bane","Phantasmal Killer","Footwork","Venomology","Backflip","Footwork","Bane+1"],"relics":["Orrery","Orichalcum","Omamori","Oddly Smooth Stone","Strawberry","Art of War","Velvet Choker","Boot","Girya"],"potions_floor_usage":[13,16,16,16,21,23],"damage_taken":[{"damage":2,"enemies":"Jaw Worm","floor":1,"turns":4},{"damage":0,"enemies":"Small Slimes","floor":2,"turns":4},{"damage":38,"enemies":"Lagavulin","floor":6,"turns":8},{"damage":0,"enemies":"Cultist","floor":7,"turns":3},{"damage":33,"enemies":"Gremlin Nob","floor":11,"turns":5},{"damage":6,"enemies":"Exordium Wildlife","floor":13,"turns":4},{"damage":2,"enemies":"Looter","floor":14,"turns":4},{"damage":49,"enemies":"The Guardian","floor":16,"turns":11},{"damage":33,"enemies":"3 Byrds","floor":18,"turns":7},{"damage":9,"enemies":"Chosen","floor":21,"turns":6},{"damage":25,"enemies":"Slavers","floor":23,"turns":4}],"seed_played":"3094629224211430014","potions_obtained":[{"floor":6,"key":"Explosive Potion"},{"floor":7,"key":"Dexterity Potion"},{"floor":13,"key":"Regen Potion"},{"floor":14,"key":"Energy Potion"},{"floor":21,"key":"Explosive Potion"}],"is_trial":false,"path_per_floor":["M","M","?","?","?","E","M","$","T","R","E","R","M","M","R","B",null,"M","$","?","M","?","E"],"character_chosen":"THE_SILENT","items_purchased":["Oddly Smooth Stone","Boot","Footwork"],"campfire_rested":3,"item_purchase_floors":[8,19,19],"current_hp_per_floor":[61,61,61,61,50,12,12,12,19,42,9,32,26,24,47,13,61,28,28,28,19,19,0],"gold":71,"neow_bonus":"BOSS_RELIC","is_prod":false,"is_daily":false,"chose_seed":false,"campfire_upgraded":0,"win_rate":0,"timestamp":1568737295,"path_taken":["M","M","?","?","?","E","?","$","T","R","E","R","M","M","R","BOSS","M","$","?","M","?","E"],"build_version":"2019-07-17","purchased_purges":0,"victory":false,"max_hp_per_floor":[70,70,70,70,70,70,70,70,77,77,77,77,77,77,77,77,77,77,77,77,77,77,77],"card_choices":[{"not_picked":["Leg Sweep","Dodge and Roll"],"picked":"Poisoned Stab","floor":0},{"not_picked":["Slice","Acrobatics"],"picked":"Poisoned Stab","floor":0},{"not_picked":["Sucker Punch","Deflect"],"picked":"Bullet Time","floor":0},{"not_picked":["Quick Slash","Slice"],"picked":"Prepared","floor":0},{"not_picked":["Heel Hook","Blade Dance"],"picked":"Dagger Throw","floor":0},{"not_picked":["Blade Dance","Noxious Fumes"],"picked":"Footwork","floor":1},{"not_picked":["Expertise","Deflect"],"picked":"Sucker Punch","floor":2},{"not_picked":["Dagger Spray","Poisoned Stab"],"picked":"Dash","floor":6},{"not_picked":["Quick Slash","Terror"],"picked":"Deadly Poison","floor":7},{"not_picked":["Riddle With Holes","Acrobatics"],"picked":"Bane","floor":11},{"not_picked":["Dagger Spray","Acrobatics"],"picked":"Phantasmal Killer","floor":13},{"not_picked":["Deadly Poison","Setup"],"picked":"Footwork","floor":14},{"not_picked":["Burst","Tools of the Trade"],"picked":"Venomology","floor":16},{"not_picked":["Acrobatics+1","Bane"],"picked":"Backflip","floor":18},{"not_picked":["Endless Agony","Poisoned Stab"],"picked":"Bane+1","floor":21}],"player_experience":231976,"relics_obtained":[{"floor":6,"key":"Omamori"},{"floor":9,"key":"Strawberry"},{"floor":11,"key":"Art of War"}],"event_choices":[{"damage_healed":0,"gold_gain":0,"player_choice":"Box","damage_taken":0,"relics_obtained":["Orichalcum"],"max_hp_gain":0,"max_hp_loss":0,"event_name":"Big Fish","floor":3,"gold_loss":0,"cards_obtained":["Regret"]},{"cards_removed":["Regret"],"damage_healed":0,"gold_gain":0,"player_choice":"Card Removal","damage_taken":0,"max_hp_gain":0,"max_hp_loss":0,"event_name":"The Cleric","floor":4,"gold_loss":50},{"damage_healed":0,"gold_gain":75,"player_choice":"Gather Gold","damage_taken":11,"max_hp_gain":0,"max_hp_loss":0,"event_name":"World of Goop","floor":5,"gold_loss":0},{"damage_healed":0,"gold_gain":0,"player_choice":"Stole Relic","damage_taken":0,"relics_obtained":["Girya"],"max_hp_gain":0,"max_hp_loss":0,"event_name":"Addict","floor":20,"gold_loss":0,"cards_obtained":["Shame"]},{"damage_healed":0,"gold_gain":0,"player_choice":"Smashed Altar","damage_taken":0,"max_hp_gain":0,"max_hp_loss":0,"event_name":"Forgotten Altar","floor":22,"gold_loss":0,"cards_obtained":["Decay"]}],"is_beta":false,"boss_relics":[{"not_picked":["Sozu","Ectoplasm"],"picked":"Velvet Choker"}],"items_purged_floors":[],"is_endless":false,"potions_floor_spawned":[6,7,13,14,21],"killed_by":"Slavers","ascension_level":7}