{"gold_per_floor":[109,126,7,23,23,49,14,45,45,45,61,61,61,90,90,187,187,142,40,40,40,40,40,40,40,40,40,40,40,40,40,40,40,40,40,40,40,40,40,40,40,40,40,40,40,40,40,40,40,40],"floor_reached":51,"playtime":9822,"items_purged":["Strike_B"],"score":704,"play_id":"da27e0ef-b32e-49d6-bb78-8a2464d8cd8f","local_time":"20191004194004","is_ascension_mode":false,"campfire_choices":[{"data":"Echo Form","floor":10.0,"key":"SMITH"},{"data":"Static Discharge","floor":12.0,"key":"SMITH"},{"data":"Streamline","floor":15.0,"key":"SMITH"},{"data":"Stack","floor":23.0,"key":"SMITH"},{"data":"Self Repair","floor":27.0,"key":"SMITH"},{"data":"Fusion","floor":28.0,"key":"SMITH"},{"floor":32.0,"key":"REST"},{"floor":40.0,"key":"DIG"},{"floor":42.0,"key":"DIG"},{"data":"Thunder Strike","floor":44.0,"key":"SMITH"},{"data":"Capacitor","floor":47.0,"key":"SMITH"},{"floor":49.0,"key":"DIG"}],"neow_cost":"CURSE","seed_source_timestamp":1372113325333478,"circlet_count":0,"master_deck":["Strike_B","Strike_B+1","Defend_B","Defend_B","Defend_B","Defend_B","Zap","Dualcast","Static Discharge+1","Go for the Eyes","Echo Form+1","Ball Lightning","Reprogram+1","Sweeping Beam+1","Self Repair+1","Streamline+1","Electrodynamics","BootSequence+1","Stack+1","Compile Driver","Capacitor+1","Fusion+1","Double Energy+1","Skim","Thunder Strike+1","Leap+1","Madness+1","Madness","Stack+1","Stack+1","Undo+1"],"special_seed":0,"relics":["Cracked Core","Question Card","Meat on the Bone","Dodecahedron","WingedGreaves","FossilizedHelix","Ectoplasm","Ornamental Fan","Bottled Flame","Shovel","Eternal Feather","Tiny Chest","Bird Faced Urn","Whetstone","Bag of Marbles","Ancient Tea Set","War Paint"],"potions_floor_usage":[50,50],"damage_taken":[{"damage":2.0,"enemies":"Small Slimes","floor":1.0,"turns":4.0},{"damage":0.0,"enemies":"2 Louse","floor":2.0,"turns":3.0},{"damage":1.0,"enemies":"Jaw Worm","floor":4.0,"turns":4.0},{"damage":14.0,"enemies":"3 Sentries","floor":6.0,"turns":5.0},{"damage":6.0,"enemies":"Lagavulin","floor":8.0,"turns":6.0},{"damage":13.0,"enemies":"Red Slaver","floor":11.0,"turns":4.0},{"damage":25.0,"enemies":"3 Sentries","floor":14.0,"turns":6.0},{"damage":39.0,"enemies":"Hexaghost","floor":16.0,"turns":6.0},{"damage":12.0,"enemies":"2 Thieves","floor":18.0,"turns":4.0},{"damage":4.0,"enemies":"Shell Parasite","floor":21.0,"turns":4.0},{"damage":16.0,"enemies":"Snake Plant","floor":22.0,"turns":2.0},{"damage":24.0,"enemies":"Gremlin Leader","floor":24.0,"turns":6.0},{"damage":14.0,"enemies":"Snecko","floor":25.0,"turns":6.0},{"damage":32.0,"enemies":"Colosseum Slavers","floor":29.0,"turns":4.0},{"damage":6.0,"enemies":"Book of Stabbing","floor":31.0,"turns":5.0},{"damage":37.0,"enemies":"Champ","floor":33.0,"turns":12.0},{"damage":32.0,"enemies":"3 Darklings","floor":35.0,"turns":4.0},{"damage":2.0,"enemies":"Orb Walker","floor":39.0,"turns":4.0},{"damage":47.0,"enemies":"2 Orb Walkers","floor":41.0,"turns":4.0},{"damage":12.0,"enemies":"Nemesis","floor":45.0,"turns":5.0},{"damage":0.0,"enemies":"Maw","floor":46.0,"turns":7.0},{"damage":19.0,"enemies":"Transient","floor":48.0,"turns":5.0},{"damage":79,"enemies":"Awakened One","floor":50,"turns":14}],"seed_played":"-555212136678914246","potions_obtained":[{"floor":4.0,"key":"FairyPotion"},{"floor":6.0,"key":"FocusPotion"},{"floor":14.0,"key":"GamblersBrew"},{"floor":24.0,"key":"Swift Potion"},{"floor":31.0,"key":"Block Potion"},{"floor":33.0,"key":"SkillPotion"},{"floor":39.0,"key":"Regen Potion"},{"floor":46.0,"key":"PowerPotion"},{"floor":48.0,"key":"Swift Potion"}],"is_trial":false,"path_per_floor":["M","M","$","M","?","E","?","E","T","R","M","R","?","E","R","B",null,"M","$","?","M","M","R","E","M","T","R","R","?","?","E","R","B",null,"M","$","?","?","M","R","?","R","T","R","E","M","R","M","R","B",null],"character_chosen":"DEFECT","items_purchased":["Echo Form","Block Potion","Stack"],"campfire_rested":1,"item_purchase_floors":[3,3,19],"current_hp_per_floor":[87,87,87,86,79,65,87,81,81,81,68,68,65,66,66,46,89,84,84,84,80,64,64,59,52,52,52,52,42,25,41,69,54,94,82,82,82,70,78,93,58,76,76,94,94,94,94,85,94,52],"gold":40,"neow_bonus":"TWENTY_PERCENT_HP_BONUS","is_prod":false,"is_daily":false,"chose_seed":false,"campfire_upgraded":8,"win_rate":0,"timestamp":1570210804,"path_taken":["M","M","$","M","?","E","?","E","T","R","M","R","?","E","R","BOSS","M","$","?","M","?","R","E","M","T","R","R","?","?","E","R","BOSS","M","$","?","?","?","R","?","R","T","R","E","M","R","M","R","BOSS"],"build_version":"2019-07-17","purchased_purges":1,"victory":true,"max_hp_per_floor":[89,89,89,89,89,89,89,89,89,89,89,89,89,89,89,89,89,89,89,89,89,89,89,89,89,89,89,89,89,94,94,94,94,94,94,94,94,94,94,94,94,94,94,94,94,94,94,94,94,94],"card_choices":[{"not_picked":["Streamline","Beam Cell"],"picked":"Static Discharge","floor":1.0},{"not_picked":["Redo","Steam Power"],"picked":"Go for the Eyes","floor":2.0},{"not_picked":["Stack","Hello World"],"picked":"Ball Lightning","floor":4.0},{"not_picked":["Barrage","Beam Cell"],"picked":"Reprogram","floor":6.0},{"not_picked":["Compile Driver","Beam Cell","Barrage"],"picked":"Sweeping Beam","floor":8.0},{"not_picked":["Redo","Compile Driver","Undo"],"picked":"Self Repair","floor":11.0},{"not_picked":["Leap","FTL","Darkness"],"picked":"Streamline","floor":14.0},{"not_picked":["Core Surge","Creative AI","Echo Form"],"picked":"Electrodynamics","floor":16.0},{"not_picked":["Conserve Battery","Turbo+1","Skim"],"picked":"BootSequence+1","floor":18.0},{"not_picked":["Redo+1","Compile Driver","White Noise"],"picked":"Capacitor","floor":21.0},{"not_picked":["Static Discharge","Capacitor","Sweeping Beam+1","Rebound"],"picked":"SKIP","floor":22.0},{"not_picked":["Doom and Gloom","Go for the Eyes","Stack"],"picked":"Fusion","floor":24.0},{"not_picked":["Loop","Chill+1","Go for the Eyes"],"picked":"Double Energy+1","floor":25.0},{"not_picked":["Doom and Gloom","Self Repair","Conserve Battery"],"picked":"Skim","floor":31.0},{"not_picked":["Fission","All For One","Rainbow"],"picked":"Thunder Strike","floor":33.0},{"not_picked":["Doom and Gloom","Go for the Eyes","Steam"],"picked":"Leap+1","floor":35.0},{"not_picked":["Steam+1","Barrage+1","Sweeping Beam+1"],"picked":"Stack+1","floor":39.0},{"not_picked":["Rebound","Turbo","Double Energy"],"picked":"Stack+1","floor":41.0},{"not_picked":["Barrage+1","Compile Driver+1","Undo","Steam Power+1"],"picked":"SKIP","floor":45.0},{"not_picked":["BootSequence","Melter+1","Ball Lightning"],"picked":"Undo+1","floor":46.0},{"not_picked":["Reinforced Body","Double Energy","Cold Snap","Steam Power+1"],"picked":"SKIP","floor":48.0}],"player_experience":327195,"relics_obtained":[{"floor":6.0,"key":"Question Card"},{"floor":8.0,"key":"Meat on the Bone"},{"floor":9.0,"key":"Dodecahedron"},{"floor":14.0,"key":"FossilizedHelix"},{"floor":24.0,"key":"Ornamental Fan"},{"floor":26.0,"key":"Bottled Flame"},{"floor":31.0,"key":"Shovel"},{"floor":40.0,"key":"Tiny Chest"},{"floor":41.0,"key":"Bird Faced Urn"},{"floor":42.0,"key":"Whetstone"},{"floor":43.0,"key":"Bag of Marbles"},{"floor":45.0,"key":"Ancient Tea Set"},{"floor":49.0,"key":"War Paint"}],"event_choices":[{"cards_removed":["Injury"],"damage_healed":0.0,"max_hp_gain":0.0,"max_hp_loss":0.0,"gold_gain":0.0,"event_name":"Golden Wing","player_choice":"Card Removal","floor":5.0,"gold_loss":0.0,"damage_taken":7.0},{"damage_healed":22.0,"max_hp_gain":0.0,"max_hp_loss":0.0,"gold_gain":0.0,"event_name":"The Cleric","player_choice":"Healed","floor":7.0,"gold_loss":35.0,"damage_taken":0.0},{"damage_healed":0.0,"max_hp_gain":0.0,"max_hp_loss":0.0,"gold_gain":0.0,"event_name":"Scrap Ooze","player_choice":"Success","floor":13.0,"gold_loss":0.0,"damage_taken":3.0,"relics_obtained":["WingedGreaves"]},{"damage_healed":0.0,"max_hp_gain":0.0,"max_hp_loss":0.0,"gold_gain":0.0,"event_name":"Match and Keep!","player_choice":"1 cards matched","floor":20.0,"gold_loss":0.0,"damage_taken":0.0,"cards_obtained":["Compile Driver"]},{"damage_healed":0.0,"max_hp_gain":0.0,"max_hp_loss":0.0,"gold_gain":0.0,"event_name":"Colosseum","player_choice":"Fight","floor":29.0,"gold_loss":0.0,"damage_taken":0.0},{"damage_healed":0.0,"max_hp_gain":0.0,"max_hp_loss":0.0,"gold_gain":0.0,"event_name":"Colosseum","player_choice":"Fled From Nobs","floor":29.0,"gold_loss":0.0,"damage_taken":0.0},{"damage_healed":0.0,"max_hp_gain":5.0,"max_hp_loss":0.0,"gold_gain":0.0,"event_name":"Forgotten Altar","player_choice":"Shed Blood","floor":30.0,"gold_loss":0.0,"damage_taken":22.0},{"cards_removed":["Strike_B"],"damage_healed":0.0,"max_hp_gain":0.0,"max_hp_loss":0.0,"gold_gain":0.0,"event_name":"Falling","player_choice":"Removed Attack","floor":37.0,"gold_loss":0.0,"damage_taken":0.0},{"damage_healed":0.0,"max_hp_gain":0.0,"max_hp_loss":0.0,"gold_gain":0.0,"event_name":"Winding Halls","player_choice":"Embrace Madness","floor":38.0,"gold_loss":0.0,"damage_taken":12.0,"cards_obtained":["Madness","Madness"]},{"damage_healed":0.0,"max_hp_gain":0.0,"max_hp_loss":0.0,"gold_gain":0.0,"event_name":"Mysterious Sphere","player_choice":"Fight","floor":41.0,"gold_loss":0.0,"damage_taken":0.0}],"is_beta":false,"boss_relics":[{"not_picked":["Lizard Tail","Cursed Key"],"picked":"Ectoplasm"},{"not_picked":["Snecko Eye","White Beast Statue"],"picked":"Eternal Feather"}],"items_purged_floors":[19],"is_endless":false,"potions_floor_spawned":[4,6,14,24,31,33,39,46,48],"ascension_level":0}