{"gold_per_floor":[116,134,199,199,274,274,286,31,31,31,31,48,67,77,77,174,174],"floor_reached":17,"playtime":346,"items_purged":[],"score":147,"play_id":"e691f816-86b1-4d1f-96d3-42047f4f1062","local_time":"20191011191148","is_ascension_mode":false,"campfire_choices":[{"data":"Streamline","floor":6,"key":"SMITH"},{"data":"Zap","floor":15,"key":"SMITH"}],"neow_cost":"NONE","seed_source_timestamp":1113822186296900,"circlet_count":0,"master_deck":["Strike_B","Strike_B","Defend_B","Defend_B","Defend_B","Defend_B","Zap+1","Dualcast","BootSequence","Streamline+1","Auto Shields","Capacitor+1","Go for the Eyes","Self Repair+1","Buffer+1","Electrodynamics+1"],"relics":["Cracked Core","Question Card","Frozen Egg 2","Darkstone Periapt","Fusion Hammer"],"potions_floor_usage":[14,16,16],"damage_taken":[{"damage":12,"enemies":"Small Slimes","floor":1,"turns":3},{"damage":0,"enemies":"2 Louse","floor":2,"turns":2},{"damage":1,"enemies":"Jaw Worm","floor":7,"turns":2},{"damage":0,"enemies":"3 Louse","floor":12,"turns":3},{"damage":5,"enemies":"2 Fungi Beasts","floor":13,"turns":3},{"damage":8,"enemies":"Gremlin Gang","floor":14,"turns":3},{"damage":5,"enemies":"Slime Boss","floor":16,"turns":11}],"seed_played":"1196232791789503106","potions_obtained":[{"floor":1,"key":"LiquidBronze"},{"floor":2,"key":"FocusPotion"},{"floor":13,"key":"Explosive Potion"}],"is_trial":false,"path_per_floor":["M","M","?","?","?","R","M","$","T","?","?","M","M","M","R","B",null],"character_chosen":"DEFECT","items_purchased":["Frozen Egg 2"],"campfire_rested":0,"item_purchase_floors":[8],"current_hp_per_floor":[70,70,70,67,56,56,55,55,55,55,55,55,50,52,52,57,82],"gold":174,"neow_bonus":"TEN_PERCENT_HP_BONUS","is_prod":false,"is_daily":false,"chose_seed":false,"campfire_upgraded":2,"win_rate":0,"timestamp":1570813908,"path_taken":["M","M","?","?","?","R","M","?","T","?","?","M","?","M","R","BOSS"],"build_version":"2019-07-17","purchased_purges":0,"victory":false,"max_hp_per_floor":[82,82,82,82,82,82,82,82,82,82,82,82,82,82,82,82,82],"card_choices":[{"not_picked":["Conserve Battery","Skim"],"picked":"BootSequence","floor":1},{"not_picked":["Stack","Coolheaded"],"picked":"Streamline","floor":2},{"not_picked":["Fusion","Beam Cell","Stack"],"picked":"Auto Shields","floor":7},{"not_picked":["Hologram","Stack","Leap"],"picked":"Go for the Eyes","floor":12},{"not_picked":["Turbo","Coolheaded","Sweeping Beam"],"picked":"Self Repair+1","floor":13},{"not_picked":["Fusion","Gash","Glacier"],"picked":"Buffer+1","floor":14},{"not_picked":["Core Surge","Hyperbeam","Machine Learning+1"],"picked":"Electrodynamics+1","floor":16}],"player_experience":458997,"relics_obtained":[{"floor":9,"key":"Darkstone Periapt"}],"event_choices":[{"damage_healed":0,"gold_gain":65,"player_choice":"Gained Gold","damage_taken":0,"max_hp_gain":0,"max_hp_loss":0,"event_name":"Golden Wing","floor":3,"gold_loss":0},{"damage_healed":0,"gold_gain":0,"player_choice":"Success","damage_taken":3,"relics_obtained":["Question Card"],"max_hp_gain":0,"max_hp_loss":0,"event_name":"Scrap Ooze","floor":4,"gold_loss":0},{"damage_healed":0,"gold_gain":75,"player_choice":"Gather Gold","damage_taken":11,"max_hp_gain":0,"max_hp_loss":0,"event_name":"World of Goop","floor":5,"gold_loss":0},{"cards_removed":["Strike_B"],"damage_healed":0,"gold_gain":0,"player_choice":"Forget","damage_taken":0,"max_hp_gain":0,"max_hp_loss":0,"event_name":"Living Wall","floor":10,"gold_loss":0},{"damage_healed":0,"gold_gain":0,"cards_transformed":["Strike_B"],"player_choice":"Transformed","damage_taken":0,"max_hp_gain":0,"max_hp_loss":0,"event_name":"Transmorgrifier","floor":11,"gold_loss":0,"cards_obtained":["Capacitor"]}],"is_beta":false,"boss_relics":[{"not_picked":["Nuclear Battery","Cursed Key"],"picked":"Fusion Hammer"}],"items_purged_floors":[],"is_endless":false,"potions_floor_spawned":[1,2,13],"ascension_level":0}