{"gold_per_floor":[112,128,144,144,3,3,18,31,31,50,65,129,141,231,243,255],"floor_reached":16,"playtime":281,"items_purged":[],"score":94,"play_id":"77a1164c-9fbf-4f47-a094-de344cd2e6a3","local_time":"20190907235447","is_ascension_mode":false,"campfire_choices":[{"data":"Double Tap","floor":6,"key":"SMITH"},{"data":"Searing Blow","floor":13,"key":"SMITH"},{"data":"Searing Blow+1","floor":15,"key":"SMITH"}],"neow_cost":"NONE","seed_source_timestamp":699938510237600,"circlet_count":0,"master_deck":["Strike_R","Strike_R","Strike_R","Strike_R","Strike_R","Defend_R","Defend_R","Defend_R","Defend_R","Bash","Anger","Spot Weakness","Perfected Strike","Double Tap+1","Searing Blow+2","Reaper","Feed"],"relics":["Burning Blood","GremlinMask","Blue Candle","MawBank"],"potions_floor_usage":[0,11,12,12],"damage_taken":[{"damage":10,"enemies":"Small Slimes","floor":1,"turns":3},{"damage":6,"enemies":"Cultist","floor":2,"turns":3},{"damage":11,"enemies":"Jaw Worm","floor":3,"turns":2},{"damage":17,"enemies":"3 Louse","floor":7,"turns":3},{"damage":24,"enemies":"Blue Slaver","floor":8,"turns":3},{"damage":22,"enemies":"Exordium Thugs","floor":10,"turns":4},{"damage":0,"enemies":"Exordium Wildlife","floor":11,"turns":2},{"damage":14,"enemies":"Lagavulin Event","floor":12,"turns":3},{"damage":40,"enemies":"Hexaghost","floor":16,"turns":4}],"seed_played":"5069104353715131585","potions_obtained":[{"floor":0,"key":"EssenceOfSteel"},{"floor":0,"key":"Energy Potion"},{"floor":0,"key":"Fruit Juice"},{"floor":2,"key":"FearPotion"},{"floor":7,"key":"Energy Potion"},{"floor":11,"key":"SpeedPotion"}],"is_trial":false,"path_per_floor":["M","M","M","?","$","R","M","M","T","M","M","?","R","?","R","B"],"character_chosen":"IRONCLAD","items_purchased":["Double Tap"],"campfire_rested":0,"item_purchase_floors":[5],"current_hp_per_floor":[81,81,76,76,76,76,65,47,47,38,44,36,36,36,36,0],"gold":255,"neow_bonus":"THREE_SMALL_POTIONS","is_prod":false,"is_daily":false,"chose_seed":false,"campfire_upgraded":3,"win_rate":0,"timestamp":1567893287,"path_taken":["M","M","M","?","?","R","M","M","T","M","?","?","R","?","R","BOSS"],"build_version":"2019-07-17","purchased_purges":0,"victory":false,"max_hp_per_floor":[85,85,85,85,85,85,85,85,85,85,85,85,85,85,85,85],"card_choices":[{"not_picked":["Pommel Strike","Corruption"],"picked":"Anger","floor":1},{"not_picked":["Armaments","Rampage"],"picked":"Spot Weakness","floor":2},{"not_picked":["Reckless Charge","Iron Wave"],"picked":"Perfected Strike","floor":3},{"not_picked":["Perfected Strike","Uppercut"],"picked":"Searing Blow","floor":7},{"not_picked":["Warcry","Heavy Blade"],"picked":"Reaper","floor":8},{"not_picked":["Iron Wave","True Grit","Headbutt"],"picked":"SKIP","floor":10},{"not_picked":["Sword Boomerang","Iron Wave"],"picked":"Feed","floor":11}],"player_experience":223525,"relics_obtained":[{"floor":9,"key":"Blue Candle"},{"floor":12,"key":"MawBank"}],"event_choices":[{"damage_healed":0,"gold_gain":0,"player_choice":"Trade","damage_taken":0,"relics_obtained":["GremlinMask"],"max_hp_gain":0,"max_hp_loss":0,"event_name":"FaceTrader","floor":4,"gold_loss":0},{"damage_healed":0,"gold_gain":30,"player_choice":"Searched \u00273\u0027 times","damage_taken":0,"max_hp_gain":0,"max_hp_loss":0,"event_name":"Dead Adventurer","floor":12,"gold_loss":0},{"damage_healed":0,"gold_gain":78,"player_choice":"Gained Gold","damage_taken":0,"max_hp_gain":0,"max_hp_loss":0,"event_name":"Golden Wing","floor":14,"gold_loss":0}],"is_beta":false,"boss_relics":[],"items_purged_floors":[],"is_endless":false,"potions_floor_spawned":[2,7,11],"killed_by":"Hexaghost","ascension_level":0}