{"gold_per_floor":[112,131,141,316,334,334,359,359,359,359],"floor_reached":10,"playtime":343,"items_purged":[],"score":68,"play_id":"95569465-510f-4329-8e67-4ce61699586b","local_time":"20190728223237","is_ascension_mode":false,"campfire_choices":[{"data":"Forethought","floor":6,"key":"SMITH"}],"neow_cost":"NONE","seed_source_timestamp":1024997410793523,"circlet_count":0,"master_deck":["Strike_R","Strike_R","Strike_R","Strike_R","Strike_R","Defend_R","Defend_R","Defend_R","Defend_R","Bash","Forethought+1","Wild Strike","Flame Barrier","Anger","Doubt","Headbutt","Fiend Fire+1"],"relics":["Burning Blood","Art of War"],"potions_floor_usage":[7],"damage_taken":[{"damage":1,"enemies":"Jaw Worm","floor":1,"turns":3},{"damage":0,"enemies":"Small Slimes","floor":2,"turns":3},{"damage":1,"enemies":"2 Louse","floor":3,"turns":3},{"damage":22,"enemies":"Exordium Wildlife","floor":5,"turns":6},{"damage":79,"enemies":"Gremlin Nob","floor":7,"turns":7},{"damage":11,"enemies":"Large Slime","floor":10,"turns":1}],"seed_played":"-9208824690262690823","potions_obtained":[{"floor":5,"key":"BloodPotion"},{"floor":7,"key":"Ancient Potion"}],"is_trial":false,"path_per_floor":["M","M","M","?","M","R","E","?","T","M"],"character_chosen":"IRONCLAD","items_purchased":[],"campfire_rested":0,"item_purchase_floors":[],"current_hp_per_floor":[80,80,80,80,64,64,11,11,11,0],"gold":359,"neow_bonus":"RANDOM_COLORLESS","is_prod":false,"is_daily":false,"chose_seed":false,"campfire_upgraded":1,"win_rate":0,"timestamp":1564345957,"path_taken":["M","M","M","?","M","R","E","?","T","M"],"build_version":"2019-07-17","purchased_purges":0,"victory":false,"max_hp_per_floor":[80,80,80,80,80,80,80,80,80,80],"card_choices":[{"not_picked":["Iron Wave","Thunderclap"],"picked":"Wild Strike","floor":1},{"not_picked":["Disarm","Intimidate"],"picked":"Flame Barrier","floor":2},{"not_picked":["Flex","Clash"],"picked":"Anger","floor":3},{"not_picked":["Cleave","Body Slam"],"picked":"Headbutt","floor":5},{"not_picked":["Blood for Blood","Iron Wave"],"picked":"Fiend Fire","floor":7}],"player_experience":124683,"relics_obtained":[{"floor":7,"key":"Art of War"}],"event_choices":[{"damage_healed":0,"gold_gain":175,"player_choice":"AGREE","damage_taken":0,"max_hp_gain":0,"max_hp_loss":0,"event_name":"Liars Game","floor":4,"gold_loss":0,"cards_obtained":["Doubt"]},{"damage_healed":0,"gold_gain":0,"player_choice":"Grow","damage_taken":0,"max_hp_gain":0,"max_hp_loss":0,"event_name":"Living Wall","floor":8,"gold_loss":0,"cards_upgraded":["Fiend Fire"]}],"is_beta":false,"boss_relics":[],"items_purged_floors":[],"is_endless":false,"potions_floor_spawned":[5,7],"killed_by":"Large Slime","ascension_level":0}