{"gold_per_floor":[114,133,143,155,167,197,197,197,244,278,278,290,71,90,90,189,189,204,304,304,14,14,49,63,90,114,132,132,145,145,165,165,266,266,281,30,30,46,46,46],"floor_reached":40,"playtime":3939,"items_purged":["Regret","Strike_R","Headbutt"],"score":488,"play_id":"6ecd05ef-1b04-450b-8495-94f048ca4df5","local_time":"20190711215430","is_ascension_mode":false,"campfire_choices":[{"data":"Combust","floor":8,"key":"SMITH"},{"floor":15,"key":"REST"},{"floor":28,"key":"REST"},{"floor":30,"key":"REST"},{"floor":32,"key":"REST"}],"neow_cost":"NONE","seed_source_timestamp":29599008250056,"circlet_count":0,"master_deck":["Strike_R+1","Strike_R+1","Strike_R","Strike_R","Defend_R","Defend_R","Defend_R","Defend_R","Bash","Combust+1","Sentinel","Combust","Sentinel","Flame Barrier","Reaper","Shockwave","Second Wind","Feel No Pain","True Grit","Pommel Strike","Rampage","Armaments+1","Juggernaut","True Grit","Offering","Armaments","Impervious","Clothesline","Sentinel+1","Sentinel","Power Through","Impervious","Armaments+1","Dark Embrace","Juggernaut","True Grit+1","Rupture","Madness","Blind","Rage","Shrug It Off","Bloodletting"],"relics":["Burning Blood","Juzu Bracelet","Dodecahedron","Lantern","Dream Catcher","Runic Cube","Pantograph","Red Skull","Anchor","Mark of Pain"],"potions_floor_usage":[6,10,16,16,25,25,38,40],"damage_taken":[{"damage":8,"enemies":"Jaw Worm","floor":1,"turns":5},{"damage":4,"enemies":"Small Slimes","floor":2,"turns":4},{"damage":10,"enemies":"Cultist","floor":3,"turns":3},{"damage":9,"enemies":"Red Slaver","floor":4,"turns":4},{"damage":16,"enemies":"2 Fungi Beasts","floor":5,"turns":2},{"damage":17,"enemies":"3 Sentries","floor":6,"turns":5},{"damage":10,"enemies":"Gremlin Nob","floor":10,"turns":3},{"damage":14,"enemies":"Blue Slaver","floor":12,"turns":4},{"damage":13,"enemies":"Large Slime","floor":14,"turns":5},{"damage":43,"enemies":"Slime Boss","floor":16,"turns":7},{"damage":13,"enemies":"3 Byrds","floor":18,"turns":4},{"damage":19,"enemies":"Book of Stabbing","floor":23,"turns":5},{"damage":16,"enemies":"2 Thieves","floor":24,"turns":4},{"damage":60,"enemies":"Gremlin Leader","floor":25,"turns":8},{"damage":16,"enemies":"Snake Plant","floor":27,"turns":4},{"damage":28,"enemies":"Shelled Parasite and Fungi","floor":29,"turns":5},{"damage":21,"enemies":"Centurion and Healer","floor":31,"turns":8},{"damage":75,"enemies":"Collector","floor":33,"turns":11},{"damage":18,"enemies":"3 Darklings","floor":35,"turns":6},{"damage":13,"enemies":"Orb Walker","floor":38,"turns":6},{"damage":72,"enemies":"Reptomancer","floor":40,"turns":4}],"seed_played":"-2256658452961909584","potions_obtained":[{"floor":1,"key":"Regen Potion"},{"floor":4,"key":"PowerPotion"},{"floor":6,"key":"Energy Potion"},{"floor":12,"key":"SkillPotion"},{"floor":16,"key":"BloodPotion"},{"floor":23,"key":"Energy Potion"},{"floor":24,"key":"Strength Potion"},{"floor":27,"key":"FairyPotion"},{"floor":33,"key":"AttackPotion"}],"is_trial":false,"path_per_floor":["M","M","M","M","M","E","?","R","T","E","?","M","$","M","R","B",null,"M","?","?","$","?","E","M","E","T","M","R","M","R","M","R","B",null,"M","$","?","M","?","E"],"character_chosen":"IRONCLAD","items_purchased":["Feel No Pain","True Grit","Pommel Strike","Offering","Armaments","Rupture","PowerPotion"],"campfire_rested":4,"item_purchase_floors":[13,13,13,21,21,36,36],"current_hp_per_floor":[78,80,76,73,63,66,66,66,66,68,52,48,48,45,69,36,80,80,80,80,80,80,67,57,28,28,18,42,20,44,29,53,15,80,68,68,63,56,56,0],"gold":46,"neow_bonus":"THREE_CARDS","is_prod":false,"is_daily":false,"chose_seed":false,"campfire_upgraded":1,"win_rate":0,"timestamp":1562874870,"path_taken":["M","M","M","M","M","E","?","R","T","E","?","M","$","M","R","BOSS","M","?","?","?","?","E","M","E","T","M","R","M","R","M","R","BOSS","M","$","?","M","?","E"],"build_version":"2019-07-05","purchased_purges":3,"victory":false,"max_hp_per_floor":[80,80,80,80,80,80,80,80,80,80,80,80,80,80,80,80,80,80,80,80,80,80,80,80,80,80,80,80,80,80,80,80,80,80,80,80,80,80,80,80],"card_choices":[{"not_picked":["Warcry","Flex"],"picked":"Combust","floor":0},{"not_picked":["Sword Boomerang","Perfected Strike"],"picked":"Sentinel","floor":1},{"not_picked":["Clash","Headbutt"],"picked":"Combust","floor":2},{"not_picked":["Twin Strike","Wild Strike"],"picked":"Headbutt","floor":3},{"not_picked":["Body Slam","Warcry"],"picked":"Sentinel","floor":4},{"not_picked":["Combust","Body Slam"],"picked":"Flame Barrier","floor":5},{"not_picked":["Intimidate","Perfected Strike"],"picked":"Reaper","floor":6},{"not_picked":["Cleave","Body Slam"],"picked":"Shockwave","floor":10},{"not_picked":["Ghostly Armor","Battle Trance"],"picked":"Second Wind","floor":12},{"not_picked":["Corruption","Intimidate"],"picked":"Rampage","floor":14},{"not_picked":["Clash","Power Through"],"picked":"Armaments","floor":15},{"not_picked":["Feed","Reaper"],"picked":"Juggernaut","floor":16},{"not_picked":["Clothesline+1","Corruption+1"],"picked":"True Grit","floor":18},{"not_picked":["Thunderclap","Perfected Strike"],"picked":"Impervious","floor":23},{"not_picked":["Sword Boomerang","Bludgeon"],"picked":"Clothesline","floor":24},{"not_picked":["Berserk","Pommel Strike"],"picked":"Sentinel+1","floor":25},{"not_picked":["Flex","Hemokinesis"],"picked":"Sentinel","floor":27},{"not_picked":["Sword Boomerang","Clothesline"],"picked":"Power Through","floor":28},{"not_picked":["Havoc","Perfected Strike"],"picked":"Impervious","floor":29},{"not_picked":["True Grit","Thunderclap"],"picked":"Armaments+1","floor":30},{"not_picked":["Armaments","Iron Wave"],"picked":"Dark Embrace","floor":31},{"not_picked":["Bludgeon","Feed"],"picked":"Juggernaut","floor":33},{"not_picked":["Headbutt","Hemokinesis+1"],"picked":"True Grit+1","floor":35},{"not_picked":["Secret Weapon","Transmutation"],"picked":"Madness","floor":37},{"not_picked":["PanicButton","Impatience"],"picked":"Blind","floor":37},{"not_picked":["Sever Soul+1","Corruption+1"],"picked":"Rage","floor":38}],"player_experience":34307,"relics_obtained":[{"floor":6,"key":"Juzu Bracelet"},{"floor":9,"key":"Lantern"},{"floor":10,"key":"Dream Catcher"},{"floor":23,"key":"Pantograph"},{"floor":25,"key":"Red Skull"},{"floor":26,"key":"Anchor"}],"event_choices":[{"damage_healed":0,"gold_gain":0,"player_choice":"Box","damage_taken":0,"relics_obtained":["Dodecahedron"],"max_hp_gain":0,"max_hp_loss":0,"event_name":"Big Fish","floor":7,"gold_loss":0,"cards_obtained":["Regret"]},{"damage_healed":0,"gold_gain":0,"player_choice":"Entered Light","damage_taken":16,"max_hp_gain":0,"max_hp_loss":0,"event_name":"Shining Light","floor":11,"gold_loss":0,"cards_upgraded":["Strike_R","Strike_R"]},{"damage_healed":0,"gold_gain":100,"player_choice":"Pray","damage_taken":0,"max_hp_gain":0,"max_hp_loss":0,"event_name":"Golden Shrine","floor":19,"gold_loss":0},{"damage_healed":0,"gold_gain":0,"player_choice":"Upgraded","damage_taken":0,"max_hp_gain":0,"max_hp_loss":0,"event_name":"Upgrade Shrine","floor":20,"gold_loss":0,"cards_upgraded":["Armaments"]},{"damage_healed":0,"gold_gain":0,"player_choice":"Ignored","damage_taken":0,"max_hp_gain":0,"max_hp_loss":0,"event_name":"Vampires","floor":22,"gold_loss":0},{"damage_healed":0,"gold_gain":0,"player_choice":"Memory 2","damage_taken":5,"max_hp_gain":0,"max_hp_loss":0,"event_name":"SensoryStone","floor":37,"gold_loss":0},{"damage_healed":0,"gold_gain":0,"player_choice":"2 cards matched","damage_taken":0,"max_hp_gain":0,"max_hp_loss":0,"event_name":"Match and Keep!","floor":39,"gold_loss":0,"cards_obtained":["Shrug It Off","Bloodletting"]}],"is_beta":false,"boss_relics":[{"not_picked":["Calling Bell","Eternal Feather"],"picked":"Runic Cube"},{"not_picked":["Black Blood","White Beast Statue"],"picked":"Mark of Pain"}],"items_purged_floors":[13,21,36],"is_endless":false,"potions_floor_spawned":[1,4,6,12,16,23,24,27,33],"killed_by":"Reptomancer","ascension_level":0}