{"gold_per_floor":[213,388,415,21,36,36,65,65,121,148,148,162,182,196,196,295,295,306,320,320,337,337],"floor_reached":22,"playtime":1146,"items_purged":["Doubt"],"score":225,"play_id":"1e0cd8d7-dde0-4916-8dd9-ae315595461b","local_time":"20190914112055","is_ascension_mode":true,"campfire_choices":[{"data":"Sunder","floor":6,"key":"SMITH"},{"data":"Zap","floor":8,"key":"SMITH"},{"floor":11,"key":"REST"},{"data":"Static Discharge","floor":15,"key":"SMITH"}],"neow_cost":"NONE","seed_source_timestamp":2823750655506500,"circlet_count":0,"master_deck":["Strike_B","Strike_B","Defend_B","Defend_B","Defend_B","Defend_B","Zap+1","Dualcast","Self Repair","Heatsinks","Sunder+1","Steam","Genetic Algorithm","Recycle","Loop","Static Discharge+1","Sweeping Beam","Amplify","Static Discharge","FTL","Double Energy"],"relics":["Cracked Core","Smiling Mask","Runic Capacitor","Centennial Puzzle","Tiny Chest","Bag of Marbles","Empty Cage"],"potions_floor_usage":[5,21,21,22],"damage_taken":[{"damage":7,"enemies":"Small Slimes","floor":1,"turns":3},{"damage":2,"enemies":"Jaw Worm","floor":5,"turns":6},{"damage":19,"enemies":"Lagavulin","floor":7,"turns":6},{"damage":39,"enemies":"3 Sentries","floor":10,"turns":9},{"damage":6,"enemies":"Cultist","floor":12,"turns":3},{"damage":2,"enemies":"Looter","floor":13,"turns":3},{"damage":2,"enemies":"3 Louse","floor":14,"turns":4},{"damage":60,"enemies":"Slime Boss","floor":16,"turns":8},{"damage":18,"enemies":"Shell Parasite","floor":18,"turns":5},{"damage":35,"enemies":"2 Thieves","floor":19,"turns":3},{"damage":20,"enemies":"3 Cultists","floor":21,"turns":4},{"damage":24,"enemies":"Sentry and Sphere","floor":22,"turns":4}],"seed_played":"5133021129700113571","potions_obtained":[{"floor":1,"key":"Swift Potion"},{"floor":12,"key":"FearPotion"},{"floor":13,"key":"SteroidPotion"},{"floor":16,"key":"Fire Potion"},{"floor":19,"key":"Block Potion"},{"floor":20,"key":"Energy Potion"}],"is_trial":false,"path_per_floor":["M","?","T","$","M","R","E","R","T","E","R","M","M","M","R","B",null,"M","M","?","M","M"],"character_chosen":"DEFECT","items_purchased":["Heatsinks","Runic Capacitor","Sunder"],"campfire_rested":1,"item_purchase_floors":[4,4,4],"current_hp_per_floor":[68,68,68,68,73,73,61,61,61,29,51,52,57,62,62,9,75,64,36,36,23,0],"gold":337,"neow_bonus":"HUNDRED_GOLD","is_prod":false,"is_daily":false,"chose_seed":false,"campfire_upgraded":3,"win_rate":0,"timestamp":1568452855,"path_taken":["M","?","?","$","?","R","E","R","T","E","R","M","M","M","R","BOSS","M","M","?","?","M"],"build_version":"2019-07-17","purchased_purges":1,"victory":false,"max_hp_per_floor":[75,75,75,75,75,75,75,75,75,75,75,75,75,75,75,75,75,75,75,75,75,75],"card_choices":[{"not_picked":["Rip and Tear","Ball Lightning"],"picked":"Self Repair","floor":1},{"not_picked":["Rebound","Steam Power"],"picked":"Steam","floor":5},{"not_picked":["Gash","Stack"],"picked":"Genetic Algorithm","floor":7},{"not_picked":["Rebound","Conserve Battery"],"picked":"Recycle","floor":10},{"not_picked":["Go for the Eyes","Streamline"],"picked":"Loop","floor":12},{"not_picked":["Capacitor","Melter"],"picked":"Static Discharge","floor":13},{"not_picked":["Streamline","Blizzard"],"picked":"Sweeping Beam","floor":14},{"not_picked":["Machine Learning","Seek"],"picked":"Amplify","floor":16},{"not_picked":["Consume","Gash"],"picked":"Static Discharge","floor":18},{"not_picked":["Glacier","Rebound"],"picked":"FTL","floor":19},{"not_picked":["Lockon","Coolheaded"],"picked":"Double Energy","floor":21}],"player_experience":190358,"relics_obtained":[{"floor":3,"key":"Smiling Mask"},{"floor":7,"key":"Centennial Puzzle"},{"floor":9,"key":"Tiny Chest"},{"floor":10,"key":"Bag of Marbles"}],"event_choices":[{"damage_healed":0,"gold_gain":175,"player_choice":"AGREE","damage_taken":0,"max_hp_gain":0,"max_hp_loss":0,"event_name":"Liars Game","floor":2,"gold_loss":0,"cards_obtained":["Doubt"]},{"damage_healed":0,"gold_gain":0,"player_choice":"Got Potions","damage_taken":0,"max_hp_gain":0,"max_hp_loss":0,"event_name":"Lab","floor":20,"gold_loss":0}],"is_beta":false,"boss_relics":[{"not_picked":["White Beast Statue","Lizard Tail"],"picked":"Empty Cage"}],"items_purged_floors":[4],"is_endless":false,"potions_floor_spawned":[1,12,13,16,19],"killed_by":"Sentry and Sphere","ascension_level":3}