{"gold_per_floor":[114,114,129,129,129,159,189,204,254,284,11,11,41,56,56,156,156,171,186,214,229,229,229,259,274,274,304,304,304,304,27,27,127,127,142,142,18,18,33,33,33,63,63,63,103,103,103,133,133,133],"floor_reached":51,"playtime":4346,"items_purged":["Writhe"],"score":964,"play_id":"0dba12e3-f8b3-4dfc-adab-81756f79eb66","local_time":"20190904100226","daily_mods":["SealedDeck","Flight","Night Terrors"],"is_ascension_mode":false,"campfire_choices":[{"floor":12.0,"key":"DIG"},{"floor":15.0,"key":"DIG"},{"floor":23.0,"key":"DIG"},{"floor":29,"key":"DIG"},{"floor":30,"key":"DIG"},{"floor":32,"key":"DIG"},{"floor":40,"key":"DIG"},{"floor":41,"key":"DIG"},{"floor":44,"key":"DIG"},{"floor":46,"key":"DIG"},{"floor":49,"key":"DIG"}],"neow_cost":"","seed_source_timestamp":0,"circlet_count":0,"master_deck":["Deflect","Blade Dance+1","Flying Knee","All Out Attack","Slice","All Out Attack","Dagger Spray+1","Deadly Poison","Dagger Spray","Poisoned Stab","Poisoned Stab+1","Prepared+1","Blade Dance+1","Dodge and Roll+1","Sucker Punch","Leg Sweep+1","Deadly Poison+1","Bane","Venomology+1","Blur+1","Dodge and Roll+1","Deflect+1","Sucker Punch+1","Dash+1","After Image","Poisoned Stab+1","Cloak And Dagger+1","Accuracy","Malaise+1","Parasite","Deadly Poison+1","Deflect+1","Caltrops+1","Dagger Throw","Accuracy+1","Cloak And Dagger+1","Storm of Steel+1","Cloak And Dagger+1","Writhe","Terror+1"],"special_seed":18143,"relics":["Ring of the Snake","Gremlin Horn","Toxic Egg 2","Smiling Mask","Bag of Marbles","Shovel","Sling","Kunai","Meat on the Bone","Blue Candle","Runic Pyramid","Red Mask","Anchor","Prayer Wheel","Bronze Scales","Ice Cream","Matryoshka","Pear","Whetstone","TwistedFunnel","Paper Crane","Calling Bell","Pen Nib","Frozen Egg 2","Du-Vu Doll","Spirit Poop","Ninja Scroll","The Courier","Ancient Tea Set","PreservedInsect","Pantograph","Vajra","StoneCalendar","Darkstone Periapt","Bird Faced Urn","Letter Opener"],"potions_floor_usage":[27,33,42,45,50,50,50],"damage_taken":[{"damage":0.0,"enemies":"2 Louse","floor":1.0,"turns":1.0},{"damage":0.0,"enemies":"Small Slimes","floor":3.0,"turns":1.0},{"damage":9.0,"enemies":"3 Sentries","floor":6.0,"turns":2.0},{"damage":3.0,"enemies":"Gremlin Nob","floor":7.0,"turns":3.0},{"damage":7.0,"enemies":"Jaw Worm","floor":8.0,"turns":2.0},{"damage":0.0,"enemies":"3 Sentries","floor":10.0,"turns":3.0},{"damage":1.0,"enemies":"Lagavulin","floor":13.0,"turns":3.0},{"damage":7.0,"enemies":"Red Slaver","floor":14.0,"turns":2.0},{"damage":39.0,"enemies":"The Guardian","floor":16.0,"turns":7.0},{"damage":0.0,"enemies":"Spheric Guardian","floor":18.0,"turns":3.0},{"damage":0.0,"enemies":"3 Byrds","floor":19.0,"turns":2.0},{"damage":0.0,"enemies":"Masked Bandits","floor":20.0,"turns":4.0},{"damage":2.0,"enemies":"Snake Plant","floor":21.0,"turns":5.0},{"damage":0.0,"enemies":"Book of Stabbing","floor":24.0,"turns":5.0},{"damage":0.0,"enemies":"Snecko","floor":25.0,"turns":6.0},{"damage":0,"enemies":"Gremlin Leader","floor":27,"turns":7},{"damage":22,"enemies":"Champ","floor":33,"turns":11},{"damage":3,"enemies":"3 Shapes","floor":35,"turns":3},{"damage":0,"enemies":"Orb Walker","floor":39,"turns":3},{"damage":0,"enemies":"Giant Head","floor":42,"turns":8},{"damage":0,"enemies":"2 Orb Walkers","floor":45,"turns":3},{"damage":0,"enemies":"Reptomancer","floor":48,"turns":1},{"damage":19,"enemies":"Donu and Deca","floor":50,"turns":6}],"seed_played":"3306822735108167165","potions_obtained":[{"floor":7.0,"key":"Block Potion"},{"floor":8.0,"key":"Regen Potion"},{"floor":14.0,"key":"LiquidBronze"},{"floor":16.0,"key":"Fruit Juice"},{"floor":19.0,"key":"Poison Potion"},{"floor":21.0,"key":"Regen Potion"},{"floor":25.0,"key":"Regen Potion"},{"floor":35,"key":"Explosive Potion"},{"floor":39,"key":"Regen Potion"},{"floor":45,"key":"Fruit Juice"}],"is_trial":false,"path_per_floor":["M","?","M","?","T","E","E","M","T","E","$","R","E","M","R","B",null,"M","M","?","M","?","R","E","M","T","E","T","R","R","$","R","B",null,"M","?","$","?","M","R","R","E","T","R","?","R","?","E","R","B",null],"character_chosen":"THE_SILENT","items_purchased":["Sling","Leg Sweep+1","TwistedFunnel","Accuracy","Caltrops+1"],"campfire_rested":0,"item_purchase_floors":[11,11,31,31,37],"current_hp_per_floor":[70,75,75,75,75,66,63,56,56,61,61,61,60,53,53,26,80,80,80,80,78,63,63,75,75,75,85,85,95,95,95,95,73,95,92,92,92,92,92,92,92,92,92,92,97,97,106,106,106,93],"gold":133,"neow_bonus":"","is_prod":false,"is_daily":true,"chose_seed":false,"campfire_upgraded":0,"win_rate":0,"timestamp":1567584146,"path_taken":["M","?","M","?","?","E","E","M","T","E","$","R","E","?","R","BOSS","M","M","?","M","?","R","E","M","T","E","?","R","R","$","R","BOSS","M","?","?","?","?","R","R","E","T","R","?","R","?","E","R","BOSS"],"build_version":"2019-07-17","purchased_purges":1,"victory":true,"max_hp_per_floor":[70,75,75,75,75,75,75,75,75,75,75,75,75,75,75,75,80,80,80,80,80,85,85,85,85,85,85,85,95,95,95,95,95,95,95,95,95,95,95,95,95,95,95,95,100,100,106,106,106,106],"card_choices":[{"not_picked":["Acrobatics","Quick Slash"],"picked":"Poisoned Stab","floor":1.0},{"not_picked":["Eviscerate","Deadly Poison"],"picked":"Poisoned Stab","floor":3.0},{"not_picked":["Deadly Poison","Bane"],"picked":"Prepared","floor":6.0},{"not_picked":["Heel Hook","Riddle With Holes"],"picked":"Blade Dance+1","floor":7.0},{"not_picked":["Finisher","Riddle With Holes"],"picked":"Dodge and Roll+1","floor":8.0},{"not_picked":["Burst+1","Reflex+1"],"picked":"Sucker Punch","floor":10.0},{"not_picked":["Night Terror+1","Flechettes"],"picked":"Deadly Poison+1","floor":13.0},{"not_picked":["All Out Attack","Skewer"],"picked":"Bane","floor":14.0},{"not_picked":["Wraith Form v2","Tools of the Trade"],"picked":"Venomology+1","floor":16.0},{"not_picked":["Outmaneuver+1","All Out Attack"],"picked":"Blur+1","floor":18.0},{"not_picked":["Underhanded Strike+1","Flechettes"],"picked":"Dodge and Roll+1","floor":19.0},{"not_picked":["All Out Attack","Concentrate+1"],"picked":"Deflect+1","floor":20.0},{"not_picked":["Dagger Spray","Prepared+1"],"picked":"Sucker Punch+1","floor":21.0},{"not_picked":["Setup+1","Blade Dance+1"],"picked":"Dash+1","floor":24.0},{"not_picked":["PiercingWail+1","Predator"],"picked":"After Image","floor":25.0},{"not_picked":["All Out Attack","Underhanded Strike+1"],"picked":"Poisoned Stab+1","floor":25.0},{"not_picked":["Escape Plan+1","Backstab"],"picked":"Cloak And Dagger+1","floor":27},{"not_picked":["Night Terror+1","Corpse Explosion+1"],"picked":"Malaise+1","floor":33},{"not_picked":["Leg Sweep+1","Quick Slash+1"],"picked":"Deadly Poison+1","floor":35},{"not_picked":["Dodge and Roll+1","Choke+1"],"picked":"Deflect+1","floor":35},{"not_picked":["Outmaneuver+1","Dagger Throw"],"picked":"Accuracy+1","floor":39},{"not_picked":["Slice","Expertise+1"],"picked":"Cloak And Dagger+1","floor":39},{"not_picked":["Sucker Punch+1","PiercingWail+1"],"picked":"Storm of Steel+1","floor":42},{"not_picked":["Dodge and Roll+1","Deadly Poison+1"],"picked":"Cloak And Dagger+1","floor":45},{"not_picked":["Acrobatics+1","Dodge and Roll+1"],"picked":"Terror+1","floor":48}],"player_experience":68471,"relics_obtained":[{"floor":5.0,"key":"Gremlin Horn"},{"floor":6.0,"key":"Toxic Egg 2"},{"floor":7.0,"key":"Smiling Mask"},{"floor":9.0,"key":"Bag of Marbles"},{"floor":10.0,"key":"Shovel"},{"floor":12.0,"key":"Kunai"},{"floor":13.0,"key":"Meat on the Bone"},{"floor":15.0,"key":"Blue Candle"},{"floor":20.0,"key":"Red Mask"},{"floor":23.0,"key":"Anchor"},{"floor":24.0,"key":"Prayer Wheel"},{"floor":26,"key":"Bronze Scales"},{"floor":27,"key":"Ice Cream"},{"floor":28,"key":"Matryoshka"},{"floor":29,"key":"Pear"},{"floor":30,"key":"Whetstone"},{"floor":32,"key":"Paper Crane"},{"floor":34,"key":"Pen Nib"},{"floor":34,"key":"Frozen Egg 2"},{"floor":34,"key":"Du-Vu Doll"},{"floor":40,"key":"Ninja Scroll"},{"floor":41,"key":"The Courier"},{"floor":42,"key":"Ancient Tea Set"},{"floor":43,"key":"PreservedInsect"},{"floor":43,"key":"Pantograph"},{"floor":44,"key":"Vajra"},{"floor":45,"key":"StoneCalendar"},{"floor":46,"key":"Darkstone Periapt"},{"floor":48,"key":"Bird Faced Urn"},{"floor":49,"key":"Letter Opener"}],"event_choices":[{"damage_healed":0.0,"max_hp_gain":5.0,"max_hp_loss":0.0,"gold_gain":0.0,"event_name":"Big Fish","player_choice":"Donut","floor":2.0,"gold_loss":0.0,"damage_taken":0.0},{"damage_healed":0.0,"max_hp_gain":0.0,"max_hp_loss":0.0,"gold_gain":0.0,"event_name":"Living Wall","player_choice":"Grow","floor":4.0,"gold_loss":0.0,"damage_taken":0.0,"cards_upgraded":["Blade Dance"]},{"damage_healed":0.0,"max_hp_gain":0.0,"max_hp_loss":0.0,"gold_gain":0.0,"event_name":"Masked Bandits","player_choice":"Fought Bandits","floor":20.0,"gold_loss":0.0,"damage_taken":0.0},{"damage_healed":0.0,"max_hp_gain":5.0,"max_hp_loss":0.0,"gold_gain":0.0,"event_name":"Forgotten Altar","player_choice":"Shed Blood","floor":22.0,"gold_loss":0.0,"damage_taken":20.0},{"cards_removed":["Pain"],"damage_healed":0,"gold_gain":0,"player_choice":"Offered Curse","damage_taken":0,"relics_obtained":["Spirit Poop"],"max_hp_gain":0,"max_hp_loss":0,"event_name":"Bonfire Elementals","floor":36,"gold_loss":0},{"damage_healed":0,"gold_gain":0,"cards_transformed":["Backflip"],"player_choice":"Transformed","damage_taken":0,"max_hp_gain":0,"max_hp_loss":0,"event_name":"Transmorgrifier","floor":38,"gold_loss":0,"cards_obtained":["Dagger Throw"]},{"damage_healed":0,"gold_gain":0,"player_choice":"Fight","damage_taken":0,"max_hp_gain":0,"max_hp_loss":0,"event_name":"Mysterious Sphere","floor":45,"gold_loss":0},{"damage_healed":25,"gold_gain":0,"player_choice":"Writhe","damage_taken":0,"max_hp_gain":0,"max_hp_loss":0,"event_name":"Winding Halls","floor":47,"gold_loss":0,"cards_obtained":["Writhe"]}],"is_beta":false,"boss_relics":[{"not_picked":["Ring of the Serpent","Sozu"],"picked":"Runic Pyramid"},{"not_picked":["HoveringKite","Cursed Key"],"picked":"Calling Bell"}],"items_purged_floors":[37],"is_endless":false,"potions_floor_spawned":[7,8,14,16,19,21,25,33,35,39,45],"ascension_level":0}