{"gold_per_floor":[114,114,129,129,140,467,467,486,486,68,68,99,99,128,128,229,229,270,195,222,232,232,232],"floor_reached":23,"playtime":1612,"items_purged":["Strike_R"],"score":248,"play_id":"bd3deacf-3bf9-4e32-b192-0c8a01499d90","local_time":"20190909192913","is_ascension_mode":true,"campfire_choices":[{"data":"Armaments","floor":7.0,"key":"SMITH"},{"data":"Transmutation","floor":11.0,"key":"SMITH"},{"data":"Metallicize","floor":13.0,"key":"SMITH"},{"floor":15.0,"key":"REST"}],"neow_cost":"NONE","seed_source_timestamp":0,"circlet_count":0,"master_deck":["Strike_R","Strike_R","Strike_R","Defend_R","Defend_R","Defend_R","Defend_R+1","Bash","True Grit+1","Cleave","Armaments+1","Havoc","Metallicize+1","Purity","Transmutation+1","Exhume","Thunderclap","Impervious","Sword Boomerang+1","Metallicize","Flex+1"],"special_seed":0,"relics":["Burning Blood","Pantograph","Old Coin","Dead Branch","Membership Card","Meat on the Bone","Bag of Marbles","Black Star","Red Mask","Nilry\u0027s Codex"],"potions_floor_usage":[],"damage_taken":[{"damage":7.0,"enemies":"2 Louse","floor":1.0,"turns":2.0},{"damage":1.0,"enemies":"Cultist","floor":3.0,"turns":3.0},{"damage":0.0,"enemies":"Small Slimes","floor":5.0,"turns":3.0},{"damage":28.0,"enemies":"3 Sentries","floor":6.0,"turns":8.0},{"damage":2.0,"enemies":"Looter","floor":8.0,"turns":4.0},{"damage":10.0,"enemies":"Lagavulin","floor":12.0,"turns":7.0},{"damage":38.0,"enemies":"Gremlin Nob","floor":14.0,"turns":6.0},{"damage":37.0,"enemies":"Hexaghost","floor":16.0,"turns":9.0},{"damage":15.0,"enemies":"3 Byrds","floor":18.0,"turns":5.0},{"damage":60.0,"enemies":"Masked Bandits","floor":20.0,"turns":6.0},{"damage":36,"enemies":"Shell Parasite","floor":21,"turns":6},{"damage":6,"enemies":"Book of Stabbing","floor":23,"turns":4}],"seed_played":"5908753157009129056","potions_obtained":[{"floor":3.0,"key":"PowerPotion"},{"floor":12.0,"key":"Fire Potion"},{"floor":14.0,"key":"PowerPotion"},{"floor":16.0,"key":"SpeedPotion"},{"floor":20,"key":"Ancient Potion"}],"is_trial":false,"path_per_floor":["M","?","M","?","M","E","R","M","T","$","R","E","R","E","R","B",null,"M","?","?","M","?","E"],"character_chosen":"IRONCLAD","items_purchased":["Membership Card","Metallicize","Purity","Transmutation"],"campfire_rested":1,"item_purchase_floors":[10,10,10,10],"current_hp_per_floor":[87,87,88,70,76,54,54,58,58,58,58,54,54,34,60,54,88,79,79,37,19,3,0],"gold":232,"neow_bonus":"TEN_PERCENT_HP_BONUS","is_prod":false,"is_daily":false,"chose_seed":false,"campfire_upgraded":3,"win_rate":0,"timestamp":1568050153,"path_taken":["M","?","?","?","M","E","R","M","T","$","R","E","R","E","R","BOSS","M","?","?","M","?","E"],"build_version":"2019-07-17","purchased_purges":1,"victory":false,"max_hp_per_floor":[88,88,88,88,88,88,88,88,88,88,88,88,88,88,88,88,88,88,88,88,88,88,88],"card_choices":[{"not_picked":["Wild Strike","Burning Pact"],"picked":"Perfected Strike","floor":1.0},{"not_picked":["Reckless Charge","Warcry"],"picked":"True Grit","floor":3.0},{"not_picked":["Immolate","Rupture"],"picked":"Cleave","floor":5.0},{"not_picked":["Bloodletting","Cleave"],"picked":"Armaments","floor":6.0},{"not_picked":["Heavy Blade","Anger"],"picked":"Havoc","floor":8.0},{"not_picked":["Searing Blow","Perfected Strike"],"picked":"Exhume","floor":12.0},{"not_picked":["Blood for Blood","Rampage"],"picked":"Thunderclap","floor":14.0},{"not_picked":["Limit Break","Exhume"],"picked":"Impervious","floor":16.0},{"not_picked":["Rampage","Wild Strike"],"picked":"Sword Boomerang+1","floor":18.0},{"not_picked":["Cleave","Rampage"],"picked":"Metallicize","floor":20},{"not_picked":["Armaments","Intimidate"],"picked":"Flex+1","floor":21}],"player_experience":103537,"relics_obtained":[{"floor":6.0,"key":"Old Coin"},{"floor":9.0,"key":"Dead Branch"},{"floor":12.0,"key":"Meat on the Bone"},{"floor":14.0,"key":"Bag of Marbles"},{"floor":20,"key":"Red Mask"},{"floor":22,"key":"Nilry\u0027s Codex"}],"event_choices":[{"cards_removed":["Perfected Strike"],"damage_healed":0.0,"max_hp_gain":0.0,"max_hp_loss":0.0,"gold_gain":0.0,"event_name":"WeMeetAgain","player_choice":"Gave Card","floor":2.0,"gold_loss":0.0,"damage_taken":0.0,"relics_obtained":["Pantograph"]},{"damage_healed":0.0,"max_hp_gain":0.0,"max_hp_loss":0.0,"gold_gain":0.0,"event_name":"Shining Light","player_choice":"Entered Light","floor":4.0,"gold_loss":0.0,"damage_taken":18.0,"cards_upgraded":["Defend_R","True Grit"]},{"cards_removed":["Strike_R"],"damage_healed":0.0,"max_hp_gain":0.0,"max_hp_loss":0.0,"gold_gain":0.0,"event_name":"Beggar","player_choice":"Gave Gold","floor":19.0,"gold_loss":75.0,"damage_taken":0.0},{"damage_healed":0.0,"max_hp_gain":0.0,"max_hp_loss":0.0,"gold_gain":0.0,"event_name":"Masked Bandits","player_choice":"Fought Bandits","floor":20.0,"gold_loss":0.0,"damage_taken":0.0},{"damage_healed":0,"gold_gain":0,"player_choice":"Obtained Book","damage_taken":16,"max_hp_gain":0,"max_hp_loss":0,"event_name":"Cursed Tome","floor":22,"gold_loss":0}],"is_beta":false,"boss_relics":[{"not_picked":["Empty Cage","Calling Bell"],"picked":"Black Star"}],"items_purged_floors":[10],"is_endless":false,"potions_floor_spawned":[3,12,14,16,20],"killed_by":"Book of Stabbing","ascension_level":4}