{"gold_per_floor":[115,129,129,144,144,178,178,198,198,198,373,401,420,420,420,523,523,433,0,0,0,0,0,0,0,0,0,0,0,0,0,0,0,0,0,0,0,0,0,0,0,0,0,0,0,0,0,0,0,0,0,0,0,0,0],"floor_reached":55,"playtime":4107,"items_purged":[],"score":890,"play_id":"a3ad561a-1aa2-42b5-8721-f260ae91417c","local_time":"20190911220701","is_ascension_mode":true,"campfire_choices":[{"data":"Noxious Fumes","floor":7,"key":"SMITH"},{"floor":10,"key":"REST"},{"floor":15,"key":"REST"},{"floor":27,"key":"REST"},{"floor":32,"key":"RECALL"},{"data":"Footwork","floor":40,"key":"SMITH"},{"floor":42,"key":"REST"},{"floor":49,"key":"REST"},{"data":"Catalyst","floor":52,"key":"SMITH"}],"neow_cost":"NONE","seed_source_timestamp":2600355062837800,"circlet_count":0,"master_deck":["Strike_G","Defend_G","Defend_G+1","Defend_G","Defend_G","Defend_G","Survivor+1","Neutralize","Noxious Fumes+1","Crippling Poison","Quick Slash","Heel Hook","Cloak And Dagger","Terror","Sucker Punch","Dagger Spray","Corpse Explosion","Sucker Punch+1","Caltrops","Bouncing Flask","Poisoned Stab+1","Dodge and Roll","Bane+1","Poisoned Stab","Blur","Footwork+1","Footwork","Envenom","Backstab+1","Noxious Fumes+1","Distraction+1","Catalyst+1","Deflect+1","Secret Technique","Finesse"],"relics":["Empty Cage","War Paint","Blue Candle","Dead Branch","Spirit Poop","Ectoplasm","Singing Bowl","Anchor","Mango","Incense Burner","Lantern","Vajra","Bottled Tornado","Sundial","Philosopher\u0027s Stone","Old Coin","Centennial Puzzle","Oddly Smooth Stone","Du-Vu Doll"],"potions_floor_usage":[12,28,31,33,44,50,50,50],"damage_taken":[{"damage":0,"enemies":"2 Louse","floor":1,"turns":3},{"damage":0,"enemies":"Small Slimes","floor":2,"turns":5},{"damage":0,"enemies":"Cultist","floor":4,"turns":5},{"damage":11,"enemies":"Lagavulin","floor":6,"turns":8},{"damage":4,"enemies":"Blue Slaver","floor":8,"turns":4},{"damage":9,"enemies":"3 Sentries","floor":12,"turns":9},{"damage":11,"enemies":"2 Fungi Beasts","floor":13,"turns":4},{"damage":31,"enemies":"The Guardian","floor":16,"turns":11},{"damage":4,"enemies":"2 Thieves","floor":18,"turns":5},{"damage":0,"enemies":"Shell Parasite","floor":21,"turns":4},{"damage":5,"enemies":"Centurion and Healer","floor":22,"turns":6},{"damage":13,"enemies":"Gremlin Leader","floor":23,"turns":5},{"damage":13,"enemies":"Book of Stabbing","floor":25,"turns":6},{"damage":11,"enemies":"Slavers","floor":28,"turns":4},{"damage":0,"enemies":"3 Cultists","floor":29,"turns":4},{"damage":1,"enemies":"Snake Plant","floor":30,"turns":3},{"damage":5,"enemies":"Cultist and Chosen","floor":31,"turns":5},{"damage":35,"enemies":"Champ","floor":33,"turns":11},{"damage":1,"enemies":"Orb Walker","floor":35,"turns":4},{"damage":6,"enemies":"3 Darklings","floor":37,"turns":3},{"damage":23,"enemies":"Jaw Worm Horde","floor":38,"turns":4},{"damage":10,"enemies":"Nemesis","floor":41,"turns":7},{"damage":7,"enemies":"Reptomancer","floor":44,"turns":6},{"damage":1,"enemies":"Maw","floor":45,"turns":6},{"damage":1,"enemies":"Giant Head","floor":46,"turns":7},{"damage":7,"enemies":"Sphere and 2 Shapes","floor":47,"turns":5},{"damage":21,"enemies":"Time Eater","floor":50,"turns":9},{"damage":49,"enemies":"Shield and Spear","floor":54,"turns":7},{"damage":54,"enemies":"The Heart","floor":55,"turns":2}],"seed_played":"2571478273963104300","potions_obtained":[{"floor":1,"key":"Block Potion"},{"floor":4,"key":"Poison Potion"},{"floor":8,"key":"SteroidPotion"},{"floor":13,"key":"Energy Potion"},{"floor":21,"key":"Swift Potion"},{"floor":25,"key":"Fire Potion"},{"floor":30,"key":"Fire Potion"},{"floor":31,"key":"Fruit Juice"},{"floor":33,"key":"GamblersBrew"},{"floor":38,"key":"Weak Potion"},{"floor":44,"key":"Strength Potion"},{"floor":46,"key":"Dexterity Potion"}],"is_trial":false,"path_per_floor":["M","M","?","M","?","E","R","M","T","R","?","E","M","?","R","B",null,"M","$","T","M","M","E","?","E","T","R","E","M","M","M","R","B",null,"M","?","M","M","$","R","E","R","T","E","M","E","M","?","R","B",null,"R","$","E","B"],"character_chosen":"THE_SILENT","items_purchased":["Singing Bowl","Caltrops","Anchor"],"campfire_rested":5,"item_purchase_floors":[19,19,19],"current_hp_per_floor":[70,70,63,63,63,52,52,48,48,69,69,60,49,49,70,39,70,66,66,80,80,75,62,62,49,49,74,63,63,62,62,62,27,89,88,88,82,61,61,61,51,78,78,71,72,73,68,60,89,68,99,99,99,52,0],"gold":0,"neow_bonus":"BOSS_RELIC","is_prod":false,"is_daily":false,"chose_seed":false,"campfire_upgraded":3,"win_rate":0,"timestamp":1568232421,"path_taken":["M","M","?","M","?","E","R","?","T","R","?","E","M","?","R","BOSS","M","$","?","M","M","E","?","E","T","R","E","M","M","M","R","BOSS","M","?","M","M","?","R","E","R","T","E","M","E","M","?","R","BOSS","R","$","E","BOSS"],"build_version":"2019-07-17","purchased_purges":0,"victory":false,"max_hp_per_floor":[70,70,70,70,70,70,70,70,70,70,70,70,70,70,70,70,70,70,70,84,84,84,84,84,84,84,84,84,84,84,89,89,89,89,89,89,89,91,91,91,91,91,91,91,93,95,97,99,99,99,99,99,99,101,101],"card_choices":[{"not_picked":["Deadly Poison","Bouncing Flask"],"picked":"Noxious Fumes","floor":1},{"not_picked":["Eviscerate","Slice"],"picked":"Crippling Poison","floor":2},{"not_picked":["PiercingWail","Dagger Throw"],"picked":"Quick Slash","floor":4},{"not_picked":["Distraction","Adrenaline"],"picked":"Cloak And Dagger","floor":6},{"not_picked":["Dagger Spray","Backflip"],"picked":"Terror","floor":8},{"not_picked":["Slice","Underhanded Strike"],"picked":"Sucker Punch","floor":12},{"not_picked":["Deadly Poison","Quick Slash"],"picked":"Dagger Spray","floor":13},{"not_picked":["Die Die Die","Burst"],"picked":"Corpse Explosion","floor":16},{"not_picked":["Choke","Cloak And Dagger"],"picked":"Sucker Punch+1","floor":18},{"not_picked":["Backflip","Dagger Throw"],"picked":"Bouncing Flask","floor":21},{"not_picked":["Distraction","Sucker Punch"],"picked":"Poisoned Stab+1","floor":22},{"not_picked":["Underhanded Strike","Sucker Punch+1"],"picked":"Dodge and Roll","floor":23},{"not_picked":["Dagger Spray","Endless Agony"],"picked":"Bane+1","floor":25},{"not_picked":["Die Die Die","Heel Hook"],"picked":"Poisoned Stab","floor":28},{"not_picked":["Bane+1","Terror"],"picked":"Blur","floor":29},{"not_picked":["Distraction","Outmaneuver"],"picked":"Footwork","floor":30},{"not_picked":["Bane+1","Backstab"],"picked":"Footwork","floor":31},{"not_picked":["Tools of the Trade","A Thousand Cuts"],"picked":"Envenom","floor":33},{"not_picked":["Choke","Backflip"],"picked":"Backstab+1","floor":35},{"not_picked":["Backflip","Choke"],"picked":"Distraction+1","floor":37},{"not_picked":["Bane+1","Sucker Punch+1","Dash+1"],"picked":"Singing Bowl","floor":38},{"not_picked":["Die Die Die","Sucker Punch"],"picked":"Catalyst","floor":41},{"not_picked":["Choke","Backflip"],"picked":"Deflect+1","floor":44},{"not_picked":["Bane+1","Acrobatics+1","Choke"],"picked":"Singing Bowl","floor":45},{"not_picked":["Blade Dance+1","Accuracy","Flying Knee"],"picked":"Singing Bowl","floor":46},{"not_picked":["Prepared+1","Dagger Throw","Flechettes"],"picked":"Singing Bowl","floor":47},{"not_picked":["Dark Shackles","Good Instincts"],"picked":"Secret Technique","floor":48},{"not_picked":["Discovery","Enlightenment","Swift Strike"],"picked":"Singing Bowl","floor":48},{"not_picked":["Impatience","Chrysalis"],"picked":"Finesse","floor":48},{"not_picked":["Reflex+1","Crippling Poison","PiercingWail"],"picked":"Singing Bowl","floor":54}],"player_experience":136011,"relics_obtained":[{"floor":6,"key":"War Paint"},{"floor":9,"key":"Blue Candle"},{"floor":12,"key":"Dead Branch"},{"floor":20,"key":"Mango"},{"floor":23,"key":"Incense Burner"},{"floor":25,"key":"Vajra"},{"floor":26,"key":"Bottled Tornado"},{"floor":28,"key":"Sundial"},{"floor":41,"key":"Old Coin"},{"floor":44,"key":"Centennial Puzzle"},{"floor":46,"key":"Oddly Smooth Stone"},{"floor":54,"key":"Du-Vu Doll"}],"event_choices":[{"cards_removed":["Strike_G"],"damage_healed":0,"gold_gain":0,"player_choice":"Card Removal","damage_taken":7,"max_hp_gain":0,"max_hp_loss":0,"event_name":"Golden Wing","floor":3,"gold_loss":0},{"damage_healed":0,"gold_gain":0,"cards_transformed":["Strike_G"],"player_choice":"Transformed","damage_taken":0,"max_hp_gain":0,"max_hp_loss":0,"event_name":"Transmorgrifier","floor":5,"gold_loss":0,"cards_obtained":["Heel Hook"]},{"damage_healed":0,"gold_gain":175,"player_choice":"AGREE","damage_taken":0,"max_hp_gain":0,"max_hp_loss":0,"event_name":"Liars Game","floor":11,"gold_loss":0,"cards_obtained":["Doubt"]},{"cards_removed":["Doubt"],"damage_healed":0,"gold_gain":0,"player_choice":"Offered Curse","damage_taken":0,"relics_obtained":["Spirit Poop"],"max_hp_gain":0,"max_hp_loss":0,"event_name":"Bonfire Elementals","floor":14,"gold_loss":0},{"damage_healed":0,"gold_gain":0,"player_choice":"Opened","damage_taken":0,"relics_obtained":["Lantern"],"max_hp_gain":0,"max_hp_loss":0,"event_name":"The Mausoleum","floor":24,"gold_loss":0},{"damage_healed":0,"gold_gain":0,"player_choice":"Copied","damage_taken":0,"max_hp_gain":0,"max_hp_loss":0,"event_name":"Duplicator","floor":36,"gold_loss":0,"cards_obtained":["Noxious Fumes"]},{"damage_healed":0,"gold_gain":0,"player_choice":"Memory 3","damage_taken":10,"max_hp_gain":0,"max_hp_loss":0,"event_name":"SensoryStone","floor":48,"gold_loss":0}],"is_beta":false,"boss_relics":[{"not_picked":["White Beast Statue","Lizard Tail"],"picked":"Ectoplasm"},{"not_picked":["HoveringKite","Calling Bell"],"picked":"Philosopher\u0027s Stone"}],"items_purged_floors":[],"is_endless":false,"potions_floor_spawned":[1,4,8,13,21,25,30,31,33,38,44,46],"killed_by":"The Heart","ascension_level":1}