{"gold_per_floor":[119,137,148,148,148,191,191,230,230,249,249,86,101,117,117,238,238,252,527,547,547,572,572,616,630,630,653,297,297,297],"floor_reached":30,"playtime":1061,"items_purged":["Regret"],"score":299,"play_id":"ca998bd3-73fe-415b-9330-dfbdfe396dde","local_time":"20190922000613","is_ascension_mode":true,"campfire_choices":[{"floor":11,"key":"REST"},{"data":"Limit Break","floor":15,"key":"SMITH"},{"floor":23,"key":"REST"}],"neow_cost":"NONE","seed_source_timestamp":818712499701300,"circlet_count":0,"master_deck":["Strike_R","Strike_R","Strike_R","Strike_R","Strike_R","Defend_R","Defend_R","Defend_R","Defend_R","Bash+1","Wild Strike","Ghostly Armor","Double Tap+1","Feel No Pain+1","Heavy Blade","Wild Strike","Double Tap","True Grit","Limit Break+1","Flex","Demon Form+1","Anger","Dropkick+1","J.A.X.","Feel No Pain+1","Heavy Blade","Feel No Pain+1","Havoc","Dropkick"],"relics":["Burning Blood","Golden Idol","Frozen Egg 2","Ornamental Fan","Paper Frog","Orichalcum","Fusion Hammer","Juzu Bracelet","Turnip","Lantern","Shuriken"],"potions_floor_usage":[6,10,20,24,25,30],"damage_taken":[{"damage":7,"enemies":"Small Slimes","floor":1,"turns":3},{"damage":7,"enemies":"Jaw Worm","floor":2,"turns":3},{"damage":0,"enemies":"Cultist","floor":3,"turns":2},{"damage":32,"enemies":"Gremlin Nob","floor":6,"turns":4},{"damage":13,"enemies":"3 Sentries","floor":8,"turns":12},{"damage":13,"enemies":"Exordium Thugs","floor":10,"turns":3},{"damage":14,"enemies":"Gremlin Gang","floor":13,"turns":4},{"damage":2,"enemies":"2 Fungi Beasts","floor":14,"turns":4},{"damage":26,"enemies":"Hexaghost","floor":16,"turns":8},{"damage":16,"enemies":"Shell Parasite","floor":18,"turns":4},{"damage":5,"enemies":"Spheric Guardian","floor":20,"turns":3},{"damage":28,"enemies":"Snecko","floor":22,"turns":4},{"damage":25,"enemies":"Gremlin Leader","floor":24,"turns":4},{"damage":35,"enemies":"Chosen and Byrds","floor":25,"turns":6},{"damage":42,"enemies":"Book of Stabbing","floor":30,"turns":3}],"seed_played":"6156104882151686456","potions_obtained":[{"floor":1,"key":"Fire Potion"},{"floor":8,"key":"Poison Potion"},{"floor":13,"key":"Fire Potion"},{"floor":16,"key":"Regen Potion"},{"floor":18,"key":"SkillPotion"},{"floor":24,"key":"Fire Potion"}],"is_trial":false,"path_per_floor":["M","M","M","?","?","E","T","E","T","M","R","$","M","M","R","B",null,"M","?","M","?","M","R","E","M","T","T","$","?","E"],"character_chosen":"IRONCLAD","items_purchased":["Double Tap","True Grit","Regen Potion","Feel No Pain+1","Havoc","Dropkick"],"campfire_rested":2,"item_purchase_floors":[12,12,28,28,28,28],"current_hp_per_floor":[79,78,80,60,60,34,34,27,27,20,44,44,36,40,40,20,80,70,70,71,71,49,73,54,25,25,25,25,25,0],"gold":297,"neow_bonus":"UPGRADE_CARD","is_prod":false,"is_daily":false,"chose_seed":false,"campfire_upgraded":1,"win_rate":0,"timestamp":1569103573,"path_taken":["M","M","M","?","?","E","?","E","T","M","R","$","M","?","R","BOSS","M","?","?","?","M","R","E","M","T","?","$","?","E"],"build_version":"2019-07-17","purchased_purges":1,"victory":false,"max_hp_per_floor":[80,80,80,80,80,80,80,80,80,80,80,80,80,80,80,80,80,80,80,80,80,80,80,80,80,80,80,80,80,80],"card_choices":[{"not_picked":["Combust","Body Slam"],"picked":"Wild Strike","floor":1},{"not_picked":["Sword Boomerang","Warcry"],"picked":"Ghostly Armor","floor":2},{"not_picked":["Dropkick","Armaments"],"picked":"Double Tap","floor":3},{"not_picked":["Hemokinesis","Brutality"],"picked":"Feel No Pain","floor":6},{"not_picked":["Intimidate","Thunderclap"],"picked":"Heavy Blade","floor":8},{"not_picked":["True Grit","Battle Trance"],"picked":"Wild Strike","floor":10},{"not_picked":["Pummel","Battle Trance"],"picked":"Limit Break","floor":13},{"not_picked":["Disarm","Body Slam"],"picked":"Flex","floor":14},{"not_picked":["Bludgeon","Dark Embrace+1"],"picked":"Demon Form+1","floor":16},{"not_picked":["Body Slam","Feel No Pain+1"],"picked":"Anger","floor":18},{"not_picked":["Iron Wave+1","Heavy Blade"],"picked":"Dropkick+1","floor":20},{"not_picked":["Armaments","Ghostly Armor+1"],"picked":"Feel No Pain+1","floor":22},{"not_picked":["Uppercut","Havoc","Carnage"],"picked":"SKIP","floor":24},{"not_picked":["Infernal Blade","Offering"],"picked":"Heavy Blade","floor":25}],"player_experience":252119,"relics_obtained":[{"floor":6,"key":"Frozen Egg 2"},{"floor":7,"key":"Ornamental Fan"},{"floor":8,"key":"Paper Frog"},{"floor":9,"key":"Orichalcum"},{"floor":24,"key":"Juzu Bracelet"},{"floor":26,"key":"Turnip"},{"floor":27,"key":"Lantern"}],"event_choices":[{"damage_healed":0,"gold_gain":0,"player_choice":"Take Damage","damage_taken":20,"relics_obtained":["Golden Idol"],"max_hp_gain":0,"max_hp_loss":0,"event_name":"Golden Idol","floor":4,"gold_loss":0},{"damage_healed":0,"gold_gain":0,"player_choice":"Grow","damage_taken":0,"max_hp_gain":0,"max_hp_loss":0,"event_name":"Living Wall","floor":5,"gold_loss":0,"cards_upgraded":["Double Tap"]},{"damage_healed":0,"gold_gain":275,"player_choice":"Desecrate","damage_taken":0,"max_hp_gain":0,"max_hp_loss":0,"event_name":"Golden Shrine","floor":19,"gold_loss":0,"cards_obtained":["Regret"]},{"damage_healed":0,"gold_gain":0,"player_choice":"Obtain J.A.X.","damage_taken":0,"max_hp_gain":0,"max_hp_loss":0,"event_name":"Drug Dealer","floor":21,"gold_loss":0,"cards_obtained":["J.A.X."]},{"damage_healed":0,"gold_gain":0,"player_choice":"Opened","damage_taken":0,"relics_obtained":["Shuriken"],"max_hp_gain":0,"max_hp_loss":0,"event_name":"The Mausoleum","floor":29,"gold_loss":0}],"is_beta":false,"boss_relics":[{"not_picked":["Lizard Tail","Sozu"],"picked":"Fusion Hammer"}],"items_purged_floors":[28],"is_endless":false,"potions_floor_spawned":[1,8,13,16,18,24],"killed_by":"Book of Stabbing","ascension_level":3}