{"gold_per_floor":[117,134,148,98,98,126,144,173,173,183,43,56,56,75,75,180,180,146,159,159,159],"floor_reached":21,"playtime":1240,"items_purged":[],"score":212,"play_id":"685d5b41-3855-46fd-bef5-01980db523dc","local_time":"20190912204154","is_ascension_mode":true,"campfire_choices":[{"floor":13,"key":"REST"},{"floor":15,"key":"REST"}],"neow_cost":"NONE","seed_source_timestamp":2684517929922500,"circlet_count":0,"master_deck":["Strike_B","Strike_B","Strike_B","Defend_B","Defend_B","Defend_B","Defend_B","Zap","Dualcast","Turbo","Conserve Battery","Cold Snap","Conserve Battery","Loop","Static Discharge","Glacier","Reboot","FTL","Sweeping Beam","Aggregate","Creative AI","Rebound+1","Hologram"],"relics":["Cracked Core","Art of War","Dodecahedron","Black Star"],"potions_floor_usage":[6,10,10,16,16,19],"damage_taken":[{"damage":2,"enemies":"Jaw Worm","floor":1,"turns":4},{"damage":1,"enemies":"Cultist","floor":2,"turns":4},{"damage":0,"enemies":"Small Slimes","floor":3,"turns":4},{"damage":37,"enemies":"Lagavulin","floor":6,"turns":10},{"damage":0,"enemies":"2 Fungi Beasts","floor":7,"turns":4},{"damage":20,"enemies":"Gremlin Nob","floor":8,"turns":5},{"damage":8,"enemies":"Lots of Slimes","floor":10,"turns":3},{"damage":6,"enemies":"Red Slaver","floor":12,"turns":3},{"damage":5,"enemies":"Blue Slaver","floor":14,"turns":4},{"damage":40,"enemies":"Slime Boss","floor":16,"turns":14},{"damage":21,"enemies":"2 Thieves","floor":18,"turns":5},{"damage":20,"enemies":"3 Byrds","floor":19,"turns":7},{"damage":43,"enemies":"Sentry and Sphere","floor":21,"turns":4}],"seed_played":"7703928071141045370","potions_obtained":[{"floor":2,"key":"SpeedPotion"},{"floor":5,"key":"Explosive Potion"},{"floor":5,"key":"FairyPotion"},{"floor":7,"key":"Energy Potion"},{"floor":10,"key":"Poison Potion"},{"floor":12,"key":"Weak Potion"},{"floor":18,"key":"Swift Potion"}],"is_trial":false,"path_per_floor":["M","M","M","?","?","E","M","E","T","M","$","M","R","M","R","B",null,"M","M","?","M"],"character_chosen":"DEFECT","items_purchased":["Reboot","FTL"],"campfire_rested":2,"item_purchase_floors":[11,11],"current_hp_per_floor":[80,79,79,79,79,42,42,22,22,14,14,8,32,27,51,11,82,61,41,25,0],"gold":159,"neow_bonus":"TEN_PERCENT_HP_BONUS","is_prod":false,"is_daily":false,"chose_seed":false,"campfire_upgraded":0,"win_rate":0,"timestamp":1568313714,"path_taken":["M","M","M","?","?","E","M","E","T","?","$","M","R","M","R","BOSS","M","?","?","M"],"build_version":"2019-07-17","purchased_purges":0,"victory":false,"max_hp_per_floor":[82,82,82,82,82,82,82,82,82,82,82,82,82,82,82,82,82,82,82,87,87],"card_choices":[{"not_picked":["Streamline","Redo"],"picked":"Turbo","floor":1},{"not_picked":["Recycle","FTL"],"picked":"Conserve Battery","floor":2},{"not_picked":["Steam","Compile Driver"],"picked":"Cold Snap","floor":3},{"not_picked":["Hyperbeam","Blizzard"],"picked":"Conserve Battery","floor":6},{"not_picked":["Reprogram","Skim"],"picked":"Loop","floor":7},{"not_picked":["Coolheaded","Chill"],"picked":"Static Discharge","floor":8},{"not_picked":["Conserve Battery","Hologram"],"picked":"Glacier","floor":10},{"not_picked":["Barrage","Consume"],"picked":"Sweeping Beam","floor":12},{"not_picked":["Ball Lightning","FTL"],"picked":"Aggregate","floor":14},{"not_picked":["Biased Cognition","Multi-Cast"],"picked":"Creative AI","floor":16},{"not_picked":["Fusion","Leap"],"picked":"Rebound+1","floor":18},{"not_picked":["Gash+1","Cold Snap+1"],"picked":"Hologram","floor":19}],"player_experience":153704,"relics_obtained":[{"floor":6,"key":"Art of War"},{"floor":8,"key":"Dodecahedron"}],"event_choices":[{"cards_removed":["Strike_B"],"damage_healed":0,"gold_gain":0,"player_choice":"Card Removal","damage_taken":0,"max_hp_gain":0,"max_hp_loss":0,"event_name":"The Cleric","floor":4,"gold_loss":50},{"damage_healed":0,"gold_gain":0,"player_choice":"Got Potions","damage_taken":0,"max_hp_gain":0,"max_hp_loss":0,"event_name":"Lab","floor":5,"gold_loss":0},{"damage_healed":0,"gold_gain":0,"player_choice":"Shed Blood","damage_taken":21,"max_hp_gain":5,"max_hp_loss":0,"event_name":"Forgotten Altar","floor":20,"gold_loss":0}],"is_beta":false,"boss_relics":[{"not_picked":["Lizard Tail","Nuclear Battery"],"picked":"Black Star"}],"items_purged_floors":[],"is_endless":false,"potions_floor_spawned":[2,7,8,10,12,18],"killed_by":"Sentry and Sphere","ascension_level":2}