{"gold_per_floor":[118,134,134,134,309,323,356,370,395,428,442,442,120,179,179,283,283,297,297,9,20,38,69,69,98,98,117,117,150,167,167,167,263,263,277,277,277,58,74,105,120,153,176,187,187,206,217,317,317,317],"floor_reached":51,"playtime":4878,"items_purged":["Defend_R"],"score":777,"play_id":"8ba1bf4b-b645-4f5d-9f38-14dd38602f56","local_time":"20190901184653","is_ascension_mode":false,"campfire_choices":[{"floor":12,"key":"REST"},{"data":"Infernal Blade","floor":15,"key":"SMITH"},{"floor":24,"key":"REST"},{"floor":32,"key":"REST"},{"floor":49,"key":"DIG"}],"neow_cost":"NONE","seed_source_timestamp":1723547766099700,"circlet_count":0,"master_deck":["Strike_R","Strike_R","Strike_R","Strike_R","Defend_R+1","Defend_R","Bash","Thunderclap+1","Perfected Strike","Doubt","Cleave","Blood for Blood","Shockwave+1","Clash","Warcry","Shrug It Off","Infernal Blade+1","Reaper","Warcry","Armaments","Headbutt+1","Flex","Blood for Blood","Limit Break","Searing Blow+1","Reaper","Whirlwind","Demon Form","Whirlwind+1","The Bomb","Transmutation","Mayhem","Cleave","Battle Trance+1","Thunderclap+1","Shrug It Off+1","Thunderclap+1","Twin Strike","Intimidate+1","Pommel Strike+1"],"relics":["Burning Blood","PreservedInsect","Ancient Tea Set","War Paint","Red Skull","Juzu Bracelet","Boot","Velvet Choker","Question Card","Centennial Puzzle","Paper Frog","Bottled Lightning","MutagenicStrength","Potion Belt","White Beast Statue","Vajra","Shovel","Bag of Marbles","Strawberry","Incense Burner","Pocketwatch"],"potions_floor_usage":[16,16,33,33,41,41,42,44,46,50,50,50,50,50],"damage_taken":[{"damage":1,"enemies":"Cultist","floor":1,"turns":3},{"damage":3,"enemies":"Small Slimes","floor":2,"turns":3},{"damage":0,"enemies":"2 Louse","floor":6,"turns":2},{"damage":28,"enemies":"Gremlin Nob","floor":7,"turns":4},{"damage":13,"enemies":"Exordium Wildlife","floor":8,"turns":4},{"damage":26,"enemies":"Lagavulin","floor":10,"turns":4},{"damage":12,"enemies":"2 Fungi Beasts","floor":11,"turns":3},{"damage":6,"enemies":"Lagavulin Event","floor":14,"turns":3},{"damage":14,"enemies":"Slime Boss","floor":16,"turns":8},{"damage":8,"enemies":"Chosen","floor":18,"turns":3},{"damage":11,"enemies":"Spheric Guardian","floor":21,"turns":4},{"damage":36,"enemies":"Cultist and Chosen","floor":22,"turns":8},{"damage":18,"enemies":"Gremlin Leader","floor":23,"turns":3},{"damage":17,"enemies":"Slavers","floor":25,"turns":3},{"damage":15,"enemies":"Shelled Parasite and Fungi","floor":27,"turns":4},{"damage":15,"enemies":"Gremlin Leader","floor":29,"turns":3},{"damage":51,"enemies":"Sentry and Sphere","floor":30,"turns":6},{"damage":78,"enemies":"Automaton","floor":33,"turns":9},{"damage":9,"enemies":"3 Shapes","floor":35,"turns":1},{"damage":12,"enemies":"3 Darklings","floor":39,"turns":2},{"damage":31,"enemies":"Giant Head","floor":40,"turns":6},{"damage":40,"enemies":"Maw","floor":41,"turns":8},{"damage":85,"enemies":"Nemesis","floor":42,"turns":7},{"damage":34,"enemies":"Transient","floor":44,"turns":5},{"damage":24,"enemies":"Spire Growth","floor":46,"turns":4},{"damage":5,"enemies":"3 Darklings","floor":47,"turns":2},{"damage":0,"enemies":"Mind Bloom Boss Battle","floor":48,"turns":4},{"damage":69,"enemies":"Donu and Deca","floor":50,"turns":7}],"seed_played":"-8647954076111873285","potions_obtained":[{"floor":6,"key":"FearPotion"},{"floor":7,"key":"Strength Potion"},{"floor":8,"key":"FairyPotion"},{"floor":19,"key":"SkillPotion"},{"floor":19,"key":"SkillPotion"},{"floor":25,"key":"Fire Potion"},{"floor":30,"key":"Block Potion"},{"floor":35,"key":"Fire Potion"},{"floor":39,"key":"AttackPotion"},{"floor":40,"key":"Regen Potion"},{"floor":41,"key":"Dexterity Potion"},{"floor":42,"key":"SkillPotion"},{"floor":44,"key":"Dexterity Potion"},{"floor":46,"key":"Strength Potion"},{"floor":47,"key":"Ancient Potion"},{"floor":48,"key":"Explosive Potion"}],"is_trial":false,"path_per_floor":["M","M","?","?","?","M","E","M","T","E","M","R","$","?","R","B",null,"M","?","$","M","M","E","R","E","T","M","?","E","M","?","R","B",null,"M","?","?","$","M","E","M","E","T","M","?","M","M","?","R","B",null],"character_chosen":"IRONCLAD","items_purchased":["Red Skull","Juzu Bracelet","Shrug It Off","Question Card","Armaments","Vajra"],"campfire_rested":3,"item_purchase_floors":[13,13,13,20,20,38],"current_hp_per_floor":[88,88,88,81,81,87,65,58,58,38,32,58,58,58,58,50,88,88,88,88,88,63,57,83,72,72,63,63,54,15,15,41,14,88,85,75,75,75,82,57,43,14,21,17,17,13,71,83,83,20],"gold":317,"neow_bonus":"TEN_PERCENT_HP_BONUS","is_prod":false,"is_daily":false,"chose_seed":false,"campfire_upgraded":1,"win_rate":0.0,"timestamp":1567356413,"path_taken":["M","M","?","?","?","M","E","M","T","E","?","R","$","?","R","BOSS","M","?","$","M","M","E","R","E","T","M","?","E","M","?","R","BOSS","M","?","?","$","M","E","M","E","T","M","?","M","M","?","R","BOSS"],"build_version":"2019-07-17","purchased_purges":1,"victory":true,"max_hp_per_floor":[88,88,88,88,88,88,88,88,88,88,88,88,88,88,88,88,88,88,88,88,88,88,88,88,88,88,88,88,88,88,88,88,88,88,88,88,84,84,84,84,84,84,91,91,91,91,91,91,91,91],"card_choices":[{"not_picked":["Warcry","Clash"],"picked":"Thunderclap","floor":1},{"not_picked":["Heavy Blade","True Grit"],"picked":"Perfected Strike","floor":2},{"not_picked":["Clash","Anger"],"picked":"Cleave","floor":6},{"not_picked":["Clothesline","Shrug It Off"],"picked":"Blood for Blood","floor":7},{"not_picked":["Headbutt","Brutality"],"picked":"Shockwave","floor":8},{"not_picked":["Thunderclap","Warcry"],"picked":"Clash","floor":10},{"not_picked":["Pommel Strike","Sword Boomerang"],"picked":"Warcry","floor":11},{"not_picked":["True Grit","Metallicize"],"picked":"Infernal Blade","floor":14},{"not_picked":["Dark Embrace","Brutality"],"picked":"Reaper","floor":16},{"not_picked":["Second Wind","Body Slam"],"picked":"Warcry","floor":18},{"not_picked":["Entrench","Power Through","Sever Soul"],"picked":"Headbutt+1","floor":21},{"not_picked":["Rupture","Feel No Pain","Armaments"],"picked":"Flex","floor":22},{"not_picked":["Pommel Strike","Whirlwind","Dual Wield"],"picked":"Blood for Blood","floor":23},{"not_picked":["Brutality","Perfected Strike","Rage+1"],"picked":"Limit Break","floor":25},{"not_picked":["Body Slam","Cleave","Flame Barrier"],"picked":"Searing Blow+1","floor":27},{"not_picked":["Cleave+1","Thunderclap","Pommel Strike"],"picked":"Reaper","floor":29},{"not_picked":["Iron Wave","Pommel Strike","Shrug It Off"],"picked":"Whirlwind","floor":30},{"not_picked":["Limit Break","Dark Embrace","Double Tap"],"picked":"Demon Form","floor":33},{"not_picked":["Disarm","Heavy Blade","Headbutt+1"],"picked":"Whirlwind+1","floor":35},{"not_picked":["Magnetism","Mind Blast","Swift Strike"],"picked":"The Bomb","floor":36},{"not_picked":["PanicButton","Thinking Ahead","Swift Strike"],"picked":"Transmutation","floor":36},{"not_picked":["Deep Breath","Chrysalis","Enlightenment"],"picked":"Mayhem","floor":36},{"not_picked":["Feel No Pain+1","Anger+1","Clash+1"],"picked":"Cleave","floor":39},{"not_picked":["Dark Embrace","Flex+1","Body Slam"],"picked":"Battle Trance+1","floor":40},{"not_picked":["Iron Wave+1","Clash+1","Clothesline+1"],"picked":"Thunderclap+1","floor":41},{"not_picked":["Feel No Pain","Double Tap","Perfected Strike"],"picked":"Shrug It Off+1","floor":42},{"not_picked":["Anger+1","Headbutt+1","Sword Boomerang"],"picked":"Thunderclap+1","floor":44},{"not_picked":["Perfected Strike","Anger","Clash+1"],"picked":"Twin Strike","floor":46},{"not_picked":["True Grit+1","Body Slam+1","Perfected Strike+1"],"picked":"Intimidate+1","floor":47},{"not_picked":["Headbutt","Shrug It Off","Heavy Blade+1"],"picked":"Pommel Strike+1","floor":48}],"player_experience":18683,"relics_obtained":[{"floor":7,"key":"PreservedInsect"},{"floor":9,"key":"Ancient Tea Set"},{"floor":10,"key":"War Paint"},{"floor":14,"key":"Boot"},{"floor":23,"key":"Centennial Puzzle"},{"floor":25,"key":"Paper Frog"},{"floor":26,"key":"Bottled Lightning"},{"floor":29,"key":"Potion Belt"},{"floor":40,"key":"Shovel"},{"floor":42,"key":"Bag of Marbles"},{"floor":43,"key":"Strawberry"},{"floor":48,"key":"Incense Burner"},{"floor":49,"key":"Pocketwatch"}],"event_choices":[{"damage_healed":0,"gold_gain":0,"player_choice":"Grow","damage_taken":0,"max_hp_gain":0,"max_hp_loss":0,"event_name":"Living Wall","floor":3,"gold_loss":0,"cards_upgraded":["Thunderclap"]},{"cards_removed":["Defend_R"],"damage_healed":0,"gold_gain":0,"player_choice":"Card Removal","damage_taken":7,"max_hp_gain":0,"max_hp_loss":0,"event_name":"Golden Wing","floor":4,"gold_loss":0},{"damage_healed":0,"gold_gain":175,"player_choice":"AGREE","damage_taken":0,"max_hp_gain":0,"max_hp_loss":0,"event_name":"Liars Game","floor":5,"gold_loss":0,"cards_obtained":["Doubt"]},{"damage_healed":0,"gold_gain":30,"player_choice":"Searched \u00273\u0027 times","damage_taken":0,"max_hp_gain":0,"max_hp_loss":0,"event_name":"Dead Adventurer","floor":14,"gold_loss":0},{"damage_healed":0,"gold_gain":0,"player_choice":"Got Potions","damage_taken":0,"max_hp_gain":0,"max_hp_loss":0,"event_name":"Lab","floor":19,"gold_loss":0},{"damage_healed":0,"gold_gain":0,"player_choice":"Inject Mutagens","damage_taken":0,"relics_obtained":["MutagenicStrength"],"max_hp_gain":0,"max_hp_loss":0,"event_name":"Drug Dealer","floor":28,"gold_loss":0},{"damage_healed":0,"gold_gain":0,"player_choice":"Ignored","damage_taken":0,"max_hp_gain":0,"max_hp_loss":0,"event_name":"Ghosts","floor":31,"gold_loss":0},{"damage_healed":0,"gold_gain":0,"player_choice":"Memory 3","damage_taken":10,"max_hp_gain":0,"max_hp_loss":0,"event_name":"SensoryStone","floor":36,"gold_loss":0},{"damage_healed":0,"gold_gain":0,"player_choice":"Max HP","damage_taken":0,"max_hp_gain":0,"max_hp_loss":4,"event_name":"Winding Halls","floor":37,"gold_loss":0},{"cards_removed":["Strike_R"],"damage_healed":0,"gold_gain":0,"player_choice":"Removed Attack","damage_taken":0,"max_hp_gain":0,"max_hp_loss":0,"event_name":"Falling","floor":45,"gold_loss":0},{"damage_healed":0,"gold_gain":0,"player_choice":"Fight","damage_taken":0,"max_hp_gain":0,"max_hp_loss":0,"event_name":"MindBloom","floor":48,"gold_loss":0}],"is_beta":false,"boss_relics":[{"not_picked":["Orrery","Calling Bell"],"picked":"Velvet Choker"},{"not_picked":["Cursed Key","Philosopher\u0027s Stone"],"picked":"White Beast Statue"}],"items_purged_floors":[38],"is_endless":false,"potions_floor_spawned":[6,7,8,22,23,25,30,35,39,40,41,42,44,46,47,48],"ascension_level":0}