{"gold_per_floor":[114,131,281,51,16,42,42,69,122,138,148,148,180,193,193,267,267,280,280,280,294,294,323,323,358,383,383,20,20,38,88,88,162,162,173,7,26,26,41,41,70,70,141,21,21,34,61,86,98,110],"floor_reached":51,"playtime":3081,"items_purged":["Doubt","Writhe"],"score":1291,"play_id":"a9756335-36cc-4195-902d-6d19a594047a","local_time":"20190929194006","is_ascension_mode":true,"campfire_choices":[{"floor":7.0,"key":"REST"},{"floor":12.0,"key":"REST"},{"data":"Zap","floor":15.0,"key":"SMITH"},{"floor":24.0,"key":"REST"},{"floor":27.0,"key":"REST"},{"floor":32.0,"key":"REST"},{"floor":40.0,"key":"REST"},{"data":"Seek","floor":42.0,"key":"SMITH"},{"data":"Coolheaded","floor":49,"key":"SMITH"}],"neow_cost":"CURSE","seed_source_timestamp":75500662875900,"circlet_count":0,"master_deck":["AscendersBane","Strike_B","Defend_B","Defend_B","Defend_B","Defend_B","Zap+1","Dualcast","All For One","Cold Snap","Gash","Machine Learning","Coolheaded+1","Gash","Steam","All For One","Reboot","Coolheaded","Fusion","Biased Cognition","Gash","Reboot","Seek+1","Finesse","White Noise","Aggregate","Core Surge","Stack","Self Repair","Madness","Conserve Battery","Stack+1","White Noise+1","White Noise","FTL","Go for the Eyes+1","Hello World"],"special_seed":0,"relics":["FrozenCore","Bronze Scales","Anchor","Vajra","Tiny Chest","Question Card","Lizard Tail","Emotion Chip","Pen Nib","PreservedInsect","Juzu Bracelet","Blood Vial","Omamori","Strawberry","Letter Opener","Lantern","MawBank"],"potions_floor_usage":[48],"damage_taken":[{"damage":0.0,"enemies":"Small Slimes","floor":1.0,"turns":3.0},{"damage":11.0,"enemies":"2 Louse","floor":2.0,"turns":3.0},{"damage":32.0,"enemies":"Gremlin Nob","floor":6.0,"turns":4.0},{"damage":26.0,"enemies":"Lagavulin","floor":8.0,"turns":6.0},{"damage":0.0,"enemies":"Jaw Worm","floor":10.0,"turns":2.0},{"damage":5.0,"enemies":"3 Louse","floor":11.0,"turns":3.0},{"damage":18.0,"enemies":"Gremlin Nob","floor":13.0,"turns":4.0},{"damage":0.0,"enemies":"Gremlin Gang","floor":14.0,"turns":5.0},{"damage":15.0,"enemies":"Hexaghost","floor":16.0,"turns":6.0},{"damage":2.0,"enemies":"Chosen","floor":18.0,"turns":4.0},{"damage":15.0,"enemies":"Shell Parasite","floor":21.0,"turns":4.0},{"damage":29.0,"enemies":"Slavers","floor":23.0,"turns":6.0},{"damage":27.0,"enemies":"Book of Stabbing","floor":25.0,"turns":5.0},{"damage":17.0,"enemies":"Sentry and Sphere","floor":30.0,"turns":4.0},{"damage":54.0,"enemies":"Collector","floor":33.0,"turns":8.0},{"damage":26.0,"enemies":"3 Darklings","floor":35.0,"turns":6.0},{"damage":6.0,"enemies":"3 Shapes","floor":37.0,"turns":9.0},{"damage":12.0,"enemies":"Jaw Worm Horde","floor":39.0,"turns":4.0},{"damage":12.0,"enemies":"Nemesis","floor":41.0,"turns":5.0},{"damage":4.0,"enemies":"Transient","floor":46.0,"turns":5.0},{"damage":9,"enemies":"Giant Head","floor":48,"turns":7},{"damage":110,"enemies":"Time Eater","floor":50,"turns":10}],"seed_played":"-3694194947488308976","potions_obtained":[{"floor":6.0,"key":"Fire Potion"},{"floor":11.0,"key":"SkillPotion"},{"floor":14.0,"key":"PowerPotion"},{"floor":16.0,"key":"FairyPotion"},{"floor":18.0,"key":"Fire Potion"},{"floor":25.0,"key":"Weak Potion"},{"floor":37.0,"key":"EssenceOfSteel"},{"floor":39.0,"key":"Weak Potion"},{"floor":41.0,"key":"Weak Potion"}],"is_trial":false,"path_per_floor":["M","M","?","$","?","E","R","E","T","M","M","R","E","M","R","B",null,"M","?","?","M","T","E","R","E","T","R","$","?","M","?","R","B",null,"M","$","M","?","M","R","E","R","T","$","?","M","T","E","R","B",null],"character_chosen":"DEFECT","items_purchased":["Bronze Scales","Finesse","Blood Vial","White Noise","Self Repair","Madness","White Noise","PowerPotion"],"campfire_rested":6,"item_purchase_floors":[4,28,28,28,36,36,44,44],"current_hp_per_floor":[64,53,53,53,70,38,59,33,33,33,28,49,31,31,31,16,57,55,55,55,40,40,11,32,5,5,26,26,26,11,11,32,7,55,31,31,34,34,31,52,56,56,56,56,56,61,61,61,61,19],"gold":122,"neow_bonus":"THREE_RARE_CARDS","is_prod":false,"is_daily":false,"chose_seed":false,"campfire_upgraded":3,"win_rate":0,"timestamp":1569778806,"path_taken":["M","M","?","$","?","E","R","E","T","M","M","R","E","M","R","BOSS","M","?","?","M","?","E","R","E","T","R","$","?","M","?","R","BOSS","M","$","M","?","M","R","E","R","T","?","?","M","?","E","R","BOSS"],"build_version":"2019-07-17","purchased_purges":2,"victory":true,"max_hp_per_floor":[71,71,71,71,71,71,71,71,71,71,71,71,71,71,71,71,71,71,71,71,71,71,71,71,71,71,71,71,71,71,71,71,71,71,71,71,71,71,71,71,78,78,78,78,78,78,78,78,78,78],"card_choices":[{"not_picked":["Hyperbeam","Rainbow"],"picked":"All For One","floor":0.0},{"not_picked":["Beam Cell","Tempest"],"picked":"Cold Snap","floor":1.0},{"not_picked":["Coolheaded","Sweeping Beam"],"picked":"Gash","floor":2.0},{"not_picked":["Force Field","Barrage"],"picked":"Machine Learning","floor":6.0},{"not_picked":["Sweeping Beam","Barrage"],"picked":"Static Discharge","floor":8.0},{"not_picked":["Ball Lightning","Leap"],"picked":"Coolheaded","floor":10.0},{"not_picked":["Capacitor","Rebound"],"picked":"Gash","floor":11.0},{"not_picked":["Rebound","Force Field"],"picked":"Steam","floor":13.0},{"not_picked":["Barrage","Sweeping Beam","Steam"],"picked":"All For One","floor":14.0},{"not_picked":["Thunder Strike","Fission","Amplify"],"picked":"Reboot","floor":16.0},{"not_picked":["Steam Power","Sweeping Beam","Compile Driver"],"picked":"Coolheaded","floor":18.0},{"not_picked":["Reinforced Body","Redo","Beam Cell"],"picked":"Gash","floor":21.0},{"not_picked":["Ball Lightning","Steam","Leap"],"picked":"Reboot","floor":23.0},{"not_picked":["Conserve Battery","Core Surge","Amplify"],"picked":"Seek","floor":25.0},{"not_picked":["Rebound","Sweeping Beam+1","Hologram"],"picked":"Aggregate","floor":30.0},{"not_picked":["Rainbow","Fission","Amplify"],"picked":"Core Surge","floor":33.0},{"not_picked":["Reprogram","Storm+1","Tempest"],"picked":"Stack","floor":35.0},{"not_picked":["Consume","Auto Shields","Turbo"],"picked":"Conserve Battery","floor":37.0},{"not_picked":["Storm","Leap+1","Sweeping Beam"],"picked":"Stack+1","floor":39.0},{"not_picked":["Sunder","Melter","Cold Snap+1"],"picked":"White Noise+1","floor":41.0},{"not_picked":["Auto Shields","Coolheaded+1","Conserve Battery+1"],"picked":"Go for the Eyes+1","floor":46.0},{"not_picked":["Rebound","Steam Power","Leap+1"],"picked":"Hello World","floor":48}],"player_experience":383916,"relics_obtained":[{"floor":6.0,"key":"Anchor"},{"floor":8.0,"key":"Vajra"},{"floor":9.0,"key":"Tiny Chest"},{"floor":13.0,"key":"Question Card"},{"floor":22.0,"key":"Emotion Chip"},{"floor":23.0,"key":"Pen Nib"},{"floor":25.0,"key":"PreservedInsect"},{"floor":26.0,"key":"Juzu Bracelet"},{"floor":41.0,"key":"Strawberry"},{"floor":43.0,"key":"Letter Opener"},{"floor":47.0,"key":"Lantern"},{"floor":48,"key":"MawBank"}],"event_choices":[{"damage_healed":0.0,"max_hp_gain":0.0,"max_hp_loss":0.0,"gold_gain":150.0,"event_name":"Liars Game","player_choice":"AGREE","floor":3.0,"gold_loss":0.0,"damage_taken":0.0,"cards_obtained":["Doubt"]},{"damage_healed":17.0,"max_hp_gain":0.0,"max_hp_loss":0.0,"gold_gain":0.0,"event_name":"The Cleric","player_choice":"Healed","floor":5.0,"gold_loss":35.0,"damage_taken":0.0},{"damage_healed":0.0,"max_hp_gain":0.0,"max_hp_loss":0.0,"gold_gain":0.0,"event_name":"Ghosts","player_choice":"Ignored","floor":19.0,"gold_loss":0.0,"damage_taken":0.0},{"damage_healed":0.0,"max_hp_gain":0.0,"max_hp_loss":0.0,"gold_gain":0.0,"cards_transformed":["Strike_B","Strike_B"],"event_name":"Drug Dealer","player_choice":"Became Test Subject","floor":20.0,"gold_loss":0.0,"damage_taken":0.0,"cards_obtained":["Fusion","Biased Cognition"]},{"cards_removed":["Static Discharge"],"damage_healed":0.0,"max_hp_gain":0.0,"max_hp_loss":0.0,"gold_gain":0.0,"event_name":"WeMeetAgain","player_choice":"Gave Card","floor":29.0,"gold_loss":0.0,"damage_taken":0.0,"relics_obtained":["Omamori"]},{"damage_healed":0.0,"max_hp_gain":0.0,"max_hp_loss":0.0,"gold_gain":50.0,"event_name":"Nest","player_choice":"Stole From Cult","floor":31.0,"gold_loss":0.0,"damage_taken":0.0},{"damage_healed":0.0,"max_hp_gain":0.0,"max_hp_loss":0.0,"gold_gain":0.0,"event_name":"The Moai Head","player_choice":"Ignored","floor":38.0,"gold_loss":0.0,"damage_taken":0.0},{"damage_healed":0.0,"max_hp_gain":0.0,"max_hp_loss":0.0,"gold_gain":0.0,"cards_transformed":["Strike_B"],"event_name":"Transmorgrifier","player_choice":"Transformed","floor":45.0,"gold_loss":0.0,"damage_taken":0.0,"cards_obtained":["FTL"]}],"is_beta":false,"boss_relics":[{"not_picked":["Pandora\u0027s Box","Nuclear Battery"],"picked":"Lizard Tail"},{"not_picked":["White Beast Statue","Astrolabe"],"picked":"FrozenCore"}],"items_purged_floors":[4,28],"is_endless":false,"potions_floor_spawned":[6,11,14,16,18,21,25,37,39,41],"ascension_level":15}