{"gold_per_floor":[109,209,225,236,254,283,283,316,316,335,370,370,370,383,383,488,488,488,488,488,8,8,8,8,8,8,8,8,8,8,8,8,8,8,8,8,8,8,8,8,8,8,8,8,8,8,8,8,8,8],"floor_reached":51,"playtime":5200,"items_purged":[],"score":1142,"play_id":"a8aef380-e498-45d9-bdf2-2691f90720fe","local_time":"20190923204250","is_ascension_mode":true,"campfire_choices":[{"floor":7.0,"key":"REST"},{"floor":12.0,"key":"REST"},{"floor":15.0,"key":"REST"},{"floor":30,"key":"REST"},{"data":"Crippling Poison","floor":32,"key":"SMITH"},{"data":"Catalyst","floor":40,"key":"SMITH"},{"data":"Deadly Poison","floor":42,"key":"SMITH"},{"data":"Survivor","floor":49,"key":"SMITH"}],"neow_cost":"NONE","seed_source_timestamp":3630653967377100,"circlet_count":0,"master_deck":["Strike_G","Strike_G","Strike_G","Strike_G","Defend_G","Defend_G","Defend_G","Defend_G","Defend_G","Survivor+1","Neutralize","Dagger Throw","Poisoned Stab","Dodge and Roll","Poisoned Stab","PiercingWail","Flying Knee","Crippling Poison+1","Doppelganger","Deadly Poison+1","Dagger Throw+1","Tools of the Trade","Well Laid Plans","Acrobatics","Catalyst+1","Dagger Throw+1","Deflect+1","Bane+1","Tools of the Trade","Acrobatics","Heel Hook","Tools of the Trade","Tactician+1","Tools of the Trade","Well Laid Plans","Prepared+1","Blur","Poisoned Stab","Terror","Crippling Poison","Concentrate+1","Deadly Poison"],"special_seed":0,"relics":["Ring of the Serpent","Blue Candle","Bird Faced Urn","Tough Bandages","Tingsha","Ectoplasm","Bag of Marbles","Lantern","Potion Belt","Red Mask","Ancient Tea Set","Strawberry","Snake Skull","Pocketwatch","Whetstone","Centennial Puzzle","StoneCalendar"],"potions_floor_usage":[28,29,50,50],"damage_taken":[{"damage":0.0,"enemies":"2 Louse","floor":1.0,"turns":3.0},{"damage":0.0,"enemies":"Cultist","floor":3.0,"turns":4.0},{"damage":0.0,"enemies":"Jaw Worm","floor":4.0,"turns":3.0},{"damage":3.0,"enemies":"2 Fungi Beasts","floor":5.0,"turns":4.0},{"damage":44.0,"enemies":"Lagavulin","floor":6.0,"turns":10.0},{"damage":26.0,"enemies":"Gremlin Nob","floor":8.0,"turns":4.0},{"damage":0.0,"enemies":"3 Louse","floor":10.0,"turns":5.0},{"damage":17.0,"enemies":"3 Sentries","floor":11.0,"turns":10.0},{"damage":8.0,"enemies":"Exordium Wildlife","floor":14.0,"turns":5.0},{"damage":24.0,"enemies":"The Guardian","floor":16.0,"turns":13.0},{"damage":7.0,"enemies":"Chosen","floor":18.0,"turns":5.0},{"damage":14.0,"enemies":"Shell Parasite","floor":19.0,"turns":7.0},{"damage":14.0,"enemies":"Chosen and Byrds","floor":20.0,"turns":7.0},{"damage":23.0,"enemies":"Book of Stabbing","floor":23.0,"turns":6.0},{"damage":17.0,"enemies":"Masked Bandits","floor":24.0,"turns":4.0},{"damage":7.0,"enemies":"Snake Plant","floor":25.0,"turns":4.0},{"damage":4.0,"enemies":"Centurion and Healer","floor":27.0,"turns":6.0},{"damage":0,"enemies":"Sentry and Sphere","floor":28,"turns":3},{"damage":9,"enemies":"Slavers","floor":29,"turns":5},{"damage":1,"enemies":"3 Cultists","floor":31,"turns":4},{"damage":24,"enemies":"Automaton","floor":33,"turns":8},{"damage":3,"enemies":"3 Shapes","floor":35,"turns":4},{"damage":7,"enemies":"Orb Walker","floor":37,"turns":4},{"damage":19,"enemies":"Writhing Mass","floor":38,"turns":6},{"damage":14,"enemies":"Sphere and 2 Shapes","floor":39,"turns":4},{"damage":1,"enemies":"Giant Head","floor":41,"turns":8},{"damage":11,"enemies":"Nemesis","floor":44,"turns":5},{"damage":8,"enemies":"3 Darklings","floor":46,"turns":4},{"damage":12,"enemies":"Giant Head","floor":47,"turns":6},{"damage":10,"enemies":"Maw","floor":48,"turns":6},{"damage":63,"enemies":"Awakened One","floor":50,"turns":14}],"seed_played":"3730217161802756183","potions_obtained":[{"floor":3.0,"key":"LiquidBronze"},{"floor":6.0,"key":"Fire Potion"},{"floor":14.0,"key":"Swift Potion"},{"floor":20.0,"key":"Poison Potion"},{"floor":23.0,"key":"GhostInAJar"},{"floor":28,"key":"PowerPotion"},{"floor":29,"key":"Fire Potion"},{"floor":31,"key":"SteroidPotion"},{"floor":37,"key":"SkillPotion"},{"floor":38,"key":"Fire Potion"},{"floor":44,"key":"SpeedPotion"}],"is_trial":false,"path_per_floor":["M","?","M","M","M","E","R","E","T","M","E","R","?","M","R","B",null,"M","M","M","$","?","E","?","M","T","M","M","E","R","M","R","B",null,"M","?","M","M","M","R","E","R","T","E","T","M","E","M","R","B",null],"character_chosen":"THE_SILENT","items_purchased":["Bag of Marbles","Lantern","GhostInAJar","Well Laid Plans","Acrobatics"],"campfire_rested":4,"item_purchase_floors":[21,21,21,21,21],"current_hp_per_floor":[70,70,70,70,67,23,46,20,20,20,3,26,19,11,34,10,60,53,39,25,25,50,31,18,15,15,15,19,25,50,55,55,37,72,77,77,80,70,68,68,79,79,79,80,80,84,72,72,72,21],"gold":8,"neow_bonus":"TEN_PERCENT_HP_BONUS","is_prod":false,"is_daily":false,"chose_seed":false,"campfire_upgraded":4,"win_rate":0,"timestamp":1569264170,"path_taken":["M","?","?","M","M","E","R","E","T","M","E","R","?","M","R","BOSS","M","M","M","$","?","E","?","M","T","M","M","E","R","M","R","BOSS","M","?","M","?","M","R","E","R","T","E","?","M","E","M","R","BOSS"],"build_version":"2019-07-17","purchased_purges":0,"victory":true,"max_hp_per_floor":[77,77,77,77,77,77,77,77,77,77,77,77,77,77,77,77,77,77,77,77,77,77,77,77,77,77,77,77,84,84,84,84,84,84,84,84,84,84,84,84,84,84,84,84,84,84,84,84,84,84],"card_choices":[{"not_picked":["Dodge and Roll","Setup"],"picked":"Dagger Throw","floor":1.0},{"not_picked":["Cloak And Dagger","Prepared"],"picked":"Poisoned Stab","floor":3.0},{"not_picked":["Blade Dance","Expertise"],"picked":"Dodge and Roll","floor":4.0},{"not_picked":["Expertise","Finisher"],"picked":"Poisoned Stab","floor":5.0},{"not_picked":["Dagger Throw","Choke"],"picked":"PiercingWail","floor":6.0},{"not_picked":["Flechettes","Acrobatics","PiercingWail"],"picked":"SKIP","floor":8.0},{"not_picked":["Accuracy","Eviscerate","Calculated Gamble"],"picked":"SKIP","floor":10.0},{"not_picked":["Predator","Outmaneuver"],"picked":"Flying Knee","floor":11.0},{"not_picked":["Riddle With Holes","Sucker Punch"],"picked":"Crippling Poison","floor":14.0},{"not_picked":["Storm of Steel","Night Terror"],"picked":"Doppelganger","floor":16.0},{"not_picked":["Dodge and Roll","Poisoned Stab"],"picked":"Deadly Poison","floor":18.0},{"not_picked":["Deadly Poison","Skewer+1"],"picked":"Dagger Throw+1","floor":19.0},{"not_picked":["Sucker Punch","Bane"],"picked":"Tools of the Trade","floor":20.0},{"not_picked":["Riddle With Holes","Reflex"],"picked":"Catalyst","floor":23.0},{"not_picked":["Distraction","Deadly Poison"],"picked":"Dagger Throw","floor":24.0},{"not_picked":["Setup","Acrobatics"],"picked":"Deflect+1","floor":25.0},{"not_picked":["Expertise","Blade Dance"],"picked":"Bane","floor":27.0},{"not_picked":["Outmaneuver","Dodge and Roll"],"picked":"Tools of the Trade","floor":28},{"not_picked":["Dagger Spray","Distraction"],"picked":"Acrobatics","floor":29},{"not_picked":["Infinite Blades","Flechettes"],"picked":"Heel Hook","floor":31},{"not_picked":["Phantasmal Killer","Die Die Die"],"picked":"Tools of the Trade","floor":33},{"not_picked":["Distraction+1","Endless Agony"],"picked":"Tactician+1","floor":35},{"not_picked":["Bane","Dagger Spray+1"],"picked":"Well Laid Plans","floor":37},{"not_picked":["Crippling Poison+1","Sucker Punch+1"],"picked":"Prepared+1","floor":38},{"not_picked":["Deadly Poison+1","Predator"],"picked":"Blur","floor":39},{"not_picked":["Riddle With Holes+1","Quick Slash+1"],"picked":"Poisoned Stab","floor":41},{"not_picked":["Backstab+1","Phantasmal Killer"],"picked":"Terror","floor":44},{"not_picked":["Accuracy+1","Quick Slash"],"picked":"Crippling Poison","floor":46},{"not_picked":["Skewer+1","Quick Slash+1"],"picked":"Concentrate+1","floor":47},{"not_picked":["Riddle With Holes","Blade Dance"],"picked":"Deadly Poison","floor":48}],"player_experience":319243,"relics_obtained":[{"floor":6.0,"key":"Blue Candle"},{"floor":8.0,"key":"Bird Faced Urn"},{"floor":9.0,"key":"Tough Bandages"},{"floor":11.0,"key":"Tingsha"},{"floor":23.0,"key":"Potion Belt"},{"floor":24.0,"key":"Red Mask"},{"floor":26.0,"key":"Ancient Tea Set"},{"floor":29,"key":"Strawberry"},{"floor":41,"key":"Snake Skull"},{"floor":43,"key":"Pocketwatch"},{"floor":44,"key":"Whetstone"},{"floor":45,"key":"Centennial Puzzle"},{"floor":47,"key":"StoneCalendar"}],"event_choices":[{"damage_healed":0.0,"max_hp_gain":0.0,"max_hp_loss":0.0,"gold_gain":100.0,"event_name":"Wheel of Change","player_choice":"Gold","floor":2.0,"gold_loss":0.0,"damage_taken":0.0},{"cards_removed":["Strike_G"],"damage_healed":0.0,"max_hp_gain":0.0,"max_hp_loss":0.0,"gold_gain":0.0,"event_name":"Golden Wing","player_choice":"Card Removal","floor":13.0,"gold_loss":0.0,"damage_taken":7.0},{"damage_healed":25.0,"max_hp_gain":0.0,"max_hp_loss":0.0,"gold_gain":0.0,"event_name":"The Library","player_choice":"Heal","floor":22.0,"gold_loss":0.0,"damage_taken":0.0},{"damage_healed":0.0,"max_hp_gain":0.0,"max_hp_loss":0.0,"gold_gain":0.0,"event_name":"Masked Bandits","player_choice":"Fought Bandits","floor":24.0,"gold_loss":0.0,"damage_taken":0.0},{"damage_healed":0,"gold_gain":0,"player_choice":"Copied","damage_taken":0,"max_hp_gain":0,"max_hp_loss":0,"event_name":"Duplicator","floor":36,"gold_loss":0,"cards_obtained":["Tools of the Trade"]}],"is_beta":false,"boss_relics":[{"not_picked":["Snecko Eye","WristBlade"],"picked":"Ectoplasm"},{"not_picked":["Coffee Dripper","Tiny House"],"picked":"Ring of the Serpent"}],"items_purged_floors":[],"is_endless":false,"potions_floor_spawned":[3,6,14,20,23,28,29,31,37,38,44],"ascension_level":9}