{"gold_per_floor":[119,294,314,331,281,309,309,340,340,356,356,376,403,421,421,421],"floor_reached":16,"playtime":719,"items_purged":[],"score":177,"play_id":"af30c4fe-9a95-44e4-a046-1fff3540bf54","local_time":"20190923052849","is_ascension_mode":true,"campfire_choices":[{"data":"Crippling Poison","floor":11.0,"key":"SMITH"},{"floor":15.0,"key":"REST"}],"neow_cost":"NONE","seed_source_timestamp":3580517189968500,"circlet_count":0,"master_deck":["Strike_G","Strike_G","Strike_G","Strike_G","Strike_G","Defend_G","Defend_G","Defend_G","Defend_G","Defend_G","Survivor","Neutralize+1","Flying Knee","Deadly Poison","Die Die Die","Bane","Poisoned Stab","Crippling Poison+1","Blur","Caltrops","PiercingWail"],"special_seed":0,"relics":["Ring of the Snake","Oddly Smooth Stone","Dodecahedron","Pen Nib","Boot"],"potions_floor_usage":[],"damage_taken":[{"damage":0.0,"enemies":"2 Louse","floor":1.0,"turns":3.0},{"damage":2.0,"enemies":"Jaw Worm","floor":3.0,"turns":5.0},{"damage":0.0,"enemies":"Cultist","floor":4.0,"turns":4.0},{"damage":6.0,"enemies":"3 Sentries","floor":6.0,"turns":8.0},{"damage":17.0,"enemies":"Lagavulin","floor":8.0,"turns":9.0},{"damage":0.0,"enemies":"Exordium Wildlife","floor":10.0,"turns":3.0},{"damage":9.0,"enemies":"Large Slime","floor":12.0,"turns":3.0},{"damage":14.0,"enemies":"Gremlin Nob","floor":13.0,"turns":4.0},{"damage":8.0,"enemies":"Looter","floor":14.0,"turns":3.0},{"damage":39,"enemies":"Slime Boss","floor":16,"turns":8}],"seed_played":"-4125715161097936978","potions_obtained":[{"floor":3.0,"key":"Dexterity Potion"},{"floor":4.0,"key":"Poison Potion"},{"floor":6.0,"key":"PowerPotion"}],"is_trial":false,"path_per_floor":["M","?","M","M","?","E","?","E","T","M","R","M","E","M","R","B"],"character_chosen":"THE_SILENT","items_purchased":[],"campfire_rested":1,"item_purchase_floors":[],"current_hp_per_floor":[70,70,68,68,68,62,62,45,45,45,45,36,22,14,37,0],"gold":421,"neow_bonus":"TEN_PERCENT_HP_BONUS","is_prod":false,"is_daily":false,"chose_seed":false,"campfire_upgraded":1,"win_rate":0,"timestamp":1569209329,"path_taken":["M","?","M","M","?","E","?","E","T","M","R","?","E","M","R","BOSS"],"build_version":"2019-07-17","purchased_purges":0,"victory":false,"max_hp_per_floor":[77,77,77,77,77,77,77,77,77,77,77,77,77,77,77,77],"card_choices":[{"not_picked":["Slice","Leg Sweep"],"picked":"Flying Knee","floor":1.0},{"not_picked":["Infinite Blades","PiercingWail"],"picked":"Deadly Poison","floor":3.0},{"not_picked":["Slice","Backflip"],"picked":"Die Die Die","floor":4.0},{"not_picked":["Finisher","Infinite Blades"],"picked":"Bane","floor":6.0},{"not_picked":["Tactician","Quick Slash"],"picked":"Poisoned Stab","floor":8.0},{"not_picked":["Flechettes","Dagger Throw"],"picked":"Crippling Poison","floor":10.0},{"not_picked":["Concentrate","Blade Dance"],"picked":"Blur","floor":12.0},{"not_picked":["Blur","Blade Dance"],"picked":"Caltrops","floor":13.0},{"not_picked":["Cloak And Dagger","Deflect"],"picked":"PiercingWail","floor":14.0}],"player_experience":312215,"relics_obtained":[{"floor":6.0,"key":"Oddly Smooth Stone"},{"floor":8.0,"key":"Dodecahedron"},{"floor":9.0,"key":"Pen Nib"},{"floor":13.0,"key":"Boot"}],"event_choices":[{"damage_healed":0.0,"max_hp_gain":0.0,"max_hp_loss":0.0,"gold_gain":175.0,"event_name":"Liars Game","player_choice":"AGREE","floor":2.0,"gold_loss":0.0,"damage_taken":0.0,"cards_obtained":["Doubt"]},{"cards_removed":["Doubt"],"damage_healed":0.0,"max_hp_gain":0.0,"max_hp_loss":0.0,"gold_gain":0.0,"event_name":"The Cleric","player_choice":"Card Removal","floor":5.0,"gold_loss":50.0,"damage_taken":0.0},{"damage_healed":0.0,"max_hp_gain":0.0,"max_hp_loss":0.0,"gold_gain":0.0,"event_name":"Upgrade Shrine","player_choice":"Upgraded","floor":7.0,"gold_loss":0.0,"damage_taken":0.0,"cards_upgraded":["Neutralize"]}],"is_beta":false,"boss_relics":[],"items_purged_floors":[],"is_endless":false,"potions_floor_spawned":[3,4,6],"killed_by":"Slime Boss","ascension_level":9}