{"gold_per_floor":[109,109,30,45,63,63,88,98,144,144,159,174,174,194,194,291,291,310,322,340,340],"floor_reached":21,"playtime":1742,"items_purged":[],"score":185,"play_id":"bf8608b4-5883-4bda-9e66-7395dbe2039f","local_time":"20190710140152","is_ascension_mode":false,"campfire_choices":[{"data":"Rage","floor":6,"key":"SMITH"},{"floor":10,"key":"REST"},{"floor":15,"key":"REST"}],"neow_cost":"NONE","seed_source_timestamp":560888317715198,"circlet_count":0,"master_deck":["Strike_R","Strike_R","Strike_R","Strike_R","Defend_R+1","Defend_R","Defend_R","Defend_R+1","Bash","Berserk","Iron Wave","Rage+1","Burning Pact","Flex","Pommel Strike","Dropkick","Heavy Blade","Double Tap","Juggernaut","Pommel Strike","Flex","Anger"],"relics":["Black Blood","Dodecahedron","Oddly Smooth Stone","Omamori"],"potions_floor_usage":[16,16,16,19,21],"damage_taken":[{"damage":13,"enemies":"2 Louse","floor":1,"turns":3},{"damage":4,"enemies":"Cultist","floor":4,"turns":4},{"damage":2,"enemies":"Jaw Worm","floor":5,"turns":3},{"damage":39,"enemies":"3 Sentries","floor":7,"turns":14},{"damage":10,"enemies":"Lots of Slimes","floor":8,"turns":5},{"damage":10,"enemies":"Red Slaver","floor":11,"turns":3},{"damage":9,"enemies":"Looter","floor":12,"turns":3},{"damage":18,"enemies":"2 Fungi Beasts","floor":14,"turns":3},{"damage":62,"enemies":"Slime Boss","floor":16,"turns":16},{"damage":32,"enemies":"Shell Parasite","floor":18,"turns":6},{"damage":30,"enemies":"3 Byrds","floor":19,"turns":7},{"damage":20,"enemies":"Cultist and Chosen","floor":20,"turns":7},{"damage":31,"enemies":"Snake Plant","floor":21,"turns":3}],"seed_played":"-6912712200826184529","potions_obtained":[{"floor":7,"key":"Energy Potion"},{"floor":8,"key":"BloodPotion"},{"floor":12,"key":"SpeedPotion"},{"floor":16,"key":"PowerPotion"},{"floor":18,"key":"Explosive Potion"}],"is_trial":false,"path_per_floor":["M","?","?","M","M","R","E","M","T","R","M","M","?","M","R","B",null,"M","M","M","M"],"character_chosen":"IRONCLAD","items_purchased":[],"campfire_rested":2,"item_purchase_floors":[],"current_hp_per_floor":[73,57,57,59,63,63,30,26,26,50,46,43,43,31,55,19,80,58,38,28,0],"gold":340,"neow_bonus":"ONE_RANDOM_RARE_CARD","is_prod":false,"is_daily":false,"chose_seed":false,"campfire_upgraded":1,"win_rate":0,"timestamp":1562760112,"path_taken":["M","?","?","?","M","R","E","M","T","R","M","M","?","M","R","BOSS","M","M","M","?"],"build_version":"2019-07-05","purchased_purges":0,"victory":false,"max_hp_per_floor":[80,80,80,80,80,80,80,80,80,80,80,80,80,80,80,80,80,80,80,80,80],"card_choices":[{"not_picked":["Flex","Armaments"],"picked":"Iron Wave","floor":1},{"not_picked":["Fire Breathing","Ghostly Armor"],"picked":"Rage","floor":4},{"not_picked":["Heavy Blade","Blood for Blood"],"picked":"Burning Pact","floor":5},{"not_picked":["Hemokinesis","Disarm"],"picked":"Flex","floor":7},{"not_picked":["Flex","Anger"],"picked":"Pommel Strike","floor":8},{"not_picked":["Hemokinesis","Spot Weakness"],"picked":"Dropkick","floor":11},{"not_picked":["Fire Breathing","Warcry"],"picked":"Heavy Blade","floor":12},{"not_picked":["True Grit","Armaments"],"picked":"Double Tap","floor":14},{"not_picked":["Impervious","Fiend Fire"],"picked":"Juggernaut","floor":16},{"not_picked":["Dual Wield","Thunderclap"],"picked":"Pommel Strike","floor":18},{"not_picked":["Burning Pact","Shockwave"],"picked":"Flex","floor":19},{"not_picked":["Disarm+1","Warcry"],"picked":"Anger","floor":20}],"player_experience":26743,"relics_obtained":[{"floor":7,"key":"Oddly Smooth Stone"},{"floor":9,"key":"Omamori"}],"event_choices":[{"damage_healed":0,"gold_gain":0,"player_choice":"Entered Light","damage_taken":16,"max_hp_gain":0,"max_hp_loss":0,"event_name":"Shining Light","floor":2,"gold_loss":0,"cards_upgraded":["Defend_R","Defend_R"]},{"damage_healed":0,"gold_gain":0,"player_choice":"Paid Gold","damage_taken":0,"relics_obtained":["Dodecahedron"],"max_hp_gain":0,"max_hp_loss":0,"event_name":"WeMeetAgain","floor":3,"gold_loss":79},{"cards_removed":["Strike_R"],"damage_healed":0,"gold_gain":0,"player_choice":"Purged","damage_taken":0,"max_hp_gain":0,"max_hp_loss":0,"event_name":"Purifier","floor":13,"gold_loss":0}],"is_beta":false,"boss_relics":[{"not_picked":["Lizard Tail","Eternal Feather"],"picked":"Black Blood"}],"items_purged_floors":[],"is_endless":false,"potions_floor_spawned":[7,8,12,16,18],"killed_by":"Snake Plant","ascension_level":0}