{"gold_per_floor":[119,136,136,136,100,100,130,130,156,167,184,204,222,250,250,347,347,362,362,382,382,382,408,420,432,444,456,483,495,535,563,575,689,701,733,745,757,784,810,822],"floor_reached":40,"playtime":3377,"items_purged":[],"score":486,"play_id":"30fa7b4f-4548-4545-ab87-4770434bc978","local_time":"20190903212754","is_ascension_mode":false,"campfire_choices":[{"floor":6,"key":"RECALL"},{"data":"Double Tap","floor":8,"key":"SMITH"},{"floor":15,"key":"REST"},{"floor":24,"key":"REST"},{"floor":27,"key":"REST"},{"data":"Berserk","floor":29,"key":"SMITH"},{"data":"Demon Form","floor":32,"key":"SMITH"}],"neow_cost":"NONE","seed_source_timestamp":1907530280041100,"circlet_count":0,"master_deck":["Strike_R+1","Strike_R+1","Strike_R+1","Strike_R+1","Strike_R+1","Defend_R+1","Defend_R+1","Defend_R+1","Defend_R+1","Bash","Finesse","Armaments+1","Shrug It Off","Rage","Double Tap+1","Heavy Blade","Armaments","Inflame","Clash","Double Tap","Berserk+1","Whirlwind","RitualDagger","Clash+1","Blood for Blood","Armaments","Demon Form+1","Havoc+1","Reaper","Armaments+1","Dramatic Entrance","Apotheosis","Mind Blast","Iron Wave","Cleave+1"],"relics":["Burning Blood","Torii","Nunchaku","Black Star","Nilry\u0027s Codex","MawBank","Ancient Tea Set","Letter Opener","Potion Belt","Boot","Gremlin Horn","Lizard Tail"],"potions_floor_usage":[14,16,23,30,33,33,33,39,40],"damage_taken":[{"damage":0,"enemies":"Small Slimes","floor":1,"turns":4},{"damage":1,"enemies":"Jaw Worm","floor":2,"turns":3},{"damage":22,"enemies":"3 Sentries","floor":7,"turns":18},{"damage":0,"enemies":"Cultist","floor":10,"turns":3},{"damage":2,"enemies":"Large Slime","floor":11,"turns":7},{"damage":0,"enemies":"3 Louse","floor":12,"turns":3},{"damage":1,"enemies":"Looter","floor":13,"turns":3},{"damage":25,"enemies":"Gremlin Nob","floor":14,"turns":4},{"damage":31,"enemies":"Slime Boss","floor":16,"turns":11},{"damage":23,"enemies":"2 Thieves","floor":18,"turns":5},{"damage":14,"enemies":"Chosen","floor":20,"turns":4},{"damage":21,"enemies":"Book of Stabbing","floor":23,"turns":6},{"damage":11,"enemies":"3 Cultists","floor":28,"turns":4},{"damage":2,"enemies":"Gremlin Leader","floor":30,"turns":5},{"damage":12,"enemies":"Sentry and Sphere","floor":31,"turns":4},{"damage":39,"enemies":"Collector","floor":33,"turns":5},{"damage":3,"enemies":"3 Darklings","floor":35,"turns":5},{"damage":21,"enemies":"3 Shapes","floor":38,"turns":2},{"damage":58,"enemies":"Writhing Mass","floor":39,"turns":7},{"damage":94,"enemies":"Giant Head","floor":40,"turns":6}],"seed_played":"5149977624785075496","potions_obtained":[{"floor":10,"key":"Energy Potion"},{"floor":12,"key":"Ancient Potion"},{"floor":14,"key":"LiquidBronze"},{"floor":20,"key":"Poison Potion"},{"floor":23,"key":"Energy Potion"},{"floor":28,"key":"FearPotion"},{"floor":31,"key":"FearPotion"},{"floor":35,"key":"Fire Potion"},{"floor":39,"key":"SteroidPotion"}],"is_trial":false,"path_per_floor":["M","M","?","?","$","R","E","R","T","M","M","M","M","E","R","B",null,"M","?","M","?","?","E","R","T","T","R","M","R","E","M","R","B",null,"M","?","?","M","M","E"],"character_chosen":"IRONCLAD","items_purchased":["Rage"],"campfire_rested":3,"item_purchase_floors":[5],"current_hp_per_floor":[80,80,80,80,80,80,64,64,64,70,74,80,80,61,80,55,80,63,57,49,49,33,18,42,42,42,66,61,61,65,59,59,26,80,80,70,70,55,9,0],"gold":822,"neow_bonus":"RANDOM_COLORLESS","is_prod":false,"is_daily":false,"chose_seed":false,"campfire_upgraded":3,"win_rate":0,"timestamp":1567538874,"path_taken":["M","M","?","?","?","R","E","R","T","M","M","M","M","E","R","BOSS","M","?","M","?","?","E","R","?","T","R","M","R","E","M","R","BOSS","M","?","?","?","M","E"],"build_version":"2019-07-17","purchased_purges":0,"victory":false,"max_hp_per_floor":[80,80,80,80,80,80,80,80,80,80,80,80,80,80,80,80,80,80,80,80,80,80,80,80,80,80,80,80,80,80,80,80,80,80,80,80,80,80,80,80],"card_choices":[{"not_picked":["Rupture","Flex"],"picked":"Armaments","floor":1},{"not_picked":["Pommel Strike","Wild Strike"],"picked":"Shrug It Off","floor":2},{"not_picked":["Havoc","Bloodletting"],"picked":"Double Tap","floor":7},{"not_picked":["Warcry","Havoc"],"picked":"Heavy Blade","floor":10},{"not_picked":["Rage","Havoc"],"picked":"Armaments","floor":11},{"not_picked":["Blood for Blood","Armaments"],"picked":"Inflame","floor":12},{"not_picked":["Havoc","Headbutt"],"picked":"Clash","floor":13},{"not_picked":["Corruption","Rupture"],"picked":"Double Tap","floor":14},{"not_picked":["Bludgeon","Reaper"],"picked":"Berserk","floor":16},{"not_picked":["Corruption+1","True Grit"],"picked":"Whirlwind","floor":18},{"not_picked":["Hemokinesis","Dropkick"],"picked":"Clash+1","floor":20},{"not_picked":["Evolve","Clash"],"picked":"Blood for Blood","floor":23},{"not_picked":["Searing Blow","Second Wind"],"picked":"Armaments","floor":28},{"not_picked":["Flex","Metallicize"],"picked":"Demon Form","floor":30},{"not_picked":["Headbutt","Hemokinesis"],"picked":"Havoc+1","floor":31},{"not_picked":["Juggernaut","Berserk"],"picked":"Reaper","floor":33},{"not_picked":["True Grit+1","Flex+1"],"picked":"Armaments+1","floor":35},{"not_picked":["PanicButton","Trip"],"picked":"Dramatic Entrance","floor":36},{"not_picked":["Forethought","PanicButton"],"picked":"Apotheosis","floor":36},{"not_picked":["Apotheosis","HandOfGreed"],"picked":"Mind Blast","floor":36},{"not_picked":["Twin Strike","Flex"],"picked":"Iron Wave","floor":38},{"not_picked":["Clash","Pummel"],"picked":"Cleave+1","floor":39}],"player_experience":65094,"relics_obtained":[{"floor":7,"key":"Torii"},{"floor":14,"key":"Nunchaku"},{"floor":22,"key":"Nilry\u0027s Codex"},{"floor":23,"key":"MawBank"},{"floor":23,"key":"Ancient Tea Set"},{"floor":25,"key":"Letter Opener"},{"floor":26,"key":"Potion Belt"},{"floor":30,"key":"Boot"},{"floor":30,"key":"Gremlin Horn"}],"event_choices":[{"damage_healed":0,"gold_gain":0,"player_choice":"Grow","damage_taken":0,"max_hp_gain":0,"max_hp_loss":0,"event_name":"Living Wall","floor":3,"gold_loss":0,"cards_upgraded":["Armaments"]},{"damage_healed":0,"gold_gain":0,"player_choice":"Ignored","damage_taken":0,"max_hp_gain":0,"max_hp_loss":0,"event_name":"Liars Game","floor":4,"gold_loss":0},{"damage_healed":0,"gold_gain":0,"player_choice":"Joined the Cult","damage_taken":6,"max_hp_gain":0,"max_hp_loss":0,"event_name":"Nest","floor":19,"gold_loss":0,"cards_obtained":["RitualDagger"]},{"damage_healed":0,"gold_gain":0,"player_choice":"Simplicity","damage_taken":0,"max_hp_gain":0,"max_hp_loss":0,"event_name":"Back to Basics","floor":21,"gold_loss":0,"cards_upgraded":["Strike_R","Strike_R","Strike_R","Strike_R","Strike_R","Defend_R","Defend_R","Defend_R","Defend_R"]},{"damage_healed":0,"gold_gain":0,"player_choice":"Obtained Book","damage_taken":16,"max_hp_gain":0,"max_hp_loss":0,"event_name":"Cursed Tome","floor":22,"gold_loss":0},{"damage_healed":0,"gold_gain":0,"player_choice":"Memory 3","damage_taken":10,"max_hp_gain":0,"max_hp_loss":0,"event_name":"SensoryStone","floor":36,"gold_loss":0},{"damage_healed":0,"gold_gain":0,"player_choice":"Ignored","damage_taken":0,"max_hp_gain":0,"max_hp_loss":0,"event_name":"Tomb of Lord Red Mask","floor":37,"gold_loss":0}],"is_beta":false,"boss_relics":[{"not_picked":["Runic Pyramid","Black Blood"],"picked":"Black Star"},{"not_picked":["Astrolabe","Mark of Pain"],"picked":"Lizard Tail"}],"items_purged_floors":[],"is_endless":false,"potions_floor_spawned":[10,12,14,20,23,28,31,35,39],"killed_by":"Giant Head","ascension_level":0}