{"gold_per_floor":[112,123,142,154,169,169,184,215,215,228,228,257,257,287,287,392,392,410,410,30,93,143,143,206,62,85,119,119,65,93,172,172,276,276,291,1340,216,230,247,247,282,282,351,351],"floor_reached":44,"playtime":3074,"items_purged":["Normality"],"score":782,"play_id":"653eb15d-6e8b-4e53-a6ed-53f51ef67da0","local_time":"20190917212409","is_ascension_mode":true,"campfire_choices":[{"floor":6,"key":"REST"},{"floor":11,"key":"REST"},{"data":"Reboot","floor":13,"key":"SMITH"},{"data":"Sunder","floor":15,"key":"SMITH"},{"floor":23,"key":"REST"},{"floor":28,"key":"REST"},{"floor":32,"key":"REST"},{"floor":40,"key":"REST"},{"floor":42,"key":"REST"}],"neow_cost":"NONE","seed_source_timestamp":3117215144119600,"circlet_count":0,"master_deck":["Strike_B","Strike_B","Strike_B","Strike_B","Defend_B","Defend_B","Defend_B","Defend_B","Zap","Dualcast","Gash","Reprogram","Stack","Sunder+1","Conserve Battery","Gash","Scrape","Reboot+1","Loop","Rainbow","Hologram","Gash","Hello World","Bandage Up","Hologram","Stack+1","Gash","Loop","Lockon","Stack","Lockon+1","Hologram","Ball Lightning+1","Reboot","Hologram+1","Normality","Secret Weapon","Static Discharge","Coolheaded","Melter","Acrobatics+1","Bandage Up","Cold Snap","Stack+1","Capacitor+1"],"relics":["Cracked Core","Regal Pillow","PreservedInsect","FossilizedHelix","Boot","Fusion Hammer","SsserpentHead","Sling","Dream Catcher","Vajra","Matryoshka","Art of War","Red Mask","Inserter","Calipers","PrismaticShard","Centennial Puzzle","Turnip","Bag of Marbles","Bottled Flame"],"potions_floor_usage":[7,8,12,18,24,31,33,39,39],"damage_taken":[{"damage":1,"enemies":"Cultist","floor":1,"turns":3},{"damage":2,"enemies":"Jaw Worm","floor":2,"turns":3},{"damage":8,"enemies":"Small Slimes","floor":3,"turns":3},{"damage":25,"enemies":"Gremlin Gang","floor":4,"turns":4},{"damage":11,"enemies":"Looter","floor":5,"turns":2},{"damage":3,"enemies":"Exordium Thugs","floor":7,"turns":3},{"damage":15,"enemies":"3 Sentries","floor":8,"turns":7},{"damage":4,"enemies":"Red Slaver","floor":10,"turns":3},{"damage":5,"enemies":"Gremlin Nob","floor":12,"turns":3},{"damage":19,"enemies":"Slime Boss","floor":16,"turns":8},{"damage":11,"enemies":"Shell Parasite","floor":18,"turns":5},{"damage":13,"enemies":"2 Thieves","floor":21,"turns":4},{"damage":4,"enemies":"Cultist and Chosen","floor":24,"turns":9},{"damage":40,"enemies":"Slavers","floor":27,"turns":4},{"damage":18,"enemies":"Book of Stabbing","floor":30,"turns":5},{"damage":22,"enemies":"Masked Bandits","floor":31,"turns":4},{"damage":44,"enemies":"Automaton","floor":33,"turns":9},{"damage":0,"enemies":"Orb Walker","floor":35,"turns":3},{"damage":0,"enemies":"3 Shapes","floor":38,"turns":5},{"damage":44,"enemies":"Writhing Mass","floor":39,"turns":6},{"damage":24,"enemies":"Giant Head","floor":41,"turns":7},{"damage":82,"enemies":"Reptomancer","floor":44,"turns":5}],"seed_played":"-7957056309596522714","potions_obtained":[{"floor":4,"key":"Fire Potion"},{"floor":5,"key":"Block Potion"},{"floor":8,"key":"Energy Potion"},{"floor":10,"key":"Fire Potion"},{"floor":21,"key":"Block Potion"},{"floor":30,"key":"LiquidBronze"},{"floor":31,"key":"GamblersBrew"},{"floor":33,"key":"Strength Potion"},{"floor":35,"key":"AttackPotion"},{"floor":41,"key":"Dexterity Potion"}],"is_trial":false,"path_per_floor":["M","M","M","M","M","R","M","E","T","M","R","E","R","?","R","B",null,"M","?","$","M","?","R","M","$","T","E","R","$","E","?","R","B",null,"M","?","$","M","M","R","E","R","T","E"],"character_chosen":"DEFECT","items_purchased":["Gash","Sling","Hello World","Bandage Up","Dream Catcher","Gash","Stack","Calipers","PrismaticShard","Secret Weapon","Static Discharge","Centennial Puzzle","Coolheaded","Melter","SkillPotion"],"campfire_rested":7,"item_purchase_floors":[20,20,20,20,25,25,29,37,37,37,37,37,37,37,37],"current_hp_per_floor":[74,72,64,39,28,52,49,34,34,30,69,64,64,64,64,45,73,62,62,62,53,53,82,78,78,78,38,77,77,63,45,82,42,72,76,76,76,80,38,77,57,82,82,0],"gold":351,"neow_bonus":"TEN_PERCENT_HP_BONUS","is_prod":false,"is_daily":false,"chose_seed":false,"campfire_upgraded":2,"win_rate":0,"timestamp":1568748249,"path_taken":["M","M","M","M","?","R","M","E","T","M","R","E","R","?","R","BOSS","M","?","$","?","?","R","?","?","T","E","R","$","E","?","R","BOSS","M","?","$","M","M","R","E","R","T","E"],"build_version":"2019-07-17","purchased_purges":1,"victory":false,"max_hp_per_floor":[82,82,82,82,82,82,82,82,82,82,82,82,82,82,82,82,82,82,82,82,82,82,82,82,82,82,82,82,82,82,82,82,82,82,82,82,82,82,82,82,82,82,82,82],"card_choices":[{"not_picked":["Barrage","Steam Power"],"picked":"Gash","floor":1},{"not_picked":["Skim","Streamline"],"picked":"Reprogram","floor":2},{"not_picked":["Hologram","Turbo"],"picked":"Stack","floor":3},{"not_picked":["Blizzard","Barrage"],"picked":"Sunder","floor":4},{"not_picked":["Leap","Redo"],"picked":"Conserve Battery","floor":5},{"not_picked":["Rebound","Coolheaded"],"picked":"Gash","floor":7},{"not_picked":["Conserve Battery","Steam"],"picked":"Scrape","floor":8},{"not_picked":["Leap","Sweeping Beam"],"picked":"Reboot","floor":10},{"not_picked":["Rainbow","Sweeping Beam"],"picked":"Loop","floor":12},{"not_picked":["Core Surge","Meteor Strike"],"picked":"Rainbow","floor":16},{"not_picked":["Force Field","Sweeping Beam"],"picked":"Hologram","floor":18},{"not_picked":["Steam Power","Chill"],"picked":"Hologram","floor":21},{"not_picked":["Redo+1","Cold Snap+1"],"picked":"Stack+1","floor":24},{"not_picked":["Stack","Streamline+1"],"picked":"Loop","floor":27},{"not_picked":["Fusion+1","Streamline"],"picked":"Lockon","floor":28},{"not_picked":["Biased Cognition","Doom and Gloom"],"picked":"Lockon+1","floor":30},{"not_picked":["Stack+1","Rebound+1"],"picked":"Hologram","floor":31},{"not_picked":["Cold Snap","Go for the Eyes"],"picked":"Ball Lightning+1","floor":32},{"not_picked":["Core Surge","Multi-Cast"],"picked":"Reboot","floor":33},{"not_picked":["Sweeping Beam","Redo+1"],"picked":"Hologram+1","floor":35},{"not_picked":["Outmaneuver+1","Shrug It Off+1"],"picked":"Acrobatics+1","floor":38},{"not_picked":["Go for the Eyes","Prepared+1"],"picked":"Bandage Up","floor":39},{"not_picked":["Bane","Perfected Strike+1"],"picked":"Cold Snap","floor":40},{"not_picked":["Dramatic Entrance+1","Fiend Fire"],"picked":"Stack+1","floor":41},{"not_picked":["Masterful Stab","Battle Trance"],"picked":"Capacitor+1","floor":42}],"player_experience":235990,"relics_obtained":[{"floor":8,"key":"Regal Pillow"},{"floor":9,"key":"PreservedInsect"},{"floor":12,"key":"FossilizedHelix"},{"floor":26,"key":"Vajra"},{"floor":27,"key":"Matryoshka"},{"floor":30,"key":"Art of War"},{"floor":31,"key":"Red Mask"},{"floor":41,"key":"Turnip"},{"floor":43,"key":"Bag of Marbles"},{"floor":43,"key":"Bottled Flame"}],"event_choices":[{"damage_healed":0,"gold_gain":30,"player_choice":"Searched \u00273\u0027 times","damage_taken":0,"relics_obtained":["Boot"],"max_hp_gain":0,"max_hp_loss":0,"event_name":"Dead Adventurer","floor":14,"gold_loss":0},{"damage_healed":0,"gold_gain":0,"player_choice":"Trade","damage_taken":0,"relics_obtained":["SsserpentHead"],"max_hp_gain":0,"max_hp_loss":0,"event_name":"FaceTrader","floor":19,"gold_loss":0},{"damage_healed":0,"gold_gain":0,"player_choice":"Bought 0 Potions","damage_taken":0,"max_hp_gain":0,"max_hp_loss":0,"event_name":"The Woman in Blue","floor":22,"gold_loss":0},{"damage_healed":0,"gold_gain":0,"player_choice":"Fought Bandits","damage_taken":0,"max_hp_gain":0,"max_hp_loss":0,"event_name":"Masked Bandits","floor":31,"gold_loss":0},{"damage_healed":0,"gold_gain":999,"player_choice":"Gold","damage_taken":0,"max_hp_gain":0,"max_hp_loss":0,"event_name":"MindBloom","floor":36,"gold_loss":0,"cards_obtained":["Normality","Normality"]}],"is_beta":false,"boss_relics":[{"not_picked":["Runic Pyramid","Snecko Eye"],"picked":"Fusion Hammer"},{"not_picked":["White Beast Statue","Runic Dome"],"picked":"Inserter"}],"items_purged_floors":[37],"is_endless":false,"potions_floor_spawned":[4,5,8,10,21,30,31,33,35,38,41],"killed_by":"Reptomancer","ascension_level":6}