{"gold_per_floor":[115,129,129,149,74,102,102,114,114,14,32,32,97,109,109,109],"floor_reached":16,"playtime":1222,"items_purged":["Strike_R","Defend_R"],"score":112,"play_id":"1a4121ea-82e1-45dc-989e-dd77c758393b","local_time":"20190906181747","is_ascension_mode":false,"campfire_choices":[{"data":"Shrug It Off","floor":7,"key":"SMITH"},{"data":"Bash","floor":15,"key":"SMITH"}],"neow_cost":"NONE","seed_source_timestamp":2157489672968300,"circlet_count":0,"master_deck":["Strike_R","Strike_R","Strike_R","Strike_R","Defend_R","Defend_R","Defend_R","Bash+1","Shrug It Off+1"],"relics":["Burning Blood","FossilizedHelix","Dream Catcher","Tiny Chest"],"potions_floor_usage":[6,13,13],"damage_taken":[{"damage":6,"enemies":"Cultist","floor":1,"turns":3},{"damage":6,"enemies":"Small Slimes","floor":2,"turns":4},{"damage":1,"enemies":"2 Louse","floor":4,"turns":3},{"damage":46,"enemies":"3 Sentries","floor":6,"turns":15},{"damage":0,"enemies":"Blue Slaver","floor":8,"turns":4},{"damage":0,"enemies":"2 Fungi Beasts","floor":11,"turns":5},{"damage":13,"enemies":"Lagavulin","floor":13,"turns":6},{"damage":4,"enemies":"Exordium Thugs","floor":14,"turns":7},{"damage":73,"enemies":"Slime Boss","floor":16,"turns":15}],"seed_played":"592332958811598494","potions_obtained":[{"floor":1,"key":"Energy Potion"},{"floor":4,"key":"FairyPotion"},{"floor":6,"key":"Poison Potion"},{"floor":11,"key":"Strength Potion"}],"is_trial":false,"path_per_floor":["M","M","T","M","$","E","R","M","T","$","M","$","E","M","R","B"],"character_chosen":"IRONCLAD","items_purchased":[],"campfire_rested":0,"item_purchase_floors":[],"current_hp_per_floor":[88,88,88,88,88,48,48,54,54,54,60,60,53,55,55,0],"gold":109,"neow_bonus":"TEN_PERCENT_HP_BONUS","is_prod":false,"is_daily":false,"chose_seed":false,"campfire_upgraded":2,"win_rate":0,"timestamp":1567786667,"path_taken":["M","M","?","M","$","E","R","M","T","$","M","$","E","M","R","BOSS"],"build_version":"2019-07-17","purchased_purges":2,"victory":false,"max_hp_per_floor":[88,88,88,88,88,88,88,88,88,88,88,88,88,88,88,88],"card_choices":[{"not_picked":["Carnage","Body Slam","Inflame"],"picked":"SKIP","floor":1},{"not_picked":["Uppercut","Iron Wave","Clash"],"picked":"SKIP","floor":2},{"not_picked":["Flex","Wild Strike"],"picked":"Shrug It Off","floor":4},{"not_picked":["Power Through","Cleave","Corruption"],"picked":"SKIP","floor":6},{"not_picked":["Berserk","Twin Strike","Heavy Blade"],"picked":"SKIP","floor":8},{"not_picked":["Perfected Strike","Headbutt","Reckless Charge"],"picked":"SKIP","floor":11},{"not_picked":["Clothesline","Immolate","Disarm"],"picked":"SKIP","floor":13},{"not_picked":["Flex","Sever Soul","Rage"],"picked":"SKIP","floor":14}],"player_experience":84818,"relics_obtained":[{"floor":6,"key":"FossilizedHelix"},{"floor":9,"key":"Dream Catcher"},{"floor":13,"key":"Tiny Chest"}],"event_choices":[],"is_beta":false,"boss_relics":[],"items_purged_floors":[5,10],"is_endless":false,"potions_floor_spawned":[1,4,6,11],"killed_by":"Slime Boss","ascension_level":0}