{"gold_per_floor":[112,187,187,21,21,51,63,83,83,83,110,110,144,156,156,227,227,242,242,242,242,256,283,7,7,53,80,80],"floor_reached":28,"playtime":1593,"items_purged":[],"score":487,"play_id":"727d4152-c9a5-4ba1-940a-025be966af99","local_time":"20190927182750","is_ascension_mode":true,"campfire_choices":[{"floor":10.0,"key":"REST"},{"floor":12.0,"key":"REST"},{"floor":15.0,"key":"REST"},{"floor":25.0,"key":"REST"}],"neow_cost":"PERCENT_DAMAGE","seed_source_timestamp":3971899296609100,"circlet_count":0,"master_deck":["AscendersBane","Strike_B","Defend_B","Defend_B","Defend_B","Defend_B","Zap","Dualcast","Coolheaded","Gash","Hello World","Static Discharge","Aggregate","Reprogram","Force Field","Thunder Strike","Static Discharge","Multi-Cast","Skim","Heatsinks+1","Reprogram","Loop","Beam Cell","Beam Cell"],"special_seed":0,"relics":["Cracked Core","Bronze Scales","FaceOfCleric","Bird Faced Urn","Calipers","Unceasing Top","Bag of Marbles","Black Star","Strawberry","Pantograph","Vajra","Membership Card","PreservedInsect","Regal Pillow","The Courier"],"potions_floor_usage":[28],"damage_taken":[{"damage":1.0,"enemies":"Cultist","floor":1.0,"turns":3.0},{"damage":31.0,"enemies":"3 Sentries","floor":6.0,"turns":10.0},{"damage":0.0,"enemies":"Small Slimes","floor":7.0,"turns":4.0},{"damage":4.0,"enemies":"Jaw Worm","floor":8.0,"turns":4.0},{"damage":29.0,"enemies":"Gremlin Nob","floor":11.0,"turns":4.0},{"damage":32.0,"enemies":"Lagavulin","floor":13.0,"turns":6.0},{"damage":19.0,"enemies":"3 Louse","floor":14.0,"turns":2.0},{"damage":29.0,"enemies":"The Guardian","floor":16.0,"turns":16.0},{"damage":14.0,"enemies":"Chosen","floor":18.0,"turns":6.0},{"damage":19.0,"enemies":"Spheric Guardian","floor":22.0,"turns":4.0},{"damage":55.0,"enemies":"Slavers","floor":23.0,"turns":5.0},{"damage":40,"enemies":"Book of Stabbing","floor":27,"turns":4},{"damage":34,"enemies":"Chosen and Byrds","floor":28,"turns":4}],"seed_played":"5568844414315825342","potions_obtained":[{"floor":7.0,"key":"SkillPotion"},{"floor":8.0,"key":"Fire Potion"},{"floor":13.0,"key":"SteroidPotion"},{"floor":16.0,"key":"AttackPotion"},{"floor":22.0,"key":"Poison Potion"}],"is_trial":false,"path_per_floor":["M","?","?","$","?","E","M","M","T","R","E","R","E","M","R","B",null,"M","?","?","?","M","E","$","R","T","E","M"],"character_chosen":"DEFECT","items_purchased":["Bronze Scales","Gash","Membership Card","Loop","Beam Cell"],"campfire_rested":4,"item_purchase_floors":[4,4,24,24,24],"current_hp_per_floor":[59,48,41,41,41,11,14,15,15,41,17,43,16,2,29,5,70,61,61,61,68,56,10,10,40,40,9,0],"gold":80,"neow_bonus":"TWENTY_PERCENT_HP_BONUS","is_prod":false,"is_daily":false,"chose_seed":false,"campfire_upgraded":0,"win_rate":0,"timestamp":1569601670,"path_taken":["M","?","?","?","?","E","?","M","T","R","E","R","E","?","R","BOSS","M","?","?","?","?","E","$","R","T","E","M"],"build_version":"2019-07-17","purchased_purges":0,"victory":false,"max_hp_per_floor":[85,85,85,85,85,86,87,88,88,88,89,89,90,91,91,92,92,93,93,93,100,101,102,102,102,102,103,103],"card_choices":[{"not_picked":["Rebound","Stack"],"picked":"Coolheaded","floor":1.0},{"not_picked":["All For One","Beam Cell"],"picked":"Hello World","floor":6.0},{"not_picked":["Gash","Hologram"],"picked":"Static Discharge","floor":7.0},{"not_picked":["Turbo","Darkness","Rebound"],"picked":"SKIP","floor":8.0},{"not_picked":["Hyperbeam","Doom and Gloom"],"picked":"Aggregate","floor":11.0},{"not_picked":["Barrage","Sweeping Beam"],"picked":"Reprogram","floor":13.0},{"not_picked":["Undo","Conserve Battery"],"picked":"Force Field","floor":14.0},{"not_picked":["Fission","Biased Cognition"],"picked":"Thunder Strike","floor":16.0},{"not_picked":["Rebound","Force Field"],"picked":"Static Discharge","floor":18.0},{"not_picked":["Skim","Rebound"],"picked":"Heatsinks+1","floor":22.0},{"not_picked":["Blizzard","Ball Lightning"],"picked":"Reprogram","floor":23.0},{"not_picked":["Tempest","Reinforced Body"],"picked":"Beam Cell","floor":27}],"player_experience":354383,"relics_obtained":[{"floor":6.0,"key":"Bird Faced Urn"},{"floor":9.0,"key":"Calipers"},{"floor":11.0,"key":"Unceasing Top"},{"floor":13.0,"key":"Bag of Marbles"},{"floor":21.0,"key":"Strawberry"},{"floor":23.0,"key":"Pantograph"},{"floor":23.0,"key":"Vajra"},{"floor":26.0,"key":"PreservedInsect"},{"floor":27,"key":"Regal Pillow"},{"floor":27,"key":"The Courier"}],"event_choices":[{"damage_healed":0.0,"max_hp_gain":0.0,"max_hp_loss":0.0,"gold_gain":75.0,"event_name":"World of Goop","player_choice":"Gather Gold","floor":2.0,"gold_loss":0.0,"damage_taken":11.0},{"cards_removed":["Strike_B"],"damage_healed":0.0,"max_hp_gain":0.0,"max_hp_loss":0.0,"gold_gain":0.0,"event_name":"Golden Wing","player_choice":"Card Removal","floor":3.0,"gold_loss":0.0,"damage_taken":7.0},{"damage_healed":0.0,"max_hp_gain":0.0,"max_hp_loss":0.0,"gold_gain":0.0,"event_name":"FaceTrader","player_choice":"Trade","floor":5.0,"gold_loss":0.0,"damage_taken":0.0,"relics_obtained":["FaceOfCleric"]},{"damage_healed":0.0,"max_hp_gain":0.0,"max_hp_loss":0.0,"gold_gain":0.0,"cards_transformed":["Strike_B","Strike_B"],"event_name":"Drug Dealer","player_choice":"Became Test Subject","floor":19.0,"gold_loss":0.0,"damage_taken":0.0,"cards_obtained":["Multi-Cast","Skim"]},{"damage_healed":0.0,"max_hp_gain":0.0,"max_hp_loss":0.0,"gold_gain":0.0,"event_name":"Ghosts","player_choice":"Ignored","floor":20.0,"gold_loss":0.0,"damage_taken":0.0},{"damage_healed":0.0,"max_hp_gain":0.0,"max_hp_loss":0.0,"gold_gain":0.0,"event_name":"Wheel of Change","player_choice":"Relic","floor":21.0,"gold_loss":0.0,"damage_taken":0.0}],"is_beta":false,"boss_relics":[{"not_picked":["Snecko Eye","Runic Pyramid"],"picked":"Black Star"}],"items_purged_floors":[],"is_endless":false,"potions_floor_spawned":[7,8,13,16,22],"killed_by":"Chosen and Byrds","ascension_level":14}