{"gold_per_floor":[110,110,110,131,151,185,185,199,199,199],"floor_reached":10,"playtime":378,"items_purged":[],"score":88,"play_id":"1daaa3bb-c505-46e9-bd2d-ad16337c45db","local_time":"20190917182806","is_ascension_mode":true,"campfire_choices":[{"floor":7,"key":"REST"}],"neow_cost":"CURSE","seed_source_timestamp":3109352829961500,"circlet_count":0,"master_deck":["Strike_B","Strike_B+1","Strike_B","Strike_B","Defend_B","Defend_B","Defend_B","Defend_B+1","Zap","Dualcast","Parasite","Conserve Battery","Reinforced Body","Hello World","Coolheaded","Reboot"],"relics":["Cracked Core","Golden Idol","Du-Vu Doll","Sundial"],"potions_floor_usage":[5],"damage_taken":[{"damage":1,"enemies":"Cultist","floor":1,"turns":3},{"damage":0,"enemies":"2 Louse","floor":4,"turns":2},{"damage":4,"enemies":"Jaw Worm","floor":5,"turns":2},{"damage":32,"enemies":"Gremlin Nob","floor":6,"turns":5},{"damage":3,"enemies":"Exordium Thugs","floor":8,"turns":4},{"damage":34,"enemies":"Gremlin Gang","floor":10,"turns":3}],"seed_played":"-4667033992230999474","potions_obtained":[{"floor":1,"key":"Weak Potion"},{"floor":8,"key":"SteroidPotion"}],"is_trial":false,"path_per_floor":["M","?","?","M","M","E","R","M","T","M"],"character_chosen":"DEFECT","items_purchased":[],"campfire_rested":1,"item_purchase_floors":[],"current_hp_per_floor":[81,59,41,41,37,5,31,28,28,0],"gold":199,"neow_bonus":"TWENTY_PERCENT_HP_BONUS","is_prod":false,"is_daily":false,"chose_seed":false,"campfire_upgraded":0,"win_rate":0,"timestamp":1568737686,"path_taken":["M","?","?","M","M","E","R","M","T","?"],"build_version":"2019-07-17","purchased_purges":0,"victory":false,"max_hp_per_floor":[89,89,89,89,89,89,89,89,89,89],"card_choices":[{"not_picked":["Streamline","Compile Driver"],"picked":"Conserve Battery","floor":1},{"not_picked":["Beam Cell","Hologram"],"picked":"Reinforced Body","floor":4},{"not_picked":["Steam","Sweeping Beam"],"picked":"Hello World","floor":5},{"not_picked":["Rebound","Cold Snap"],"picked":"Coolheaded","floor":6},{"not_picked":["Conserve Battery","Leap"],"picked":"Reboot","floor":8}],"player_experience":233266,"relics_obtained":[{"floor":6,"key":"Du-Vu Doll"},{"floor":9,"key":"Sundial"}],"event_choices":[{"damage_healed":0,"gold_gain":0,"player_choice":"Take Damage","damage_taken":22,"relics_obtained":["Golden Idol"],"max_hp_gain":0,"max_hp_loss":0,"event_name":"Golden Idol","floor":2,"gold_loss":0},{"damage_healed":0,"gold_gain":0,"player_choice":"Entered Light","damage_taken":18,"max_hp_gain":0,"max_hp_loss":0,"event_name":"Shining Light","floor":3,"gold_loss":0,"cards_upgraded":["Strike_B","Defend_B"]}],"is_beta":false,"boss_relics":[],"items_purged_floors":[],"is_endless":false,"potions_floor_spawned":[1,8],"killed_by":"Gremlin Gang","ascension_level":6}