{"gold_per_floor":[216,216,226,238,254,254,266,266,266,296,308,338,338,137,137,236,236,252,270,44,144,161,192,192,192,245,245,264,280,280,307,307,410,410,422,422,433,433,44,44,44,44,44,56,56,56,56,0,0,0],"floor_reached":50,"playtime":976,"items_purged":[],"score":530,"play_id":"ab260356-e186-4535-9d44-819903307ca6","local_time":"20190907222016","is_ascension_mode":false,"campfire_choices":[{"data":"Inflame","floor":6,"key":"SMITH"},{"data":"Perfected Strike","floor":8,"key":"SMITH"},{"data":"Heavy Blade","floor":15,"key":"SMITH"},{"data":"Whirlwind","floor":24,"key":"SMITH"},{"data":"Flex","floor":27,"key":"SMITH"},{"data":"Searing Blow+1","floor":30,"key":"SMITH"},{"data":"Searing Blow+2","floor":32,"key":"SMITH"},{"data":"Searing Blow+3","floor":41,"key":"SMITH"},{"data":"Searing Blow+5","floor":45,"key":"SMITH"},{"data":"Searing Blow+6","floor":47,"key":"SMITH"},{"data":"Searing Blow+7","floor":49,"key":"SMITH"}],"neow_cost":"NONE","seed_source_timestamp":693570230566700,"circlet_count":0,"master_deck":["Defend_R+1","Defend_R+1","Defend_R+1","Bash+1","Flex+1","Perfected Strike+1","Inflame+1","Flex+1","Heavy Blade+1","Flame Barrier+1","Cleave+1","Immolate+1","Whirlwind+1","Heavy Blade+1","Wild Strike+1","Bite+1","Bite+1","Bite+1","Bite+1","Bite+1","Searing Blow+8","Impervious+1","Cleave+1","Bandage Up+1","Corruption+1","Good Instincts+1","Heavy Blade+1"],"relics":["Burning Blood","FaceOfCleric","Ice Cream","Singing Bowl","StoneCalendar","Anchor","Mark of Pain","Red Skull","Magic Flower","Bag of Marbles","Strawberry","Velvet Choker","Toy Ornithopter","Mark of the Bloom","PreservedInsect","Red Mask"],"potions_floor_usage":[12,12,16,19,23,33,35,40,50,50],"damage_taken":[{"damage":13,"enemies":"2 Louse","floor":1,"turns":2},{"damage":6,"enemies":"Cultist","floor":3,"turns":4},{"damage":11,"enemies":"Jaw Worm","floor":4,"turns":2},{"damage":14,"enemies":"Blue Slaver","floor":5,"turns":4},{"damage":10,"enemies":"Looter","floor":7,"turns":2},{"damage":16,"enemies":"Red Slaver","floor":11,"turns":3},{"damage":18,"enemies":"3 Sentries","floor":12,"turns":5},{"damage":39,"enemies":"Hexaghost","floor":16,"turns":7},{"damage":22,"enemies":"Shell Parasite","floor":18,"turns":4},{"damage":5,"enemies":"Chosen","floor":19,"turns":4},{"damage":11,"enemies":"Snake Plant","floor":22,"turns":3},{"damage":30,"enemies":"Book of Stabbing","floor":23,"turns":3},{"damage":0,"enemies":"Centurion and Healer","floor":28,"turns":4},{"damage":5,"enemies":"Cultist and Chosen","floor":29,"turns":4},{"damage":10,"enemies":"Slavers","floor":31,"turns":2},{"damage":69,"enemies":"Collector","floor":33,"turns":5},{"damage":0,"enemies":"Orb Walker","floor":35,"turns":1},{"damage":0,"enemies":"3 Darklings","floor":37,"turns":1},{"damage":0,"enemies":"4 Shapes","floor":40,"turns":1},{"damage":6,"enemies":"Spire Growth","floor":44,"turns":4},{"damage":90,"enemies":"Awakened One","floor":50,"turns":6}],"seed_played":"-7726466155554406982","potions_obtained":[{"floor":1,"key":"Poison Potion"},{"floor":3,"key":"EssenceOfSteel"},{"floor":5,"key":"SteroidPotion"},{"floor":7,"key":"Block Potion"},{"floor":18,"key":"EntropicBrew"},{"floor":29,"key":"BloodPotion"},{"floor":33,"key":"Poison Potion"},{"floor":37,"key":"SkillPotion"},{"floor":44,"key":"LiquidBronze"}],"is_trial":false,"path_per_floor":["M","?","M","M","M","R","M","R","T","?","M","E","?","$","R","B",null,"M","M","$","?","M","E","R","?","T","R","M","M","R","E","R","B",null,"M","?","M","?","$","M","R","?","T","M","R","?","R","?","R","B"],"character_chosen":"IRONCLAD","items_purchased":["Cleave","Anchor","Whirlwind","Red Skull","Toy Ornithopter","Good Instincts","SmokeBomb"],"campfire_rested":0,"item_purchase_floors":[14,14,20,20,39,39,39],"current_hp_per_floor":[73,73,74,70,63,63,60,60,60,60,51,40,45,45,45,13,92,79,83,83,83,79,56,56,56,56,56,72,73,73,83,83,31,84,85,85,86,86,86,87,87,87,87,81,81,81,81,81,81,0],"gold":0,"neow_bonus":"HUNDRED_GOLD","is_prod":false,"is_daily":false,"chose_seed":false,"campfire_upgraded":11,"win_rate":0,"timestamp":1567887616,"path_taken":["M","?","?","M","M","R","M","R","T","?","M","E","?","$","R","BOSS","M","M","$","?","?","E","R","?","T","R","M","M","R","E","R","BOSS","M","?","M","?","$","M","R","?","T","M","R","?","R","?","R","BOSS"],"build_version":"2019-07-17","purchased_purges":0,"victory":false,"max_hp_per_floor":[80,80,81,82,83,83,84,84,84,84,85,86,91,91,91,92,92,95,98,98,98,99,100,100,69,69,69,72,73,73,83,83,84,84,85,85,86,86,86,87,87,87,87,88,88,88,88,88,88,88],"card_choices":[{"not_picked":["Infernal Blade","Anger"],"picked":"Flex","floor":1},{"not_picked":["Anger","Shrug It Off"],"picked":"Perfected Strike","floor":3},{"not_picked":["Dual Wield","Body Slam","Reckless Charge"],"picked":"SKIP","floor":4},{"not_picked":["Barricade","Iron Wave"],"picked":"Inflame","floor":5},{"not_picked":["Anger","Havoc"],"picked":"Flex","floor":7},{"not_picked":["Havoc","Second Wind"],"picked":"Heavy Blade","floor":11},{"not_picked":["Second Wind","Body Slam"],"picked":"Flame Barrier","floor":12},{"not_picked":["Reaper","Exhume"],"picked":"Immolate","floor":16},{"not_picked":["Feel No Pain+1","Shockwave","Iron Wave"],"picked":"Singing Bowl","floor":18},{"not_picked":["Wild Strike","True Grit+1","Infernal Blade"],"picked":"Singing Bowl","floor":19},{"not_picked":["Inflame","Blood for Blood"],"picked":"Heavy Blade+1","floor":22},{"not_picked":["Havoc","Rupture"],"picked":"Wild Strike+1","floor":23},{"not_picked":["Sever Soul","Uppercut+1","Havoc+1"],"picked":"Singing Bowl","floor":28},{"not_picked":["Heavy Blade","Warcry"],"picked":"Searing Blow+1","floor":29},{"not_picked":["Pommel Strike","Clash+1","Blood for Blood"],"picked":"Singing Bowl","floor":31},{"not_picked":["Berserk","Reaper"],"picked":"Impervious","floor":33},{"not_picked":["Headbutt","Shrug It Off"],"picked":"Cleave+1","floor":35},{"not_picked":["Chrysalis","Blind"],"picked":"Bandage Up","floor":36},{"not_picked":["Perfected Strike+1","Shrug It Off"],"picked":"Corruption","floor":37},{"not_picked":["Corruption+1","Iron Wave+1"],"picked":"Heavy Blade+1","floor":44}],"player_experience":217251,"relics_obtained":[{"floor":9,"key":"Ice Cream"},{"floor":12,"key":"StoneCalendar"},{"floor":23,"key":"Magic Flower"},{"floor":26,"key":"Bag of Marbles"},{"floor":31,"key":"Strawberry"},{"floor":43,"key":"PreservedInsect"}],"event_choices":[{"damage_healed":0,"gold_gain":0,"player_choice":"Trade","damage_taken":0,"relics_obtained":["FaceOfCleric"],"max_hp_gain":0,"max_hp_loss":0,"event_name":"FaceTrader","floor":2,"gold_loss":0},{"damage_healed":0,"gold_gain":30,"player_choice":"Searched \u00273\u0027 times","damage_taken":0,"relics_obtained":["Singing Bowl"],"max_hp_gain":0,"max_hp_loss":0,"event_name":"Dead Adventurer","floor":10,"gold_loss":0},{"damage_healed":0,"gold_gain":0,"player_choice":"Donut","damage_taken":0,"max_hp_gain":5,"max_hp_loss":0,"event_name":"Big Fish","floor":13,"gold_loss":0},{"damage_healed":0,"gold_gain":100,"player_choice":"Pray","damage_taken":0,"max_hp_gain":0,"max_hp_loss":0,"event_name":"Golden Shrine","floor":21,"gold_loss":0},{"damage_healed":0,"gold_gain":0,"player_choice":"Became a vampire","damage_taken":0,"max_hp_gain":0,"max_hp_loss":31,"event_name":"Vampires","floor":25,"gold_loss":0,"cards_obtained":["Bite","Bite","Bite","Bite","Bite"]},{"damage_healed":0,"gold_gain":0,"player_choice":"Memory 1","damage_taken":0,"max_hp_gain":0,"max_hp_loss":0,"event_name":"SensoryStone","floor":36,"gold_loss":0},{"cards_removed":["Defend_R"],"damage_healed":0,"gold_gain":0,"player_choice":"Removed Skill","damage_taken":0,"max_hp_gain":0,"max_hp_loss":0,"event_name":"Falling","floor":38,"gold_loss":0},{"damage_healed":0,"gold_gain":0,"player_choice":"Upgrade","damage_taken":0,"relics_obtained":["Mark of the Bloom"],"max_hp_gain":0,"max_hp_loss":0,"event_name":"MindBloom","floor":42,"gold_loss":0,"cards_upgraded":["Defend_R","Defend_R","Defend_R","Bash","Flex","Flame Barrier","Cleave","Immolate","Bite","Bite","Bite","Bite","Bite","Searing Blow","Impervious","Bandage Up","Corruption","Good Instincts"]},{"damage_healed":0,"gold_gain":0,"player_choice":"Ignored","damage_taken":0,"max_hp_gain":0,"max_hp_loss":0,"event_name":"Mysterious Sphere","floor":46,"gold_loss":0},{"damage_healed":0,"gold_gain":0,"player_choice":"Paid","damage_taken":0,"relics_obtained":["Red Mask"],"max_hp_gain":0,"max_hp_loss":0,"event_name":"Tomb of Lord Red Mask","floor":48,"gold_loss":56}],"is_beta":false,"boss_relics":[{"not_picked":["Cursed Key","Runic Dome"],"picked":"Mark of Pain"},{"not_picked":["Coffee Dripper","Pandora\u0027s Box"],"picked":"Velvet Choker"}],"items_purged_floors":[],"is_endless":false,"potions_floor_spawned":[1,3,5,7,18,29,33,37,44],"killed_by":"Awakened One","ascension_level":0}