{"gold_per_floor":[111,121,135,153,153,183,194,259,259,259,259,269,280,306,306,409,409,427,427,444,454,470,470,501,501,528,528,138,151,178,189,189,290,290,310,103,503,603,614,641,641,669,669,681,199,199,215,215,215,215],"floor_reached":51,"playtime":4083,"items_purged":["Decay","Pain"],"score":1061,"play_id":"ff9b7eec-3971-4c4f-bf97-3263bac7d166","local_time":"20190915104310","is_ascension_mode":true,"campfire_choices":[{"floor":10,"key":"REST"},{"floor":15,"key":"REST"},{"floor":23,"key":"REST"},{"floor":25,"key":"REST"},{"floor":27,"key":"RECALL"},{"floor":32,"key":"REST"},{"floor":41,"key":"DIG"},{"floor":49,"key":"DIG"}],"neow_cost":"NONE","seed_source_timestamp":2904925042470500,"circlet_count":0,"master_deck":["Survivor","Neutralize","Infinite Blades","Dash","Crippling Poison","Blade Dance","Caltrops","Terror","Burst","Crippling Poison","Blur","Burst","Eviscerate+1","Concentrate","Bane","Venomology","Doppelganger","Blade Dance","Deadly Poison","Crippling Poison","Masterful Stab+1","All Out Attack","Noxious Fumes+1","Poisoned Stab+1","Prepared+1","Cloak And Dagger","Underhanded Strike+1","After Image","Apotheosis","Noxious Fumes","Deadly Poison","A Thousand Cuts","Prepared+1","Dodge and Roll+1","Escape Plan+1","Deflect+1","Sucker Punch+1","Envenom+1","Mayhem+1","Mayhem+1","Jack Of All Trades","Catalyst+1","Writhe"],"relics":["Fusion Hammer","Snake Skull","Tiny Chest","Tough Bandages","Darkstone Periapt","Pandora\u0027s Box","FaceOfCleric","Dead Branch","Whetstone","Shovel","Cursed Key","Membership Card","Old Coin","Ice Cream","Gremlin Horn","StoneCalendar","Letter Opener","Frozen Egg 2","DollysMirror","Ninja Scroll","Bag of Preparation"],"potions_floor_usage":[6,8,14,14,14,21,21,22,22,24,24,29,29,30,30,31,33,35,35,40,40,42,42,44,47,50,50],"damage_taken":[{"damage":0,"enemies":"2 Louse","floor":1,"turns":3},{"damage":1,"enemies":"Cultist","floor":2,"turns":4},{"damage":0,"enemies":"Small Slimes","floor":3,"turns":3},{"damage":0,"enemies":"Exordium Thugs","floor":4,"turns":4},{"damage":10,"enemies":"3 Sentries","floor":6,"turns":7},{"damage":1,"enemies":"Gremlin Gang","floor":7,"turns":4},{"damage":19,"enemies":"Gremlin Nob","floor":8,"turns":4},{"damage":11,"enemies":"3 Louse","floor":12,"turns":3},{"damage":14,"enemies":"Blue Slaver","floor":13,"turns":4},{"damage":8,"enemies":"Lagavulin","floor":14,"turns":5},{"damage":15,"enemies":"The Guardian","floor":16,"turns":12},{"damage":5,"enemies":"3 Byrds","floor":18,"turns":4},{"damage":10,"enemies":"Spheric Guardian","floor":20,"turns":4},{"damage":15,"enemies":"Cultist and Chosen","floor":21,"turns":5},{"damage":3,"enemies":"Sentry and Sphere","floor":22,"turns":6},{"damage":13,"enemies":"Gremlin Leader","floor":24,"turns":8},{"damage":20,"enemies":"Snake Plant","floor":29,"turns":3},{"damage":13,"enemies":"Book of Stabbing","floor":30,"turns":4},{"damage":4,"enemies":"Snecko","floor":31,"turns":4},{"damage":28,"enemies":"Champ","floor":33,"turns":8},{"damage":0,"enemies":"3 Darklings","floor":35,"turns":2},{"damage":3,"enemies":"Mind Bloom Boss Battle","floor":37,"turns":6},{"damage":0,"enemies":"3 Shapes","floor":39,"turns":3},{"damage":0,"enemies":"Giant Head","floor":40,"turns":5},{"damage":2,"enemies":"Reptomancer","floor":42,"turns":6},{"damage":1,"enemies":"Sphere and 2 Shapes","floor":44,"turns":2},{"damage":7,"enemies":"Spire Growth","floor":47,"turns":4},{"damage":16,"enemies":"Donu and Deca","floor":50,"turns":7}],"seed_played":"220393925294712266","potions_obtained":[{"floor":2,"key":"Dexterity Potion"},{"floor":3,"key":"Poison Potion"},{"floor":5,"key":"Explosive Potion"},{"floor":8,"key":"SteroidPotion"},{"floor":12,"key":"SteroidPotion"},{"floor":14,"key":"GhostInAJar"},{"floor":18,"key":"EntropicBrew"},{"floor":20,"key":"AttackPotion"},{"floor":22,"key":"Swift Potion"},{"floor":29,"key":"AttackPotion"},{"floor":33,"key":"Swift Potion"},{"floor":39,"key":"Poison Potion"},{"floor":40,"key":"Fire Potion"},{"floor":42,"key":"PowerPotion"},{"floor":44,"key":"Ancient Potion"}],"is_trial":false,"path_per_floor":["M","M","M","M","?","E","M","E","T","R","?","M","M","E","R","B",null,"M","?","M","M","M","R","E","R","T","R","$","M","E","M","R","B",null,"M","$","?","?","M","E","R","E","T","M","$","?","M","T","R","B",null],"character_chosen":"THE_SILENT","items_purchased":["After Image","Apotheosis","Membership Card","Frozen Egg 2","Envenom+1","Mayhem+1","DollysMirror","Jack Of All Trades"],"campfire_rested":5,"item_purchase_floors":[28,28,36,45,45,45,45,45],"current_hp_per_floor":[70,69,69,69,69,59,58,39,39,60,60,49,35,27,48,33,61,56,56,47,33,31,52,54,74,74,74,74,55,43,40,63,36,68,69,69,67,67,68,69,69,68,74,74,74,74,68,74,74,59],"gold":215,"neow_bonus":"BOSS_RELIC","is_prod":false,"is_daily":false,"chose_seed":false,"campfire_upgraded":0,"win_rate":0,"timestamp":1568536990,"path_taken":["M","M","M","M","?","E","?","E","T","R","?","?","M","E","R","BOSS","M","?","?","M","?","R","E","R","T","R","?","?","E","M","R","BOSS","M","$","?","?","?","E","R","E","T","?","$","?","M","?","R","BOSS"],"build_version":"2019-07-17","purchased_purges":2,"victory":true,"max_hp_per_floor":[70,70,70,70,70,70,70,70,70,70,70,70,70,70,70,70,70,70,70,71,72,73,73,74,74,74,74,74,75,76,77,77,78,78,79,79,80,80,81,82,82,83,89,90,90,90,91,97,97,98],"card_choices":[{"not_picked":["Acrobatics","Leg Sweep"],"picked":"Infinite Blades","floor":1},{"not_picked":["Dodge and Roll","Prepared"],"picked":"Dash","floor":2},{"not_picked":["Backflip","Sucker Punch"],"picked":"Crippling Poison","floor":3},{"not_picked":["Slice","Storm of Steel"],"picked":"Blade Dance","floor":4},{"not_picked":["Predator","Unload"],"picked":"Caltrops","floor":6},{"not_picked":["Deflect","Bane"],"picked":"Terror","floor":7},{"not_picked":["Prepared","Acrobatics"],"picked":"Burst","floor":8},{"not_picked":["Deflect","Cloak And Dagger"],"picked":"Crippling Poison","floor":12},{"not_picked":["Quick Slash","Endless Agony"],"picked":"Blur","floor":13},{"not_picked":["Acrobatics","Quick Slash"],"picked":"Endless Agony","floor":14},{"not_picked":["Wraith Form v2","Unload"],"picked":"Burst","floor":16},{"not_picked":["Bane","Blade Dance"],"picked":"Noxious Fumes+1","floor":18},{"not_picked":["Catalyst","Sucker Punch"],"picked":"Poisoned Stab+1","floor":20},{"not_picked":["Acrobatics","Quick Slash+1"],"picked":"Prepared+1","floor":21},{"not_picked":["PiercingWail","Underhanded Strike"],"picked":"Cloak And Dagger","floor":22},{"not_picked":["Sucker Punch","Skewer"],"picked":"Underhanded Strike+1","floor":24},{"not_picked":["Dagger Throw","Masterful Stab"],"picked":"Noxious Fumes","floor":29},{"not_picked":["Venomology","Flying Knee"],"picked":"Deadly Poison","floor":30},{"not_picked":["Quick Slash","Cloak And Dagger","Setup"],"picked":"SKIP","floor":31},{"not_picked":["Unload","Storm of Steel"],"picked":"A Thousand Cuts","floor":33},{"not_picked":["Acrobatics","Calculated Gamble+1"],"picked":"Prepared+1","floor":35},{"not_picked":["Bane","Cloak And Dagger"],"picked":"Dodge and Roll+1","floor":37},{"not_picked":["Eviscerate","Outmaneuver+1"],"picked":"Escape Plan+1","floor":39},{"not_picked":["Dagger Throw","Heel Hook","Acrobatics+1"],"picked":"SKIP","floor":40},{"not_picked":["PiercingWail","Deadly Poison"],"picked":"Deflect+1","floor":42},{"not_picked":["Acrobatics","Eviscerate"],"picked":"Sucker Punch+1","floor":44},{"not_picked":["PiercingWail+1","Backflip"],"picked":"Catalyst+1","floor":47}],"player_experience":201912,"relics_obtained":[{"floor":6,"key":"Snake Skull"},{"floor":8,"key":"Tiny Chest"},{"floor":9,"key":"Tough Bandages"},{"floor":14,"key":"Darkstone Periapt"},{"floor":24,"key":"Dead Branch"},{"floor":26,"key":"Whetstone"},{"floor":30,"key":"Shovel"},{"floor":37,"key":"Old Coin"},{"floor":40,"key":"Ice Cream"},{"floor":41,"key":"Gremlin Horn"},{"floor":42,"key":"StoneCalendar"},{"floor":43,"key":"Letter Opener"},{"floor":48,"key":"Ninja Scroll"},{"floor":49,"key":"Bag of Preparation"}],"event_choices":[{"damage_healed":0,"gold_gain":0,"player_choice":"Got Potions","damage_taken":0,"max_hp_gain":0,"max_hp_loss":0,"event_name":"Lab","floor":5,"gold_loss":0},{"damage_healed":0,"gold_gain":0,"player_choice":"Cursed","damage_taken":0,"max_hp_gain":0,"max_hp_loss":0,"event_name":"Wheel of Change","floor":11,"gold_loss":0,"cards_obtained":["Decay"]},{"damage_healed":0,"gold_gain":0,"player_choice":"Trade","damage_taken":0,"relics_obtained":["FaceOfCleric"],"max_hp_gain":0,"max_hp_loss":0,"event_name":"FaceTrader","floor":19,"gold_loss":0},{"damage_healed":0,"gold_gain":0,"player_choice":"Fight","damage_taken":0,"max_hp_gain":0,"max_hp_loss":0,"event_name":"MindBloom","floor":37,"gold_loss":0},{"damage_healed":0,"gold_gain":100,"player_choice":"Pray","damage_taken":0,"max_hp_gain":0,"max_hp_loss":0,"event_name":"Golden Shrine","floor":38,"gold_loss":0},{"cards_removed":["Endless Agony"],"damage_healed":0,"gold_gain":0,"player_choice":"Removed Attack","damage_taken":0,"max_hp_gain":0,"max_hp_loss":0,"event_name":"Falling","floor":46,"gold_loss":0}],"is_beta":false,"boss_relics":[{"not_picked":["Empty Cage","Snecko Eye"],"picked":"Pandora\u0027s Box"},{"not_picked":["Coffee Dripper","Tiny House"],"picked":"Cursed Key"}],"items_purged_floors":[28,45],"is_endless":false,"potions_floor_spawned":[2,3,8,12,14,18,20,22,29,33,39,40,42,44],"ascension_level":5}