{"gold_per_floor":[115,190,290,302,326,360,360,376,402,402,431,94,94,7,7,104,104,116,131,131,56,23,23,23,49,75,89,89,103,202,215,215,317,317,329,329,329,346,358,358,388,388,388,388,388,405,430,45,45,45,45,45,45,74,74],"floor_reached":56,"playtime":4239,"items_purged":["Strike_G","Normality"],"score":1424,"play_id":"2839f4a7-56ce-46b7-ac5c-4c02da755c97","local_time":"20190912180056","is_ascension_mode":true,"campfire_choices":[{"floor":15,"key":"RECALL"},{"floor":23,"key":"REST"},{"floor":28,"key":"REST"},{"floor":32,"key":"REST"},{"floor":40,"key":"REST"},{"floor":42,"key":"REST"},{"data":"Catalyst","floor":44,"key":"SMITH"},{"data":"Blur","floor":49,"key":"SMITH"},{"floor":52,"key":"REST"}],"neow_cost":"NONE","seed_source_timestamp":2671834425334900,"circlet_count":0,"master_deck":["Defend_G+1","Defend_G+1","Defend_G+1","Survivor+1","Neutralize+1","Caltrops+1","Blade Dance+1","Bouncing Flask+1","Backflip+1","Footwork+1","Blur+1","Footwork+1","Deadly Poison+1","Corpse Explosion+1","Tools of the Trade+1","Blade Dance+1","Malaise+1","Well Laid Plans+1","Sucker Punch+1","Necronomicurse","Caltrops+1","Deflect+1","Underhanded Strike+1","Footwork+1","Poisoned Stab+1","Deflect+1","Slice+1","Tools of the Trade+1","Underhanded Strike+1","Master of Strategy+1","Secret Weapon+1","Good Instincts+1","Tools of the Trade+1","Underhanded Strike+1","Dodge and Roll+1","Catalyst+1","Normality","Footwork+1","Clumsy","Blur+1","Dodge and Roll+1"],"relics":["Cursed Key","Lantern","Unceasing Top","War Paint","The Specimen","Oddly Smooth Stone","Astrolabe","Necronomicon","Art of War","HoveringKite","Boot","Mango","Mark of the Bloom","Pen Nib","Snake Skull","Centennial Puzzle"],"potions_floor_usage":[11,11,35,50,50,55],"damage_taken":[{"damage":0,"enemies":"Jaw Worm","floor":1,"turns":4},{"damage":1,"enemies":"2 Louse","floor":4,"turns":3},{"damage":20,"enemies":"Lagavulin","floor":6,"turns":11},{"damage":0,"enemies":"Cultist","floor":8,"turns":3},{"damage":20,"enemies":"3 Sentries","floor":11,"turns":7},{"damage":24,"enemies":"Hexaghost","floor":16,"turns":9},{"damage":0,"enemies":"Shell Parasite","floor":18,"turns":6},{"damage":14,"enemies":"Spheric Guardian","floor":19,"turns":5},{"damage":0,"enemies":"Book of Stabbing","floor":25,"turns":5},{"damage":24,"enemies":"Centurion and Healer","floor":27,"turns":6},{"damage":12,"enemies":"Cultist and Chosen","floor":29,"turns":6},{"damage":6,"enemies":"Sentry and Sphere","floor":31,"turns":5},{"damage":0,"enemies":"Automaton","floor":33,"turns":11},{"damage":28,"enemies":"3 Darklings","floor":35,"turns":4},{"damage":11,"enemies":"3 Shapes","floor":38,"turns":5},{"damage":3,"enemies":"3 Darklings","floor":39,"turns":2},{"damage":0,"enemies":"Giant Head","floor":41,"turns":8},{"damage":0,"enemies":"4 Shapes","floor":46,"turns":3},{"damage":1,"enemies":"Awakened One","floor":50,"turns":8},{"damage":13,"enemies":"Shield and Spear","floor":54,"turns":4},{"damage":9,"enemies":"The Heart","floor":55,"turns":8}],"seed_played":"-1359983317404683380","potions_obtained":[{"floor":1,"key":"GhostInAJar"},{"floor":8,"key":"Swift Potion"},{"floor":16,"key":"FearPotion"},{"floor":27,"key":"SpeedPotion"},{"floor":29,"key":"Explosive Potion"},{"floor":33,"key":"Explosive Potion"},{"floor":38,"key":"Dexterity Potion"},{"floor":54,"key":"Energy Potion"}],"is_trial":false,"path_per_floor":["M","?","?","M","T","E","?","M","T","?","E","$","?","$","R","B",null,"M","M","?","?","$","R","?","E","T","M","R","M","?","M","R","B",null,"M","?","?","M","M","R","E","R","T","R","?","M","T","$","R","B",null,"R","$","E","B",null],"character_chosen":"THE_SILENT","items_purchased":["Footwork","Oddly Smooth Stone","Blur","Footwork","Deadly Poison","Caltrops","Snake Skull","PowerPotion","Blur"],"campfire_rested":6,"item_purchase_floors":[12,12,12,14,14,22,48,48,48],"current_hp_per_floor":[70,59,59,58,58,38,31,31,31,31,11,11,70,70,70,46,70,70,56,40,40,40,61,61,61,61,37,58,46,46,40,61,61,70,42,32,32,21,18,39,39,60,74,74,74,74,74,74,74,73,73,73,73,60,51],"gold":74,"neow_bonus":"BOSS_RELIC","is_prod":false,"is_daily":false,"chose_seed":false,"campfire_upgraded":2,"win_rate":0,"timestamp":1568304056,"path_taken":["M","?","?","?","?","E","?","M","T","?","E","$","?","$","R","BOSS","M","?","?","?","$","R","?","E","T","M","R","?","?","M","R","BOSS","M","?","?","M","?","R","E","R","T","R","?","M","?","$","R","BOSS","R","$","E","BOSS"],"build_version":"2019-07-17","purchased_purges":2,"victory":true,"max_hp_per_floor":[70,70,70,70,70,70,70,70,70,70,70,70,70,70,70,70,70,70,70,70,70,70,70,70,70,70,70,70,70,70,70,70,70,70,70,70,70,70,70,70,70,70,84,84,84,84,84,84,84,84,84,84,84,84,84],"card_choices":[{"not_picked":["Distraction","Bouncing Flask"],"picked":"Caltrops","floor":1},{"not_picked":["Reflex","Underhanded Strike"],"picked":"Blade Dance","floor":4},{"not_picked":["Distraction","Masterful Stab"],"picked":"Bouncing Flask","floor":6},{"not_picked":["Dagger Throw","Underhanded Strike"],"picked":"Escape Plan","floor":8},{"not_picked":["Quick Slash","Tactician"],"picked":"Backflip","floor":11},{"not_picked":["Phantasmal Killer","A Thousand Cuts"],"picked":"Corpse Explosion","floor":16},{"not_picked":["Cloak And Dagger","Bouncing Flask"],"picked":"Well Laid Plans+1","floor":18},{"not_picked":["Cloak And Dagger","Underhanded Strike+1"],"picked":"Sucker Punch+1","floor":19},{"not_picked":["Tools of the Trade","Underhanded Strike+1"],"picked":"Footwork+1","floor":25},{"not_picked":["Quick Slash","Flying Knee"],"picked":"Poisoned Stab+1","floor":27},{"not_picked":["Bane","PiercingWail"],"picked":"Deflect+1","floor":29},{"not_picked":["Prepared","Deadly Poison"],"picked":"Slice+1","floor":31},{"not_picked":["Malaise","Night Terror"],"picked":"Tools of the Trade","floor":33},{"not_picked":["Dodge and Roll+1","Backflip+1"],"picked":"Underhanded Strike","floor":35},{"not_picked":["Impatience","Swift Strike"],"picked":"Master of Strategy","floor":36},{"not_picked":["Violence","The Bomb"],"picked":"Secret Weapon","floor":36},{"not_picked":["Madness","PanicButton"],"picked":"Good Instincts","floor":36},{"not_picked":["Dagger Throw+1","Backflip"],"picked":"Underhanded Strike+1","floor":38},{"not_picked":["Heel Hook+1","Backflip"],"picked":"Dodge and Roll+1","floor":39},{"not_picked":["Bouncing Flask","Backstab"],"picked":"Catalyst","floor":41},{"not_picked":["Riddle With Holes+1","Blade Dance"],"picked":"Footwork+1","floor":46},{"not_picked":["Poisoned Stab","Cloak And Dagger+1"],"picked":"Dodge and Roll+1","floor":54}],"player_experience":143689,"relics_obtained":[{"floor":5,"key":"Lantern"},{"floor":6,"key":"Unceasing Top"},{"floor":9,"key":"War Paint"},{"floor":11,"key":"The Specimen"},{"floor":20,"key":"Necronomicon"},{"floor":25,"key":"Art of War"},{"floor":41,"key":"Boot"},{"floor":43,"key":"Mango"},{"floor":47,"key":"Pen Nib"},{"floor":54,"key":"Centennial Puzzle"}],"event_choices":[{"damage_healed":0,"gold_gain":75,"player_choice":"Gather Gold","damage_taken":11,"max_hp_gain":0,"max_hp_loss":0,"event_name":"World of Goop","floor":2,"gold_loss":0},{"damage_healed":0,"gold_gain":100,"player_choice":"Pray","damage_taken":0,"max_hp_gain":0,"max_hp_loss":0,"event_name":"Golden Shrine","floor":3,"gold_loss":0},{"cards_removed":["Injury"],"damage_healed":0,"gold_gain":0,"player_choice":"Card Removal","damage_taken":7,"max_hp_gain":0,"max_hp_loss":0,"event_name":"Golden Wing","floor":7,"gold_loss":0},{"cards_removed":["Regret"],"damage_healed":0,"gold_gain":0,"player_choice":"Forget","damage_taken":0,"max_hp_gain":0,"max_hp_loss":0,"event_name":"Living Wall","floor":10,"gold_loss":0},{"cards_removed":["Escape Plan"],"damage_healed":59,"gold_gain":0,"player_choice":"Offered Uncommon","damage_taken":0,"max_hp_gain":0,"max_hp_loss":0,"event_name":"Bonfire Elementals","floor":13,"gold_loss":0},{"damage_healed":0,"gold_gain":0,"player_choice":"Obtained Book","damage_taken":16,"max_hp_gain":0,"max_hp_loss":0,"event_name":"Cursed Tome","floor":20,"gold_loss":0},{"cards_removed":["Strike_G"],"damage_healed":0,"gold_gain":0,"player_choice":"Gave Gold","damage_taken":0,"max_hp_gain":0,"max_hp_loss":0,"event_name":"Beggar","floor":21,"gold_loss":75},{"damage_healed":0,"gold_gain":0,"cards_transformed":["Defend_G","Defend_G"],"player_choice":"Became Test Subject","damage_taken":0,"max_hp_gain":0,"max_hp_loss":0,"event_name":"Drug Dealer","floor":24,"gold_loss":0,"cards_obtained":["Deflect","Underhanded Strike"]},{"damage_healed":0,"gold_gain":99,"player_choice":"Stole From Cult","damage_taken":0,"max_hp_gain":0,"max_hp_loss":0,"event_name":"Nest","floor":30,"gold_loss":0},{"damage_healed":0,"gold_gain":0,"player_choice":"Memory 3","damage_taken":10,"max_hp_gain":0,"max_hp_loss":0,"event_name":"SensoryStone","floor":36,"gold_loss":0},{"damage_healed":0,"gold_gain":0,"player_choice":"Copied","damage_taken":0,"max_hp_gain":0,"max_hp_loss":0,"event_name":"Duplicator","floor":37,"gold_loss":0,"cards_obtained":["Tools of the Trade"]},{"damage_healed":0,"gold_gain":0,"player_choice":"Upgrade","damage_taken":0,"relics_obtained":["Mark of the Bloom"],"max_hp_gain":0,"max_hp_loss":0,"event_name":"MindBloom","floor":45,"gold_loss":0,"cards_upgraded":["Defend_G","Survivor","Neutralize","Caltrops","Blade Dance","Bouncing Flask","Backflip","Footwork","Blur","Footwork","Deadly Poison","Corpse Explosion","Caltrops","Deflect","Underhanded Strike","Tools of the Trade","Underhanded Strike","Master of Strategy","Secret Weapon","Good Instincts"]}],"is_beta":false,"boss_relics":[{"not_picked":["Fusion Hammer","Empty Cage"],"picked":"Astrolabe"},{"not_picked":["WristBlade","Sozu"],"picked":"HoveringKite"}],"items_purged_floors":[12,48],"is_endless":false,"potions_floor_spawned":[1,8,16,27,29,33,38,39,54],"ascension_level":2}