{"gold_per_floor":[109,109,109,109,159,159,192,192,192,204,238,45,55,70,70,172,172,184,184,204,221,18,51,51,76,106,106,131,131,131,148,148,252,302,317,335,335,335,335,335,363,373,373,373,3,3,20,50,50,50],"floor_reached":51,"playtime":2808,"items_purged":[],"score":906,"play_id":"16833d61-0cf7-482d-9540-27d3ac5254e0","local_time":"20190913175444","is_ascension_mode":true,"campfire_choices":[{"floor":6,"key":"REST"},{"floor":8,"key":"REST"},{"floor":15,"key":"REST"},{"data":"After Image","floor":24,"key":"SMITH"},{"floor":27,"key":"REST"},{"data":"Envenom","floor":29,"key":"SMITH"},{"data":"Sucker Punch","floor":32,"key":"SMITH"},{"data":"Magnetism","floor":40,"key":"SMITH"},{"floor":44,"key":"REST"},{"data":"Caltrops","floor":49,"key":"SMITH"}],"neow_cost":"NONE","seed_source_timestamp":2759306742875900,"circlet_count":0,"master_deck":["Strike_G","Strike_G+1","Strike_G","Strike_G","Strike_G","Defend_G","Defend_G","Defend_G","Defend_G","Defend_G","Survivor+1","Neutralize+1","Slice","Backflip+1","Poisoned Stab+1","Envenom+1","Sucker Punch+1","Flying Knee","After Image+1","Deadly Poison+1","Blur+1","Heel Hook+1","Crippling Poison+1","Deadly Poison+1","Distraction+1","Prepared+1","Crippling Poison+1","Burst+1","Envenom","Well Laid Plans","Dagger Spray+1","Deadly Poison+1","Mayhem","Transmutation+1","Magnetism+1","Poisoned Stab+1","Backflip+1","Catalyst+1","Caltrops+1","Dodge and Roll+1","Escape Plan+1"],"relics":["Philosopher\u0027s Stone","Potion Belt","Snake Skull","Toxic Egg 2","Lantern","Turnip","Toolbox","Sozu","TwistedFunnel","Dream Catcher","Regal Pillow","Tiny Chest","Art of War","Shuriken","Tiny House","Bottled Lightning","Blue Candle","Bag of Preparation","Mercury Hourglass","Darkstone Periapt"],"potions_floor_usage":[7,21],"damage_taken":[{"damage":7,"enemies":"Jaw Worm","floor":1,"turns":4},{"damage":33,"enemies":"Lagavulin","floor":7,"turns":9},{"damage":0,"enemies":"2 Louse","floor":10,"turns":3},{"damage":23,"enemies":"Gremlin Nob","floor":11,"turns":4},{"damage":0,"enemies":"Cultist","floor":13,"turns":3},{"damage":0,"enemies":"Exordium Wildlife","floor":14,"turns":2},{"damage":9,"enemies":"Slime Boss","floor":16,"turns":6},{"damage":4,"enemies":"3 Byrds","floor":18,"turns":4},{"damage":2,"enemies":"Spheric Guardian","floor":20,"turns":6},{"damage":0,"enemies":"Snake Plant","floor":21,"turns":3},{"damage":13,"enemies":"Book of Stabbing","floor":23,"turns":4},{"damage":21,"enemies":"Slavers","floor":25,"turns":3},{"damage":8,"enemies":"Gremlin Leader","floor":28,"turns":5},{"damage":0,"enemies":"Snecko","floor":31,"turns":3},{"damage":13,"enemies":"Collector","floor":33,"turns":7},{"damage":0,"enemies":"Orb Walker","floor":35,"turns":3},{"damage":0,"enemies":"3 Shapes","floor":36,"turns":3},{"damage":21,"enemies":"Nemesis","floor":41,"turns":5},{"damage":10,"enemies":"Transient","floor":42,"turns":5},{"damage":0,"enemies":"3 Darklings","floor":47,"turns":3},{"damage":5,"enemies":"Giant Head","floor":48,"turns":6},{"damage":45,"enemies":"Awakened One","floor":50,"turns":10}],"seed_played":"6435870916812117822","potions_obtained":[{"floor":1,"key":"GamblersBrew"},{"floor":16,"key":"GhostInAJar"}],"is_trial":false,"path_per_floor":["M","?","?","?","T","R","E","R","T","M","E","$","M","M","R","B",null,"M","?","M","M","$","E","R","E","T","R","E","R","T","M","R","B",null,"M","M","?","T","?","R","E","M","T","R","$","$","M","E","R","B",null],"character_chosen":"THE_SILENT","items_purchased":["Toolbox","TwistedFunnel","Catalyst+1","Mercury Hourglass","Caltrops"],"campfire_rested":5,"item_purchase_floors":[12,22,45,45,45],"current_hp_per_floor":[63,38,24,24,24,45,12,33,33,33,10,10,10,10,31,22,70,66,66,64,64,64,51,51,30,30,66,58,58,58,58,58,45,75,75,75,75,75,65,65,44,34,34,71,71,71,71,66,66,21],"gold":50,"neow_bonus":"BOSS_RELIC","is_prod":false,"is_daily":false,"chose_seed":false,"campfire_upgraded":5,"win_rate":0,"timestamp":1568390084,"path_taken":["M","?","?","?","?","R","E","R","T","?","E","$","M","M","R","BOSS","M","?","M","M","$","E","R","E","T","R","E","R","?","M","R","BOSS","M","M","?","?","?","R","E","M","T","R","?","$","M","E","R","BOSS"],"build_version":"2019-07-17","purchased_purges":0,"victory":true,"max_hp_per_floor":[70,70,70,70,70,70,70,70,70,70,70,70,70,70,70,70,70,70,70,70,70,70,70,70,70,70,70,70,70,70,70,70,70,75,75,75,75,75,75,75,75,75,75,75,75,75,75,75,75,75],"card_choices":[{"not_picked":["Predator","Setup"],"picked":"Slice","floor":1},{"not_picked":["Choke","Cloak And Dagger"],"picked":"Backflip","floor":7},{"not_picked":["Setup+1","Backflip+1"],"picked":"Poisoned Stab","floor":10},{"not_picked":["Sucker Punch","Flying Knee"],"picked":"Envenom","floor":11},{"not_picked":["Slice","Blade Dance+1"],"picked":"Sucker Punch","floor":13},{"not_picked":["Backstab","Deflect+1"],"picked":"Flying Knee","floor":14},{"not_picked":["Malaise+1","Unload"],"picked":"After Image","floor":16},{"not_picked":["Skewer","Bane"],"picked":"Deadly Poison+1","floor":18},{"not_picked":["Blade Dance+1","Sucker Punch"],"picked":"Heel Hook+1","floor":20},{"not_picked":["Dagger Throw+1","Sucker Punch"],"picked":"Crippling Poison+1","floor":21},{"not_picked":["Slice","Deflect+1"],"picked":"Deadly Poison+1","floor":23},{"not_picked":["Calculated Gamble+1","Bane"],"picked":"Distraction+1","floor":25},{"not_picked":["Blade Dance+1","PiercingWail+1"],"picked":"Prepared+1","floor":27},{"not_picked":["Calculated Gamble+1","Backflip+1"],"picked":"Crippling Poison+1","floor":28},{"not_picked":["Dagger Spray+1","PiercingWail+1"],"picked":"Burst+1","floor":31},{"not_picked":["Malaise+1","Wraith Form v2"],"picked":"Envenom","floor":33},{"not_picked":["PiercingWail+1","Dash"],"picked":"Well Laid Plans","floor":34},{"not_picked":["Caltrops+1","Poisoned Stab"],"picked":"Dagger Spray+1","floor":35},{"not_picked":["Dagger Throw+1","Predator+1"],"picked":"Deadly Poison+1","floor":36},{"not_picked":["Dramatic Entrance","Jack Of All Trades+1"],"picked":"Mayhem","floor":39},{"not_picked":["Master of Strategy+1","Dark Shackles+1"],"picked":"Transmutation+1","floor":39},{"not_picked":["Flash of Steel","Dramatic Entrance"],"picked":"Magnetism","floor":39},{"not_picked":["Calculated Gamble+1","Glass Knife","Poisoned Stab"],"picked":"SKIP","floor":41},{"not_picked":["Slice+1","PiercingWail+1"],"picked":"Poisoned Stab+1","floor":42},{"not_picked":["Cloak And Dagger+1","Bane+1"],"picked":"Backflip+1","floor":44},{"not_picked":["Reflex+1","Well Laid Plans+1"],"picked":"Dodge and Roll+1","floor":47},{"not_picked":["Tactician+1","Dagger Throw"],"picked":"Escape Plan+1","floor":48}],"player_experience":162969,"relics_obtained":[{"floor":5,"key":"Snake Skull"},{"floor":7,"key":"Toxic Egg 2"},{"floor":9,"key":"Lantern"},{"floor":11,"key":"Turnip"},{"floor":23,"key":"Dream Catcher"},{"floor":25,"key":"Regal Pillow"},{"floor":26,"key":"Tiny Chest"},{"floor":28,"key":"Art of War"},{"floor":30,"key":"Shuriken"},{"floor":38,"key":"Bottled Lightning"},{"floor":41,"key":"Blue Candle"},{"floor":43,"key":"Bag of Preparation"},{"floor":48,"key":"Darkstone Periapt"}],"event_choices":[{"damage_healed":0,"gold_gain":0,"player_choice":"Success","damage_taken":25,"relics_obtained":["Potion Belt"],"max_hp_gain":0,"max_hp_loss":0,"event_name":"Scrap Ooze","floor":2,"gold_loss":0},{"damage_healed":0,"gold_gain":0,"player_choice":"Entered Light","damage_taken":14,"max_hp_gain":0,"max_hp_loss":0,"event_name":"Shining Light","floor":3,"gold_loss":0,"cards_upgraded":["Survivor","Strike_G"]},{"damage_healed":0,"gold_gain":0,"player_choice":"Grow","damage_taken":0,"max_hp_gain":0,"max_hp_loss":0,"event_name":"Living Wall","floor":4,"gold_loss":0,"cards_upgraded":["Neutralize"]},{"damage_healed":0,"gold_gain":0,"player_choice":"Read","damage_taken":0,"max_hp_gain":0,"max_hp_loss":0,"event_name":"The Library","floor":19,"gold_loss":0,"cards_obtained":["Blur"]},{"damage_healed":0,"gold_gain":0,"player_choice":"Ignored","damage_taken":0,"max_hp_gain":0,"max_hp_loss":0,"event_name":"Tomb of Lord Red Mask","floor":37,"gold_loss":0},{"damage_healed":0,"gold_gain":0,"player_choice":"Memory 3","damage_taken":10,"max_hp_gain":0,"max_hp_loss":0,"event_name":"SensoryStone","floor":39,"gold_loss":0}],"is_beta":false,"boss_relics":[{"not_picked":["Cursed Key","Busted Crown"],"picked":"Sozu"},{"not_picked":["Runic Dome","Velvet Choker"],"picked":"Tiny House"}],"items_purged_floors":[],"is_endless":false,"potions_floor_spawned":[1,16,18,21,23,31,36,47,48],"ascension_level":3}