{"gold_per_floor":[119,294,294,102,114,114,148,75,148,148,181,181,198,198,198,301,301,320,336,122,133,152,187,206,206],"floor_reached":25,"playtime":1857,"items_purged":["Doubt"],"score":277,"play_id":"ff575219-0215-4ad2-886f-f076ff84de17","local_time":"20190915153625","is_ascension_mode":true,"campfire_choices":[{"data":"Hello World","floor":6,"key":"SMITH"},{"floor":10,"key":"REST"},{"floor":12,"key":"REST"},{"data":"Bandage Up","floor":15,"key":"SMITH"}],"neow_cost":"PERCENT_DAMAGE","seed_source_timestamp":2924770108309800,"circlet_count":0,"master_deck":["Strike_B","Strike_B","Strike_B","Strike_B","Defend_B","Defend_B","Defend_B","Defend_B","Zap","Dualcast","Bandage Up+1","PanicButton","Coolheaded","Hello World+1","Conserve Battery","Conserve Battery","Chaos","Heatsinks","Conserve Battery","Blizzard","Echo Form","Cold Snap","Beam Cell","Seek","Chaos+1","Hello World","Gash+1","Aggregate+1","Storm+1"],"relics":["Cracked Core","Orichalcum","Pantograph","Bottled Tornado","Letter Opener","Nuclear Battery","Oddly Smooth Stone","Prayer Wheel"],"potions_floor_usage":[18,24],"damage_taken":[{"damage":7,"enemies":"Small Slimes","floor":1,"turns":3},{"damage":1,"enemies":"2 Louse","floor":5,"turns":3},{"damage":34,"enemies":"Gremlin Nob","floor":7,"turns":5},{"damage":24,"enemies":"Lagavulin","floor":11,"turns":7},{"damage":5,"enemies":"Jaw Worm","floor":13,"turns":4},{"damage":22,"enemies":"The Guardian","floor":16,"turns":13},{"damage":14,"enemies":"3 Byrds","floor":18,"turns":3},{"damage":23,"enemies":"2 Thieves","floor":19,"turns":5},{"damage":3,"enemies":"Centurion and Healer","floor":21,"turns":9},{"damage":19,"enemies":"Sentry and Sphere","floor":22,"turns":5},{"damage":34,"enemies":"Book of Stabbing","floor":23,"turns":7},{"damage":16,"enemies":"Cultist and Chosen","floor":24,"turns":6},{"damage":18,"enemies":"Snake Plant","floor":25,"turns":1}],"seed_played":"3349388211349126978","potions_obtained":[{"floor":5,"key":"LiquidBronze"},{"floor":11,"key":"GamblersBrew"},{"floor":18,"key":"Fire Potion"},{"floor":24,"key":"FocusPotion"}],"is_trial":false,"path_per_floor":["M","?","?","$","M","R","E","$","T","R","E","R","M","T","R","B",null,"M","M","$","M","M","E","M","M"],"character_chosen":"DEFECT","items_purchased":["Hello World","Conserve Battery","Heatsinks","Oddly Smooth Stone","Seek"],"campfire_rested":2,"item_purchase_floors":[4,4,8,20,20],"current_hp_per_floor":[51,51,56,56,59,59,29,29,29,53,33,57,56,56,56,64,80,72,55,55,58,45,17,7,0],"gold":206,"neow_bonus":"RANDOM_COLORLESS_2","is_prod":false,"is_daily":false,"chose_seed":false,"campfire_upgraded":2,"win_rate":0,"timestamp":1568554585,"path_taken":["M","?","?","?","M","R","E","$","T","R","E","R","?","?","R","BOSS","M","M","$","M","M","E","M","M"],"build_version":"2019-07-17","purchased_purges":1,"victory":false,"max_hp_per_floor":[75,75,80,80,80,80,80,80,80,80,80,80,80,80,80,80,80,80,80,80,80,80,80,80,80],"card_choices":[{"not_picked":["Reprogram","Stack"],"picked":"Coolheaded","floor":1},{"not_picked":["Streamline","Beam Cell"],"picked":"Conserve Battery","floor":5},{"not_picked":["Rebound","Genetic Algorithm"],"picked":"Chaos","floor":7},{"not_picked":["Redo","Core Surge"],"picked":"Conserve Battery","floor":11},{"not_picked":["Sweeping Beam","Genetic Algorithm"],"picked":"Blizzard","floor":13},{"not_picked":["Amplify","Buffer"],"picked":"Echo Form","floor":16},{"not_picked":["Streamline","Barrage"],"picked":"Cold Snap","floor":18},{"not_picked":["Reinforced Body","Barrage"],"picked":"Beam Cell","floor":19},{"not_picked":["Steam","Redo"],"picked":"Chaos+1","floor":21},{"not_picked":["Conserve Battery","Coolheaded"],"picked":"Hello World","floor":22},{"not_picked":["Ball Lightning+1","Go for the Eyes+1"],"picked":"Gash+1","floor":23},{"not_picked":["Genetic Algorithm","Ball Lightning"],"picked":"Aggregate+1","floor":24},{"not_picked":["Steam Power","Static Discharge"],"picked":"Storm+1","floor":24}],"player_experience":210691,"relics_obtained":[{"floor":7,"key":"Orichalcum"},{"floor":9,"key":"Pantograph"},{"floor":11,"key":"Bottled Tornado"},{"floor":14,"key":"Letter Opener"},{"floor":23,"key":"Prayer Wheel"}],"event_choices":[{"damage_healed":0,"gold_gain":175,"player_choice":"AGREE","damage_taken":0,"max_hp_gain":0,"max_hp_loss":0,"event_name":"Liars Game","floor":2,"gold_loss":0,"cards_obtained":["Doubt"]},{"damage_healed":0,"gold_gain":0,"player_choice":"Donut","damage_taken":0,"max_hp_gain":5,"max_hp_loss":0,"event_name":"Big Fish","floor":3,"gold_loss":0}],"is_beta":false,"boss_relics":[{"not_picked":["Lizard Tail","Orrery"],"picked":"Nuclear Battery"}],"items_purged_floors":[4],"is_endless":false,"potions_floor_spawned":[5,11,18,24],"killed_by":"Snake Plant","ascension_level":4}