{"gold_per_floor":[119,133,144,109,126,156,174,174,174,199,219,219,251,271,271,370,370,384,418,3,18,35,35],"floor_reached":23,"playtime":1328,"items_purged":[],"score":245,"play_id":"719ff42a-0b3b-49b4-b147-094ce4a5c2db","local_time":"20190914220724","is_ascension_mode":true,"campfire_choices":[{"floor":8,"key":"REST"},{"floor":15,"key":"REST"}],"neow_cost":"NONE","seed_source_timestamp":2862358558045100,"circlet_count":0,"master_deck":["Strike_B","Strike_B","Strike_B","Defend_B","Defend_B","Defend_B","Defend_B","Zap","Dualcast","Madness","Lockon","Storm","Defragment","White Noise","BootSequence","Stack","Amplify","Defragment","Chaos","Rebound","Redo","Fission","Lockon","Leap","Defragment","Aggregate","Go for the Eyes"],"relics":["Cracked Core","Gremlin Horn","Incense Burner","Shuriken","Odd Mushroom","FossilizedHelix","Philosopher\u0027s Stone","Red Mask","Tiny Chest","Pear"],"potions_floor_usage":[5,11,11,14,16,19,22,23],"damage_taken":[{"damage":10,"enemies":"Small Slimes","floor":1,"turns":3},{"damage":9,"enemies":"Jaw Worm","floor":2,"turns":3},{"damage":0,"enemies":"Cultist","floor":3,"turns":3},{"damage":12,"enemies":"3 Louse","floor":5,"turns":3},{"damage":22,"enemies":"Gremlin Nob","floor":6,"turns":4},{"damage":0,"enemies":"Large Slime","floor":7,"turns":4},{"damage":22,"enemies":"Lagavulin","floor":10,"turns":6},{"damage":13,"enemies":"The Mushroom Lair","floor":11,"turns":3},{"damage":20,"enemies":"3 Sentries","floor":13,"turns":4},{"damage":0,"enemies":"Gremlin Gang","floor":14,"turns":3},{"damage":13,"enemies":"Slime Boss","floor":16,"turns":6},{"damage":0,"enemies":"Chosen","floor":18,"turns":4},{"damage":56,"enemies":"Masked Bandits","floor":19,"turns":6},{"damage":16,"enemies":"Shell Parasite","floor":21,"turns":4},{"damage":12,"enemies":"Cultist and Chosen","floor":22,"turns":6},{"damage":1,"enemies":"Slavers","floor":23,"turns":2}],"seed_played":"-4125997503562776163","potions_obtained":[{"floor":1,"key":"Explosive Potion"},{"floor":6,"key":"Regen Potion"},{"floor":7,"key":"Fire Potion"},{"floor":13,"key":"SteroidPotion"},{"floor":14,"key":"PowerPotion"},{"floor":16,"key":"LiquidBronze"},{"floor":21,"key":"Weak Potion"},{"floor":22,"key":"LiquidBronze"}],"is_trial":false,"path_per_floor":["M","M","M","?","M","E","M","R","T","E","?","?","E","M","R","B",null,"M","?","$","M","M","E"],"character_chosen":"DEFECT","items_purchased":["Tiny Chest","Defragment","Pear"],"campfire_rested":2,"item_purchase_floors":[20,20,20],"current_hp_per_floor":[65,56,56,74,62,40,40,62,62,40,36,36,16,16,38,25,75,75,19,29,13,1,0],"gold":35,"neow_bonus":"RANDOM_COLORLESS","is_prod":false,"is_daily":false,"chose_seed":false,"campfire_upgraded":0,"win_rate":0,"timestamp":1568491644,"path_taken":["M","M","M","?","M","E","M","R","T","E","?","?","E","M","R","BOSS","M","?","$","M","M","E"],"build_version":"2019-07-17","purchased_purges":0,"victory":false,"max_hp_per_floor":[75,75,75,75,75,75,75,75,75,75,75,75,75,75,75,75,75,75,75,85,85,85,85],"card_choices":[{"not_picked":["Streamline","Hologram"],"picked":"Lockon","floor":1},{"not_picked":["Steam","Barrage"],"picked":"Storm","floor":2},{"not_picked":["Conserve Battery","Reinforced Body"],"picked":"Defragment","floor":3},{"not_picked":["Doom and Gloom","Redo"],"picked":"White Noise","floor":5},{"not_picked":["Blizzard","Force Field"],"picked":"BootSequence","floor":6},{"not_picked":["Rebound","Coolheaded"],"picked":"Stack","floor":7},{"not_picked":["Compile Driver","Hologram"],"picked":"Amplify","floor":10},{"not_picked":["Coolheaded","Conserve Battery"],"picked":"Defragment","floor":11},{"not_picked":["Compile Driver","Scrape"],"picked":"Rebound","floor":13},{"not_picked":["Consume","Reprogram"],"picked":"Redo","floor":14},{"not_picked":["All For One","Biased Cognition"],"picked":"Fission","floor":16},{"not_picked":["Chaos","Sweeping Beam"],"picked":"Lockon","floor":18},{"not_picked":["Compile Driver","Coolheaded"],"picked":"Leap","floor":19},{"not_picked":["Steam Power+1","Stack"],"picked":"Aggregate","floor":21},{"not_picked":["Reprogram","Rebound"],"picked":"Go for the Eyes","floor":22}],"player_experience":194847,"relics_obtained":[{"floor":6,"key":"Gremlin Horn"},{"floor":9,"key":"Incense Burner"},{"floor":10,"key":"Shuriken"},{"floor":11,"key":"Odd Mushroom"},{"floor":13,"key":"FossilizedHelix"},{"floor":19,"key":"Red Mask"}],"event_choices":[{"damage_healed":18,"gold_gain":0,"player_choice":"Healed","damage_taken":0,"max_hp_gain":0,"max_hp_loss":0,"event_name":"The Cleric","floor":4,"gold_loss":35},{"damage_healed":0,"gold_gain":0,"player_choice":"Fought Mushrooms","damage_taken":0,"max_hp_gain":0,"max_hp_loss":0,"event_name":"Mushrooms","floor":11,"gold_loss":0},{"damage_healed":0,"gold_gain":0,"cards_transformed":["Strike_B"],"player_choice":"Transformed","damage_taken":0,"max_hp_gain":0,"max_hp_loss":0,"event_name":"Transmorgrifier","floor":12,"gold_loss":0,"cards_obtained":["Chaos"]},{"damage_healed":0,"gold_gain":0,"player_choice":"Fought Bandits","damage_taken":0,"max_hp_gain":0,"max_hp_loss":0,"event_name":"Masked Bandits","floor":19,"gold_loss":0}],"is_beta":false,"boss_relics":[{"not_picked":["Velvet Choker","Runic Pyramid"],"picked":"Philosopher\u0027s Stone"}],"items_purged_floors":[],"is_endless":false,"potions_floor_spawned":[1,6,7,13,14,16,21,22],"killed_by":"Slavers","ascension_level":3}