{"gold_per_floor":[119,131,206,131,131,131,164,175,200,200,218,238,238,271,271,368,368,380,393,141,151,226,245,257,32,85,85,116,128,171,33,33,33],"floor_reached":33,"playtime":1363,"items_purged":["Strike_R","Strike_R","Strike_R","Defend_R"],"score":295,"play_id":"954fa2b0-772f-428c-bfed-e631249eb040","local_time":"20190906202310","is_ascension_mode":false,"campfire_choices":[{"data":"Bash","floor":6,"key":"SMITH"},{"data":"Dropkick","floor":10,"key":"SMITH"},{"floor":13,"key":"REST"},{"floor":15,"key":"REST"},{"floor":27,"key":"REST"},{"floor":29,"key":"REST"},{"floor":32,"key":"RECALL"}],"neow_cost":"NONE","seed_source_timestamp":2164870696010400,"circlet_count":0,"master_deck":["Strike_R","Strike_R+1","Defend_R+1","Defend_R","Bash+1","Dropkick+1","Dropkick"],"relics":["Burning Blood","Art of War","Red Skull","Juzu Bracelet","Fusion Hammer","Centennial Puzzle","Anchor","MawBank","Matryoshka"],"potions_floor_usage":[7,7,14,16,18,23,23,28,30,33,33],"damage_taken":[{"damage":0,"enemies":"2 Louse","floor":1,"turns":3},{"damage":0,"enemies":"Small Slimes","floor":2,"turns":3},{"damage":13,"enemies":"Gremlin Nob","floor":7,"turns":4},{"damage":0,"enemies":"Cultist","floor":8,"turns":2},{"damage":30,"enemies":"Gremlin Gang","floor":11,"turns":5},{"damage":4,"enemies":"Blue Slaver","floor":12,"turns":2},{"damage":24,"enemies":"3 Sentries","floor":14,"turns":8},{"damage":41,"enemies":"Hexaghost","floor":16,"turns":6},{"damage":26,"enemies":"2 Thieves","floor":18,"turns":4},{"damage":20,"enemies":"Spheric Guardian","floor":19,"turns":5},{"damage":2,"enemies":"Chosen and Byrds","floor":21,"turns":3},{"damage":7,"enemies":"Centurion and Healer","floor":23,"turns":4},{"damage":16,"enemies":"Snake Plant","floor":24,"turns":2},{"damage":18,"enemies":"Slavers","floor":28,"turns":4},{"damage":8,"enemies":"Gremlin Leader","floor":30,"turns":2},{"damage":78,"enemies":"Automaton","floor":33,"turns":6}],"seed_played":"6208817758679498038","potions_obtained":[{"floor":1,"key":"LiquidBronze"},{"floor":2,"key":"EssenceOfSteel"},{"floor":12,"key":"SteroidPotion"},{"floor":14,"key":"SteroidPotion"},{"floor":16,"key":"Swift Potion"},{"floor":19,"key":"Strength Potion"},{"floor":21,"key":"Dexterity Potion"},{"floor":24,"key":"Swift Potion"},{"floor":30,"key":"SkillPotion"}],"is_trial":false,"path_per_floor":["M","M","?","$","?","R","E","M","T","R","M","M","R","E","R","B",null,"M","M","$","M","?","M","M","$","T","R","E","R","E","$","R","B"],"character_chosen":"IRONCLAD","items_purchased":["Centennial Puzzle","AttackPotion","Fire Potion"],"campfire_rested":4,"item_purchase_floors":[20,25,25],"current_hp_per_floor":[80,80,69,69,53,53,46,52,52,52,28,30,54,36,60,25,80,60,46,46,50,42,41,31,31,31,55,43,67,65,65,65,0],"gold":33,"neow_bonus":"REMOVE_CARD","is_prod":false,"is_daily":false,"chose_seed":false,"campfire_upgraded":2,"win_rate":0,"timestamp":1567794190,"path_taken":["M","M","?","$","?","R","E","M","T","R","M","M","R","E","R","BOSS","M","M","$","M","?","M","M","$","T","R","E","R","E","?","R","BOSS"],"build_version":"2019-07-17","purchased_purges":4,"victory":false,"max_hp_per_floor":[80,80,80,80,80,80,80,80,80,80,80,80,80,80,80,80,80,80,80,80,80,80,80,80,80,80,80,80,80,80,80,80,80],"card_choices":[{"not_picked":["Blood for Blood","Clothesline"],"picked":"Dropkick","floor":1},{"not_picked":["Fire Breathing","Headbutt","Warcry"],"picked":"SKIP","floor":2},{"not_picked":["Anger","Searing Blow","Clash"],"picked":"SKIP","floor":7},{"not_picked":["Sword Boomerang","Headbutt","Heavy Blade"],"picked":"SKIP","floor":8},{"not_picked":["Heavy Blade","Reaper","Flame Barrier"],"picked":"SKIP","floor":11},{"not_picked":["True Grit","Intimidate","Anger"],"picked":"SKIP","floor":12},{"not_picked":["Twin Strike","Fiend Fire"],"picked":"Dropkick","floor":14},{"not_picked":["Shrug It Off+1","Heavy Blade","Twin Strike"],"picked":"SKIP","floor":18},{"not_picked":["True Grit","Carnage","Heavy Blade"],"picked":"SKIP","floor":19},{"not_picked":["Headbutt","Wild Strike","Sentinel"],"picked":"SKIP","floor":21},{"not_picked":["Body Slam","Heavy Blade","Anger"],"picked":"SKIP","floor":23},{"not_picked":["Iron Wave","Sentinel","Anger"],"picked":"SKIP","floor":24},{"not_picked":["Thunderclap","True Grit+1","Feel No Pain+1"],"picked":"SKIP","floor":28},{"not_picked":["Thunderclap","Evolve","Body Slam"],"picked":"SKIP","floor":30}],"player_experience":90756,"relics_obtained":[{"floor":7,"key":"Art of War"},{"floor":9,"key":"Red Skull"},{"floor":14,"key":"Juzu Bracelet"},{"floor":26,"key":"Anchor"},{"floor":28,"key":"MawBank"},{"floor":30,"key":"Matryoshka"}],"event_choices":[{"damage_healed":0,"gold_gain":75,"player_choice":"Gather Gold","damage_taken":11,"max_hp_gain":0,"max_hp_loss":0,"event_name":"World of Goop","floor":3,"gold_loss":0},{"damage_healed":0,"gold_gain":0,"player_choice":"Entered Light","damage_taken":16,"max_hp_gain":0,"max_hp_loss":0,"event_name":"Shining Light","floor":5,"gold_loss":0,"cards_upgraded":["Defend_R","Strike_R"]},{"damage_healed":0,"gold_gain":75,"player_choice":"Touch","damage_taken":8,"max_hp_gain":0,"max_hp_loss":0,"event_name":"FaceTrader","floor":22,"gold_loss":0}],"is_beta":false,"boss_relics":[{"not_picked":["Coffee Dripper","Orrery"],"picked":"Fusion Hammer"}],"items_purged_floors":[4,20,25,31],"is_endless":false,"potions_floor_spawned":[1,2,12,14,16,19,21,24,30],"killed_by":"Automaton","ascension_level":0}