{"gold_per_floor":[118,118,118,129,129,129,144,161,161,189,189,205,205,235,235,309,309,325,358,358,370,370],"floor_reached":22,"playtime":1205,"items_purged":[],"score":365,"play_id":"f0b2f06e-23bb-4fa9-a700-c4d8fce7d87b","local_time":"20190929141912","is_ascension_mode":true,"campfire_choices":[{"data":"Coolheaded","floor":6.0,"key":"SMITH"},{"data":"Consume","floor":11.0,"key":"SMITH"},{"data":"Streamline","floor":13.0,"key":"SMITH"},{"data":"Blizzard","floor":15.0,"key":"SMITH"}],"neow_cost":"NONE","seed_source_timestamp":58464147675500,"circlet_count":0,"master_deck":["AscendersBane","Strike_B","Strike_B","Strike_B","Strike_B","Defend_B","Defend_B","Defend_B","Defend_B","Zap","Dualcast","Beam Cell","Coolheaded+1","Streamline+1","Consume+1","Chill","Blizzard+1","Coolheaded","Creative AI","Self Repair","Lockon","Decay","Reinforced Body"],"special_seed":0,"relics":["Cracked Core","Pear","FaceOfCleric","Mummified Hand","Darkstone Periapt","Bag of Preparation","Philosopher\u0027s Stone","Red Mask"],"potions_floor_usage":[],"damage_taken":[{"damage":1.0,"enemies":"2 Louse","floor":1.0,"turns":3.0},{"damage":5.0,"enemies":"Small Slimes","floor":4.0,"turns":3.0},{"damage":0.0,"enemies":"Cultist","floor":7.0,"turns":4.0},{"damage":0.0,"enemies":"Large Slime","floor":8.0,"turns":6.0},{"damage":27.0,"enemies":"Lagavulin","floor":10.0,"turns":9.0},{"damage":0.0,"enemies":"Gremlin Gang","floor":12.0,"turns":6.0},{"damage":5.0,"enemies":"Gremlin Nob","floor":14.0,"turns":4.0},{"damage":47.0,"enemies":"Slime Boss","floor":16.0,"turns":13.0},{"damage":8.0,"enemies":"Chosen","floor":18.0,"turns":6.0},{"damage":41.0,"enemies":"Masked Bandits","floor":19.0,"turns":5.0},{"damage":20.0,"enemies":"2 Thieves","floor":21.0,"turns":4.0},{"damage":28,"enemies":"Shelled Parasite and Fungi","floor":22,"turns":3}],"seed_played":"7011242821743734561","potions_obtained":[{"floor":1.0,"key":"Regen Potion"},{"floor":5.0,"key":"Energy Potion"},{"floor":16.0,"key":"SpeedPotion"},{"floor":18.0,"key":"Poison Potion"}],"is_trial":false,"path_per_floor":["M","?","?","M","?","R","M","M","T","E","R","M","R","E","R","B",null,"M","?","?","M","M"],"character_chosen":"DEFECT","items_purchased":[],"campfire_rested":0,"item_purchase_floors":[],"current_hp_per_floor":[70,69,69,65,65,65,66,67,67,56,56,57,57,53,53,7,73,66,33,39,27,0],"gold":370,"neow_bonus":"TEN_PERCENT_HP_BONUS","is_prod":false,"is_daily":false,"chose_seed":false,"campfire_upgraded":4,"win_rate":0,"timestamp":1569759552,"path_taken":["M","?","?","?","?","R","?","M","T","E","R","M","R","E","R","BOSS","M","?","?","M","M"],"build_version":"2019-07-17","purchased_purges":0,"victory":false,"max_hp_per_floor":[78,88,88,89,89,89,90,91,91,92,92,93,93,94,94,95,95,96,97,103,104,104],"card_choices":[{"not_picked":["Darkness","Rebound"],"picked":"Beam Cell","floor":1.0},{"not_picked":["Gash","Leap"],"picked":"Coolheaded","floor":4.0},{"not_picked":["Compile Driver","Turbo"],"picked":"Streamline","floor":7.0},{"not_picked":["Rip and Tear","Reboot"],"picked":"Consume","floor":8.0},{"not_picked":["Conserve Battery","Beam Cell"],"picked":"Chill","floor":10.0},{"not_picked":["Turbo","Go for the Eyes"],"picked":"Blizzard","floor":12.0},{"not_picked":["Stack","Multi-Cast"],"picked":"Coolheaded","floor":14.0},{"not_picked":["Reboot","Electrodynamics"],"picked":"Creative AI","floor":16.0},{"not_picked":["Turbo","Go for the Eyes"],"picked":"Self Repair","floor":18.0},{"not_picked":["Sunder","Streamline"],"picked":"Lockon","floor":19.0},{"not_picked":["Gash","Hologram"],"picked":"Reinforced Body","floor":21.0}],"player_experience":376704,"relics_obtained":[{"floor":9.0,"key":"Mummified Hand"},{"floor":10.0,"key":"Darkstone Periapt"},{"floor":14.0,"key":"Bag of Preparation"},{"floor":19.0,"key":"Red Mask"}],"event_choices":[{"damage_healed":0.0,"max_hp_gain":0.0,"max_hp_loss":0.0,"gold_gain":0.0,"event_name":"Scrap Ooze","player_choice":"Success","floor":2.0,"gold_loss":0.0,"damage_taken":11.0,"relics_obtained":["Pear"]},{"damage_healed":0.0,"max_hp_gain":0.0,"max_hp_loss":0.0,"gold_gain":0.0,"event_name":"FaceTrader","player_choice":"Trade","floor":3.0,"gold_loss":0.0,"damage_taken":0.0,"relics_obtained":["FaceOfCleric"]},{"damage_healed":0.0,"max_hp_gain":0.0,"max_hp_loss":0.0,"gold_gain":0.0,"event_name":"Lab","player_choice":"Got Potions","floor":5.0,"gold_loss":0.0,"damage_taken":0.0},{"damage_healed":0.0,"max_hp_gain":0.0,"max_hp_loss":0.0,"gold_gain":0.0,"event_name":"Masked Bandits","player_choice":"Fought Bandits","floor":19.0,"gold_loss":0.0,"damage_taken":0.0},{"damage_healed":0.0,"max_hp_gain":0.0,"max_hp_loss":0.0,"gold_gain":0.0,"event_name":"Forgotten Altar","player_choice":"Smashed Altar","floor":20.0,"gold_loss":0.0,"damage_taken":0.0,"cards_obtained":["Decay"]}],"is_beta":false,"boss_relics":[{"not_picked":["Eternal Feather","Calling Bell"],"picked":"Philosopher\u0027s Stone"}],"items_purged_floors":[],"is_endless":false,"potions_floor_spawned":[1,7,16,18],"killed_by":"Shelled Parasite and Fungi","ascension_level":15}