{"gold_per_floor":[115,115,126,201,221,221,234,234,234,234,268,293,304,454,454,526,526,543,10,10,10,29,63,63,63],"floor_reached":25,"playtime":1018,"items_purged":["Pain"],"score":427,"play_id":"452e5f32-c67c-49ed-a1ab-62da3987f720","local_time":"20191003192858","is_ascension_mode":true,"campfire_choices":[{"data":"Zap","floor":6.0,"key":"SMITH"},{"data":"Leap","floor":8.0,"key":"SMITH"},{"floor":10.0,"key":"REST"},{"data":"Hello World","floor":15.0,"key":"SMITH"},{"floor":24,"key":"REST"}],"neow_cost":"NONE","seed_source_timestamp":422599738540200,"circlet_count":0,"master_deck":["AscendersBane","Strike_B","Strike_B","Strike_B","Strike_B","Defend_B","Defend_B","Defend_B","Defend_B","Zap+1","Dualcast","Gash","Reprogram","Rebound","Leap+1","Hello World+1","Steam","Streamline","Thunder Strike","Reprogram","Magnetism","Leap","Genetic Algorithm","Barrage"],"special_seed":0,"relics":["Cracked Core","WarpedTongs","DataDisk","Bottled Lightning","Odd Mushroom","Busted Crown","Lee\u0027s Waffle","Smiling Mask"],"potions_floor_usage":[23],"damage_taken":[{"damage":2.0,"enemies":"2 Louse","floor":1.0,"turns":3.0},{"damage":3.0,"enemies":"Cultist","floor":3.0,"turns":4.0},{"damage":8.0,"enemies":"Jaw Worm","floor":5.0,"turns":4.0},{"damage":4.0,"enemies":"3 Louse","floor":7.0,"turns":5.0},{"damage":18.0,"enemies":"3 Sentries","floor":11.0,"turns":6.0},{"damage":3.0,"enemies":"The Mushroom Lair","floor":12.0,"turns":4.0},{"damage":3.0,"enemies":"Large Slime","floor":13.0,"turns":3.0},{"damage":32.0,"enemies":"Slime Boss","floor":16.0,"turns":8.0},{"damage":35.0,"enemies":"Shell Parasite","floor":18.0,"turns":6.0},{"damage":20,"enemies":"3 Byrds","floor":22,"turns":6},{"damage":58,"enemies":"Book of Stabbing","floor":23,"turns":5},{"damage":33,"enemies":"Shelled Parasite and Fungi","floor":25,"turns":3}],"seed_played":"-4383503587648637881","potions_obtained":[{"floor":1.0,"key":"LiquidBronze"},{"floor":11.0,"key":"Block Potion"},{"floor":12.0,"key":"Energy Potion"},{"floor":22,"key":"Fire Potion"}],"is_trial":false,"path_per_floor":["M","?","M","?","M","R","M","R","T","R","E","?","M","?","R","B",null,"M","$","?","$","M","E","R","M"],"character_chosen":"DEFECT","items_purchased":["Lee\u0027s Waffle","Magnetism","Leap"],"campfire_rested":2,"item_purchase_floors":[19,19,19],"current_hp_per_floor":[69,69,66,55,47,47,43,43,43,66,48,45,42,42,42,10,61,26,85,85,85,65,7,32,0],"gold":63,"neow_bonus":"TEN_PERCENT_HP_BONUS","is_prod":false,"is_daily":false,"chose_seed":false,"campfire_upgraded":3,"win_rate":0,"timestamp":1570123738,"path_taken":["M","?","?","?","M","R","M","R","T","R","E","?","M","?","R","BOSS","M","$","?","?","M","E","R","M"],"build_version":"2019-07-17","purchased_purges":1,"victory":false,"max_hp_per_floor":[78,78,78,78,78,78,78,78,78,78,78,78,78,78,78,78,78,78,85,85,85,85,85,85,85],"card_choices":[{"not_picked":["Aggregate","Fusion"],"picked":"Gash","floor":1.0},{"not_picked":["Go for the Eyes","Hologram"],"picked":"Reprogram","floor":3.0},{"not_picked":["Doom and Gloom","Turbo"],"picked":"Rebound","floor":5.0},{"not_picked":["Redo","Turbo"],"picked":"Leap","floor":7.0},{"not_picked":["Amplify","Lockon"],"picked":"Hello World","floor":11.0},{"not_picked":["Cold Snap","Redo"],"picked":"Steam","floor":12.0},{"not_picked":["Double Energy","Undo"],"picked":"Streamline","floor":13.0},{"not_picked":["Fission","Hyperbeam"],"picked":"Thunder Strike","floor":16.0},{"not_picked":[],"picked":"Reprogram","floor":18.0},{"not_picked":[],"picked":"Genetic Algorithm","floor":22},{"not_picked":[],"picked":"Barrage","floor":23}],"player_experience":412522,"relics_obtained":[{"floor":9.0,"key":"DataDisk"},{"floor":11.0,"key":"Bottled Lightning"},{"floor":12.0,"key":"Odd Mushroom"},{"floor":23,"key":"Smiling Mask"}],"event_choices":[{"damage_healed":0.0,"max_hp_gain":0.0,"max_hp_loss":0.0,"gold_gain":0.0,"event_name":"Accursed Blacksmith","player_choice":"Rummage","floor":2.0,"gold_loss":0.0,"damage_taken":0.0,"relics_obtained":["WarpedTongs"],"cards_obtained":["Pain"]},{"damage_healed":0.0,"max_hp_gain":0.0,"max_hp_loss":0.0,"gold_gain":75.0,"event_name":"World of Goop","player_choice":"Gather Gold","floor":4.0,"gold_loss":0.0,"damage_taken":11.0},{"damage_healed":0.0,"max_hp_gain":0.0,"max_hp_loss":0.0,"gold_gain":0.0,"event_name":"Mushrooms","player_choice":"Fought Mushrooms","floor":12.0,"gold_loss":0.0,"damage_taken":0.0},{"damage_healed":0.0,"max_hp_gain":0.0,"max_hp_loss":0.0,"gold_gain":150.0,"event_name":"Liars Game","player_choice":"AGREE","floor":14.0,"gold_loss":0.0,"damage_taken":0.0,"cards_obtained":["Doubt"]},{"cards_removed":["Doubt"],"damage_healed":0.0,"max_hp_gain":0.0,"max_hp_loss":0.0,"gold_gain":0.0,"event_name":"Fountain of Cleansing","player_choice":"Removed Curses","floor":20.0,"gold_loss":0.0,"damage_taken":0.0}],"is_beta":false,"boss_relics":[{"not_picked":["Cursed Key","Velvet Choker"],"picked":"Busted Crown"}],"items_purged_floors":[19],"is_endless":false,"potions_floor_spawned":[1,11,12,22],"killed_by":"Shelled Parasite and Fungi","ascension_level":19}