{"gold_per_floor":[16,34,34,34,49,92,92,105,105,139,139,172,190,215,215,346,346,365,378,402,402,422,457,457],"floor_reached":24,"playtime":1559,"items_purged":[],"score":406,"play_id":"2983a00f-6e65-44ad-a687-b136153f9597","local_time":"20190920053249","is_ascension_mode":true,"campfire_choices":[{"floor":7,"key":"REST"},{"data":"Reinforced Body","floor":15,"key":"SMITH"}],"neow_cost":"NO_GOLD","seed_source_timestamp":3320791242025900,"circlet_count":0,"master_deck":["Strike_B","Strike_B","Strike_B","Defend_B","Defend_B","Defend_B","Defend_B","Zap","Dualcast","Finesse","Blind","Hologram","FTL","Ball Lightning","Reinforced Body+1","Coolheaded","Hologram","Pain","Melter","Conserve Battery","Conserve Battery","Electrodynamics","Heatsinks+1","Redo+1","Ball Lightning","Consume+1","Go for the Eyes"],"relics":["Cracked Core","Golden Idol","Pantograph","Blue Candle","Bottled Flame","WarpedTongs","Symbiotic Virus","Fusion Hammer","Regal Pillow"],"potions_floor_usage":[6,8,10,10,10,19,23],"damage_taken":[{"damage":0,"enemies":"Jaw Worm","floor":1,"turns":3},{"damage":4,"enemies":"Small Slimes","floor":2,"turns":4},{"damage":0,"enemies":"2 Louse","floor":5,"turns":2},{"damage":11,"enemies":"Lagavulin","floor":6,"turns":5},{"damage":16,"enemies":"Gremlin Gang","floor":8,"turns":4},{"damage":4,"enemies":"3 Sentries","floor":10,"turns":7},{"damage":10,"enemies":"Lagavulin","floor":12,"turns":5},{"damage":2,"enemies":"Looter","floor":13,"turns":2},{"damage":3,"enemies":"2 Fungi Beasts","floor":14,"turns":4},{"damage":1,"enemies":"Slime Boss","floor":16,"turns":7},{"damage":1,"enemies":"Spheric Guardian","floor":18,"turns":4},{"damage":8,"enemies":"2 Thieves","floor":19,"turns":3},{"damage":11,"enemies":"Centurion and Healer","floor":20,"turns":4},{"damage":4,"enemies":"Chosen and Byrds","floor":22,"turns":4},{"damage":25,"enemies":"Gremlin Leader","floor":23,"turns":6},{"damage":21,"enemies":"Snake Plant","floor":24,"turns":2}],"seed_played":"6837475838055833410","potions_obtained":[{"floor":1,"key":"Regen Potion"},{"floor":2,"key":"Fire Potion"},{"floor":5,"key":"EntropicBrew"},{"floor":6,"key":"Dexterity Potion"},{"floor":13,"key":"Poison Potion"},{"floor":14,"key":"Fire Potion"}],"is_trial":false,"path_per_floor":["M","M","?","?","M","E","R","M","T","E","?","E","M","M","R","B",null,"M","M","M","?","M","E","M"],"character_chosen":"DEFECT","items_purchased":[],"campfire_rested":1,"item_purchase_floors":[],"current_hp_per_floor":[68,64,46,39,39,42,64,48,48,44,44,34,32,29,29,53,70,69,61,50,50,46,21,0],"gold":457,"neow_bonus":"RANDOM_COLORLESS_2","is_prod":false,"is_daily":false,"chose_seed":false,"campfire_upgraded":1,"win_rate":0,"timestamp":1568950369,"path_taken":["M","M","?","?","M","E","R","M","T","E","?","E","M","M","R","BOSS","M","?","M","?","M","E","M"],"build_version":"2019-07-17","purchased_purges":0,"victory":false,"max_hp_per_floor":[75,75,75,75,75,75,75,75,75,75,75,75,75,75,75,75,75,75,75,75,75,75,75,75],"card_choices":[{"not_picked":["Stack","Leap"],"picked":"Hologram","floor":1},{"not_picked":["Consume","Coolheaded"],"picked":"FTL","floor":2},{"not_picked":["Force Field","Turbo"],"picked":"Ball Lightning","floor":5},{"not_picked":["Chaos","Steam Power"],"picked":"Reinforced Body","floor":6},{"not_picked":["Streamline","Redo"],"picked":"Coolheaded","floor":8},{"not_picked":["Steam","Multi-Cast"],"picked":"Hologram","floor":10},{"not_picked":["Consume","Core Surge"],"picked":"Melter","floor":12},{"not_picked":["Streamline","Force Field"],"picked":"Conserve Battery","floor":13},{"not_picked":["Sweeping Beam","Melter"],"picked":"Conserve Battery","floor":14},{"not_picked":["Meteor Strike","Machine Learning"],"picked":"Electrodynamics","floor":16},{"not_picked":["FTL","Steam"],"picked":"Heatsinks+1","floor":18},{"not_picked":["Reprogram","Conserve Battery"],"picked":"Redo+1","floor":19},{"not_picked":["Turbo+1","Streamline"],"picked":"Ball Lightning","floor":20},{"not_picked":["Steam","Stack"],"picked":"Consume+1","floor":22},{"not_picked":["Rebound","Streamline"],"picked":"Go for the Eyes","floor":23}],"player_experience":262604,"relics_obtained":[{"floor":6,"key":"Pantograph"},{"floor":9,"key":"Blue Candle"},{"floor":10,"key":"Bottled Flame"},{"floor":12,"key":"Symbiotic Virus"},{"floor":23,"key":"Regal Pillow"}],"event_choices":[{"damage_healed":0,"gold_gain":0,"player_choice":"Take Damage","damage_taken":18,"relics_obtained":["Golden Idol"],"max_hp_gain":0,"max_hp_loss":0,"event_name":"Golden Idol","floor":3,"gold_loss":0},{"cards_removed":["Strike_B"],"damage_healed":0,"gold_gain":0,"player_choice":"Card Removal","damage_taken":7,"max_hp_gain":0,"max_hp_loss":0,"event_name":"Golden Wing","floor":4,"gold_loss":0},{"damage_healed":0,"gold_gain":0,"player_choice":"Rummage","damage_taken":0,"relics_obtained":["WarpedTongs"],"max_hp_gain":0,"max_hp_loss":0,"event_name":"Accursed Blacksmith","floor":11,"gold_loss":0,"cards_obtained":["Pain"]},{"damage_healed":0,"gold_gain":0,"player_choice":"Ignored","damage_taken":0,"max_hp_gain":0,"max_hp_loss":0,"event_name":"Ghosts","floor":21,"gold_loss":0}],"is_beta":false,"boss_relics":[{"not_picked":["Sozu","Astrolabe"],"picked":"Fusion Hammer"}],"items_purged_floors":[],"is_endless":false,"potions_floor_spawned":[1,2,5,6,13,14,16,18],"killed_by":"Snake Plant","ascension_level":8}