{"gold_per_floor":[113,129,129,129,139,139,289,214,290,316,316,316,316,9,9,80,80,90,123,38,51,66,66,95,95,121,121,136,154,166,166,166,242,242,254,271,283,17,117,117,152,16,40,40,56,69,69,83,83,83],"floor_reached":51,"playtime":3367,"items_purged":[],"score":1348,"play_id":"6ce32ff1-0292-4092-b1be-7e763bea1e01","local_time":"20191002190028","is_ascension_mode":true,"campfire_choices":[{"data":"Loop","floor":6.0,"key":"SMITH"},{"data":"Seek","floor":13.0,"key":"SMITH"},{"data":"Zap","floor":15.0,"key":"SMITH"},{"floor":23.0,"key":"REST"},{"floor":25.0,"key":"REST"},{"floor":27.0,"key":"REST"},{"floor":32.0,"key":"REST"},{"floor":40.0,"key":"REST"},{"floor":49,"key":"REST"}],"neow_cost":"TEN_PERCENT_HP_LOSS","seed_source_timestamp":332117183640000,"circlet_count":0,"master_deck":["AscendersBane","Strike_B","Strike_B","Strike_B","Defend_B","Defend_B","Defend_B","Defend_B","Zap+1","Dualcast","Seek+1","Auto Shields","Loop+1","Rip and Tear","Coolheaded","Gash+1","Loop","Stack+1","Compile Driver+1","All For One+1","Gash+1","Hello World+1","Loop","Conserve Battery","Conserve Battery","Creative AI","Capacitor","Hologram","Steam","Electrodynamics","Barrage+1","Hologram+1","All For One+1","Hologram","Beam Cell+1","Self Repair","White Noise","Go for the Eyes+1","Stack+1","Creative AI","Turbo","Hologram","BootSequence","Leap+1","Scrape+1","Beam Cell+1","Steam","Gash+1"],"special_seed":0,"relics":["Cracked Core","Bag of Marbles","Molten Egg 2","Potion Belt","Pear","Dream Catcher","Fusion Hammer","Red Mask","Gremlin Horn","The Courier","Oddly Smooth Stone","Enchiridion","Lizard Tail","Membership Card","Tiny Chest","Prayer Wheel","Orichalcum","Mummified Hand","Strawberry"],"potions_floor_usage":[45],"damage_taken":[{"damage":2.0,"enemies":"Jaw Worm","floor":1.0,"turns":3.0},{"damage":0.0,"enemies":"2 Louse","floor":2.0,"turns":2.0},{"damage":1.0,"enemies":"Cultist","floor":5.0,"turns":3.0},{"damage":10.0,"enemies":"Lagavulin","floor":10.0,"turns":9.0},{"damage":43.0,"enemies":"The Guardian","floor":16.0,"turns":12.0},{"damage":24.0,"enemies":"Chosen","floor":18.0,"turns":4.0},{"damage":1.0,"enemies":"Masked Bandits","floor":19.0,"turns":3.0},{"damage":4.0,"enemies":"Shell Parasite","floor":21.0,"turns":4.0},{"damage":10.0,"enemies":"Snake Plant","floor":22.0,"turns":5.0},{"damage":30.0,"enemies":"Gremlin Leader","floor":24.0,"turns":5.0},{"damage":8.0,"enemies":"Cultist and Chosen","floor":28.0,"turns":5.0},{"damage":0.0,"enemies":"Centurion and Healer","floor":29.0,"turns":3.0},{"damage":11.0,"enemies":"Snake Plant","floor":30.0,"turns":4.0},{"damage":13.0,"enemies":"Champ","floor":33.0,"turns":10.0},{"damage":35.0,"enemies":"3 Darklings","floor":35.0,"turns":4.0},{"damage":0.0,"enemies":"Orb Walker","floor":36.0,"turns":3.0},{"damage":10.0,"enemies":"Jaw Worm Horde","floor":37.0,"turns":3.0},{"damage":2.0,"enemies":"Mind Bloom Boss Battle","floor":39.0,"turns":6.0},{"damage":59.0,"enemies":"Reptomancer","floor":41.0,"turns":5.0},{"damage":12,"enemies":"Transient","floor":45,"turns":6},{"damage":14,"enemies":"3 Darklings","floor":46,"turns":5},{"damage":3,"enemies":"Maw","floor":48,"turns":5},{"damage":41,"enemies":"Donu and Deca","floor":50,"turns":9}],"seed_played":"7753754884617698144","potions_obtained":[{"floor":5.0,"key":"EssenceOfSteel"},{"floor":10.0,"key":"Explosive Potion"},{"floor":19.0,"key":"SteroidPotion"},{"floor":21.0,"key":"SkillPotion"},{"floor":22.0,"key":"SteroidPotion"},{"floor":28.0,"key":"Swift Potion"},{"floor":29.0,"key":"LiquidBronze"},{"floor":36.0,"key":"SteroidPotion"},{"floor":37.0,"key":"GamblersBrew"},{"floor":41.0,"key":"Block Potion"},{"floor":46,"key":"FairyPotion"}],"is_trial":false,"path_per_floor":["M","M","?","?","M","R","?","?","T","E","T","$","R","$","R","B",null,"M","?","?","M","M","R","E","R","T","R","M","M","M","?","R","B",null,"M","M","M","$","?","R","E","$","T","?","M","M","?","M","R","B",null],"character_chosen":"DEFECT","items_purchased":["Dream Catcher","Loop","Stack","Compile Driver+1","Membership Card","Self Repair","Tiny Chest","White Noise","Mummified Hand","Turbo","Hologram"],"campfire_rested":6,"item_purchase_floors":[14,14,14,14,38,38,38,38,42,42,42],"current_hp_per_floor":[62,62,51,51,50,50,50,50,50,40,50,50,50,50,50,7,57,33,32,32,28,18,40,10,32,32,54,46,46,35,14,36,23,61,26,26,16,16,21,43,35,35,42,42,44,30,30,27,51,10],"gold":83,"neow_bonus":"THREE_RARE_CARDS","is_prod":false,"is_daily":false,"chose_seed":false,"campfire_upgraded":3,"win_rate":0,"timestamp":1570035628,"path_taken":["M","M","?","?","?","R","?","?","T","E","?","$","R","$","R","BOSS","M","?","?","M","M","R","E","R","T","R","M","M","M","?","R","BOSS","M","M","M","$","?","R","E","$","T","?","M","M","?","?","R","BOSS"],"build_version":"2019-07-17","purchased_purges":0,"victory":true,"max_hp_per_floor":[64,64,64,64,64,64,64,64,64,64,74,74,74,74,74,74,74,74,74,74,74,74,74,74,74,74,74,74,74,74,74,74,74,74,74,74,74,74,74,74,74,74,81,81,81,81,81,81,81,81],"card_choices":[{"not_picked":["Meteor Strike","Amplify"],"picked":"Seek","floor":0.0},{"not_picked":["Streamline","Steam Power"],"picked":"Auto Shields","floor":1.0},{"not_picked":["Melter","Rebound"],"picked":"Loop","floor":2.0},{"not_picked":["Stack","Capacitor"],"picked":"Coolheaded","floor":5.0},{"not_picked":["Genetic Algorithm","Compile Driver+1"],"picked":"Gash+1","floor":10.0},{"not_picked":["Rainbow","Thunder Strike+1"],"picked":"All For One+1","floor":16.0},{"not_picked":["Rip and Tear+1","Recycle+1"],"picked":"Gash+1","floor":18.0},{"not_picked":["Stack","Cold Snap+1"],"picked":"Hello World+1","floor":19.0},{"not_picked":["Sweeping Beam+1","Multi-Cast"],"picked":"Loop","floor":21.0},{"not_picked":["Hello World","Redo"],"picked":"Conserve Battery","floor":22.0},{"not_picked":["Compile Driver+1","Sweeping Beam+1"],"picked":"Conserve Battery","floor":23.0},{"not_picked":["Stack","Lockon+1"],"picked":"Creative AI","floor":24.0},{"not_picked":["Redo","Beam Cell+1"],"picked":"Capacitor","floor":25.0},{"not_picked":["Cold Snap+1","Auto Shields"],"picked":"Hologram","floor":27.0},{"not_picked":["Hello World","Tempest"],"picked":"Steam","floor":28.0},{"not_picked":["Fusion","Coolheaded"],"picked":"Electrodynamics","floor":29.0},{"not_picked":["Compile Driver+1","Redo"],"picked":"Barrage+1","floor":30.0},{"not_picked":["Cold Snap+1","Turbo"],"picked":"Hologram+1","floor":32.0},{"not_picked":["Meteor Strike+1","Seek"],"picked":"All For One+1","floor":33.0},{"not_picked":["Rebound+1","Chaos","Hello World"],"picked":"SKIP","floor":35.0},{"not_picked":["Recycle+1","Streamline+1"],"picked":"Hologram","floor":36.0},{"not_picked":["Force Field+1","Storm"],"picked":"Beam Cell+1","floor":37.0},{"not_picked":["Redo","Scrape+1"],"picked":"Go for the Eyes+1","floor":39.0},{"not_picked":["FTL+1","Cold Snap+1"],"picked":"Stack+1","floor":40.0},{"not_picked":["Doom and Gloom+1","Static Discharge"],"picked":"Creative AI","floor":41.0},{"not_picked":["Leap","Coolheaded"],"picked":"BootSequence","floor":45},{"not_picked":["Undo","Auto Shields","Ball Lightning+1"],"picked":"SKIP","floor":45},{"not_picked":["Stack","Heatsinks"],"picked":"Leap+1","floor":46},{"not_picked":["Genetic Algorithm","Steam Power"],"picked":"Scrape+1","floor":46},{"not_picked":["Sweeping Beam+1","Reinforced Body"],"picked":"Beam Cell+1","floor":48},{"not_picked":["Sunder+1","Beam Cell+1"],"picked":"Steam","floor":48},{"not_picked":["Genetic Algorithm","Hologram"],"picked":"Gash+1","floor":49}],"player_experience":401882,"relics_obtained":[{"floor":9.0,"key":"Molten Egg 2"},{"floor":10.0,"key":"Potion Belt"},{"floor":11.0,"key":"Pear"},{"floor":19.0,"key":"Red Mask"},{"floor":24.0,"key":"The Courier"},{"floor":26.0,"key":"Oddly Smooth Stone"},{"floor":31.0,"key":"Enchiridion"},{"floor":39.0,"key":"Prayer Wheel"},{"floor":41.0,"key":"Orichalcum"},{"floor":43.0,"key":"Strawberry"}],"event_choices":[{"damage_healed":0.0,"max_hp_gain":0.0,"max_hp_loss":0.0,"gold_gain":0.0,"event_name":"Scrap Ooze","player_choice":"Success","floor":3.0,"gold_loss":0.0,"damage_taken":11.0,"relics_obtained":["Bag of Marbles"]},{"damage_healed":0.0,"max_hp_gain":0.0,"max_hp_loss":0.0,"gold_gain":0.0,"cards_transformed":["Strike_B"],"event_name":"Transmorgrifier","player_choice":"Transformed","floor":4.0,"gold_loss":0.0,"damage_taken":0.0,"cards_obtained":["Rip and Tear"]},{"damage_healed":0.0,"max_hp_gain":0.0,"max_hp_loss":0.0,"gold_gain":150.0,"event_name":"Liars Game","player_choice":"AGREE","floor":7.0,"gold_loss":0.0,"damage_taken":0.0,"cards_obtained":["Doubt"]},{"cards_removed":["Doubt"],"damage_healed":0.0,"max_hp_gain":0.0,"max_hp_loss":0.0,"gold_gain":0.0,"event_name":"The Cleric","player_choice":"Card Removal","floor":8.0,"gold_loss":75.0,"damage_taken":0.0},{"damage_healed":0.0,"max_hp_gain":0.0,"max_hp_loss":0.0,"gold_gain":0.0,"event_name":"Masked Bandits","player_choice":"Fought Bandits","floor":19.0,"gold_loss":0.0,"damage_taken":0.0},{"damage_healed":0.0,"max_hp_gain":0.0,"max_hp_loss":0.0,"gold_gain":0.0,"event_name":"Addict","player_choice":"Obtained Relic","floor":20.0,"gold_loss":85.0,"damage_taken":0.0,"relics_obtained":["Gremlin Horn"]},{"damage_healed":0.0,"max_hp_gain":0.0,"max_hp_loss":0.0,"gold_gain":0.0,"event_name":"Cursed Tome","player_choice":"Obtained Book","floor":31.0,"gold_loss":0.0,"damage_taken":21.0},{"damage_healed":0.0,"max_hp_gain":0.0,"max_hp_loss":0.0,"gold_gain":0.0,"event_name":"MindBloom","player_choice":"Fight","floor":39.0,"gold_loss":0.0,"damage_taken":0.0},{"damage_healed":0.0,"max_hp_gain":0.0,"max_hp_loss":0.0,"gold_gain":0.0,"event_name":"Tomb of Lord Red Mask","player_choice":"Ignored","floor":44.0,"gold_loss":0.0,"damage_taken":0.0},{"damage_healed":0,"gold_gain":0,"player_choice":"Upgraded","damage_taken":0,"max_hp_gain":0,"max_hp_loss":0,"event_name":"Upgrade Shrine","floor":47,"gold_loss":0,"cards_upgraded":["Stack"]}],"is_beta":false,"boss_relics":[{"not_picked":["Busted Crown","Tiny House"],"picked":"Fusion Hammer"},{"not_picked":["FrozenCore","Cursed Key"],"picked":"Lizard Tail"}],"items_purged_floors":[],"is_endless":false,"potions_floor_spawned":[5,10,19,21,22,28,29,36,37,41,46],"ascension_level":18}