{"gold_per_floor":[110,121,141,111,130,161,10,10,80,90,90,123,123,86,86,185,185,205,223,148,178,189,219,219,231,231,93,93,93,106,155,155,259,259,278,278,292,302,319,351,351,363,390,403,70,70,415,428,428,428,428,428,28,57,57],"floor_reached":56,"playtime":4501,"items_purged":["Strike_B"],"score":1300,"play_id":"8935f932-fd5a-4f3d-8bc0-38824b22c771","local_time":"20190913065931","is_ascension_mode":true,"campfire_choices":[{"floor":11,"key":"REST"},{"floor":15,"key":"DIG"},{"floor":24,"key":"DIG"},{"floor":28,"key":"REST"},{"floor":32,"key":"RECALL"},{"floor":41,"key":"DIG"},{"floor":46,"key":"DIG"},{"floor":49,"key":"DIG"},{"floor":52,"key":"DIG"}],"neow_cost":"PERCENT_DAMAGE","seed_source_timestamp":2718289988681800,"circlet_count":0,"master_deck":["Defend_B+1","Defend_B+1","Defend_B+1","Defend_B+1","Zap","Dualcast+1","Coolheaded","Undo+1","Go for the Eyes","Static Discharge","Glacier","Barrage","Go for the Eyes","Cold Snap","Loop","FTL","Defragment","Heatsinks","Echo Form","Self Repair","Hologram+1","Hologram","Genetic Algorithm","Seek","Storm","Flash of Steel","Leap+1","Electrodynamics","Stack+1","Sweeping Beam","BootSequence","Storm+1","Rainbow","Ball Lightning+1","Conserve Battery+1","Capacitor","Self Repair+1","Conserve Battery","Apotheosis","Storm","FTL"],"relics":["Cracked Core","Thread and Needle","Mercury Hourglass","Ancient Tea Set","Shovel","War Paint","Fusion Hammer","Red Mask","Bag of Marbles","Blue Candle","Smiling Mask","Sozu","Bird Faced Urn","Happy Flower","Strawberry","Bottled Lightning","Dream Catcher","Old Coin","Dead Branch","Kunai","Bronze Scales","Bottled Flame"],"potions_floor_usage":[21,21,21,55],"damage_taken":[{"damage":0,"enemies":"Cultist","floor":1,"turns":4},{"damage":2,"enemies":"2 Louse","floor":2,"turns":3},{"damage":2,"enemies":"Jaw Worm","floor":3,"turns":3},{"damage":0,"enemies":"Looter","floor":4,"turns":4},{"damage":1,"enemies":"Large Slime","floor":5,"turns":9},{"damage":9,"enemies":"Lagavulin","floor":6,"turns":7},{"damage":0,"enemies":"Exordium Thugs","floor":10,"turns":4},{"damage":0,"enemies":"3 Sentries","floor":12,"turns":10},{"damage":6,"enemies":"Hexaghost","floor":16,"turns":13},{"damage":0,"enemies":"Chosen","floor":18,"turns":6},{"damage":12,"enemies":"Spheric Guardian","floor":19,"turns":4},{"damage":23,"enemies":"Masked Bandits","floor":21,"turns":8},{"damage":5,"enemies":"Snecko","floor":22,"turns":8},{"damage":33,"enemies":"Slavers","floor":23,"turns":6},{"damage":8,"enemies":"Snake Plant","floor":25,"turns":6},{"damage":5,"enemies":"Centurion and Healer","floor":30,"turns":6},{"damage":48,"enemies":"Collector","floor":33,"turns":15},{"damage":0,"enemies":"3 Shapes","floor":35,"turns":4},{"damage":9,"enemies":"Orb Walker","floor":37,"turns":5},{"damage":3,"enemies":"4 Shapes","floor":38,"turns":4},{"damage":8,"enemies":"Spire Growth","floor":39,"turns":6},{"damage":3,"enemies":"Giant Head","floor":40,"turns":10},{"damage":2,"enemies":"Jaw Worm Horde","floor":42,"turns":2},{"damage":0,"enemies":"Sphere and 2 Shapes","floor":44,"turns":5},{"damage":0,"enemies":"2 Orb Walkers","floor":47,"turns":4},{"damage":0,"enemies":"Transient","floor":48,"turns":5},{"damage":9,"enemies":"Donu and Deca","floor":50,"turns":5},{"damage":21,"enemies":"Shield and Spear","floor":54,"turns":6},{"damage":59,"enemies":"The Heart","floor":55,"turns":8}],"seed_played":"-5039440068042247913","potions_obtained":[{"floor":3,"key":"SpeedPotion"},{"floor":6,"key":"Fire Potion"},{"floor":10,"key":"Energy Potion"},{"floor":12,"key":"Dexterity Potion"},{"floor":33,"key":"Fire Potion"}],"is_trial":false,"path_per_floor":["M","M","M","M","M","E","$","$","T","M","R","E","?","$","R","B",null,"M","M","?","?","M","E","R","M","T","$","R","?","M","T","R","B",null,"M","?","M","M","M","E","R","M","T","M","$","R","?","M","R","B",null,"R","$","E","B",null],"character_chosen":"DEFECT","items_purchased":["Loop","Heatsinks","Flash of Steel","Energy Potion","Bottled Lightning","Capacitor","Apotheosis","Storm","Bronze Scales"],"campfire_rested":2,"item_purchase_floors":[7,14,27,27,45,45,53,53,53],"current_hp_per_floor":[54,52,50,50,49,40,40,40,40,40,62,62,50,50,50,44,75,75,63,63,47,49,23,23,29,29,29,51,51,60,60,60,19,75,75,75,73,75,74,75,75,75,82,82,82,82,82,82,82,82,82,82,82,82,69],"gold":57,"neow_bonus":"TRANSFORM_TWO_CARDS","is_prod":false,"is_daily":false,"chose_seed":false,"campfire_upgraded":0,"win_rate":0,"timestamp":1568350771,"path_taken":["M","M","M","M","M","E","?","$","T","M","R","E","?","$","R","BOSS","M","M","?","?","M","E","R","M","T","$","R","?","M","?","R","BOSS","M","?","?","M","M","E","R","M","T","?","$","R","?","M","R","BOSS","R","$","E","BOSS"],"build_version":"2019-07-17","purchased_purges":1,"victory":true,"max_hp_per_floor":[75,75,75,75,75,75,75,75,75,75,75,75,75,75,75,75,75,75,75,75,75,75,75,75,75,75,75,75,75,75,75,75,75,75,75,75,75,75,75,75,75,75,82,82,82,82,82,82,82,82,82,82,82,82,82],"card_choices":[{"not_picked":["Scrape","Coolheaded"],"picked":"Go for the Eyes","floor":1},{"not_picked":["Heatsinks","Leap"],"picked":"Static Discharge","floor":2},{"not_picked":["Rebound","Go for the Eyes"],"picked":"Glacier","floor":3},{"not_picked":["Turbo","Multi-Cast"],"picked":"Barrage","floor":4},{"not_picked":["Rebound","Barrage"],"picked":"Go for the Eyes","floor":5},{"not_picked":["Reinforced Body","Rebound"],"picked":"Cold Snap","floor":6},{"not_picked":["Leap","Sweeping Beam"],"picked":"FTL","floor":10},{"not_picked":["Loop","Double Energy"],"picked":"Defragment","floor":12},{"not_picked":["Machine Learning","Meteor Strike"],"picked":"Echo Form","floor":16},{"not_picked":["Gash+1","Conserve Battery"],"picked":"Self Repair","floor":18},{"not_picked":["Leap+1","Turbo"],"picked":"Hologram+1","floor":19},{"not_picked":["Cold Snap","Compile Driver"],"picked":"Hologram","floor":21},{"not_picked":["Steam","Sweeping Beam+1"],"picked":"Genetic Algorithm","floor":22},{"not_picked":["Barrage","Fusion"],"picked":"Seek","floor":23},{"not_picked":["Blizzard+1","Coolheaded"],"picked":"Storm","floor":25},{"not_picked":["Go for the Eyes","Hologram"],"picked":"Leap+1","floor":30},{"not_picked":["Reboot","Hyperbeam"],"picked":"Electrodynamics","floor":33},{"not_picked":["Fusion+1","Melter+1"],"picked":"Stack+1","floor":35},{"not_picked":["Turbo","Barrage"],"picked":"Sweeping Beam","floor":37},{"not_picked":["Leap","Turbo+1"],"picked":"BootSequence","floor":38},{"not_picked":["Stack","Compile Driver+1"],"picked":"Storm+1","floor":39},{"not_picked":["Sweeping Beam+1","Coolheaded"],"picked":"Rainbow","floor":40},{"not_picked":["Consume","Leap+1"],"picked":"Ball Lightning+1","floor":42},{"not_picked":["Compile Driver+1","Cold Snap+1"],"picked":"Conserve Battery+1","floor":44},{"not_picked":["Steam+1","Sunder+1"],"picked":"Self Repair+1","floor":47},{"not_picked":["Hologram+1","Gash"],"picked":"Conserve Battery","floor":48},{"not_picked":["BootSequence","Compile Driver+1"],"picked":"FTL","floor":54}],"player_experience":158468,"relics_obtained":[{"floor":6,"key":"Thread and Needle"},{"floor":9,"key":"Mercury Hourglass"},{"floor":12,"key":"Ancient Tea Set"},{"floor":15,"key":"War Paint"},{"floor":21,"key":"Red Mask"},{"floor":23,"key":"Bag of Marbles"},{"floor":24,"key":"Blue Candle"},{"floor":31,"key":"Smiling Mask"},{"floor":40,"key":"Bird Faced Urn"},{"floor":41,"key":"Happy Flower"},{"floor":43,"key":"Strawberry"},{"floor":46,"key":"Dream Catcher"},{"floor":47,"key":"Old Coin"},{"floor":49,"key":"Dead Branch"},{"floor":52,"key":"Kunai"},{"floor":54,"key":"Bottled Flame"}],"event_choices":[{"damage_healed":0,"gold_gain":0,"player_choice":"Success","damage_taken":12,"relics_obtained":["Shovel"],"max_hp_gain":0,"max_hp_loss":0,"event_name":"Scrap Ooze","floor":13,"gold_loss":0},{"cards_removed":["Strike_B"],"damage_healed":0,"gold_gain":0,"player_choice":"Gave Gold","damage_taken":0,"max_hp_gain":0,"max_hp_loss":0,"event_name":"Beggar","floor":20,"gold_loss":75},{"damage_healed":0,"gold_gain":0,"player_choice":"Fought Bandits","damage_taken":0,"max_hp_gain":0,"max_hp_loss":0,"event_name":"Masked Bandits","floor":21,"gold_loss":0},{"damage_healed":0,"gold_gain":0,"player_choice":"Simplicity","damage_taken":0,"max_hp_gain":0,"max_hp_loss":0,"event_name":"Back to Basics","floor":29,"gold_loss":0,"cards_upgraded":["Defend_B","Defend_B","Defend_B","Defend_B"]},{"damage_healed":0,"gold_gain":0,"player_choice":"Bought 0 Potions","damage_taken":0,"max_hp_gain":0,"max_hp_loss":0,"event_name":"The Woman in Blue","floor":36,"gold_loss":0},{"damage_healed":0,"gold_gain":0,"player_choice":"Fight","damage_taken":0,"max_hp_gain":0,"max_hp_loss":0,"event_name":"Mysterious Sphere","floor":47,"gold_loss":0}],"is_beta":false,"boss_relics":[{"not_picked":["Lizard Tail","Empty Cage"],"picked":"Fusion Hammer"},{"not_picked":["Coffee Dripper","Pandora\u0027s Box"],"picked":"Sozu"}],"items_purged_floors":[7],"is_endless":false,"potions_floor_spawned":[3,6,10,12,18,19,33,37,38,40,44],"ascension_level":2}