{"gold_per_floor":[118,130,130,205,224,249,262,95,174,174,191,191,191,208,208,304,304,314,325,325,325,335,350,350,364,410,430,520,547,245,193,193,294,294,310,323,333,333,18,18,0,0,0,11,26,26,36,53,53,53],"floor_reached":50,"playtime":1016,"items_purged":[],"score":618,"play_id":"7fe566ea-c641-409c-b52c-f1c64e6a1409","local_time":"20190907234015","is_ascension_mode":false,"campfire_choices":[{"data":"1","floor":10,"key":"LIFT"},{"data":"2","floor":13,"key":"LIFT"},{"floor":15,"key":"REST"},{"data":"3","floor":24,"key":"LIFT"},{"floor":32,"key":"REST"},{"data":"Whirlwind","floor":40,"key":"SMITH"},{"floor":42,"key":"REST"},{"data":"Perfected Strike","floor":46,"key":"SMITH"},{"data":"Perfected Strike","floor":49,"key":"SMITH"}],"neow_cost":"NONE","seed_source_timestamp":698330131020700,"circlet_count":0,"master_deck":["Bash","Spot Weakness","Flex+1","Perfected Strike+1","Double Tap+1","Flex","Dramatic Entrance","Perfected Strike+1","Pommel Strike","Wild Strike","Regret","Perfected Strike","Offering","Searing Blow","Pommel Strike+1","J.A.X.","Twin Strike+1","Inflame","Flex","Flex+1","Whirlwind+1","Perfected Strike","Blood for Blood","Exhume","Pommel Strike","Limit Break","Pommel Strike","Flex","Entrench","Fire Breathing","Heavy Blade+1","Twin Strike","Thunderclap+1","Corruption","Bandage Up","Perfected Strike+1","Seeing Red+1","Perfected Strike","Bloodletting+1"],"relics":["Burning Blood","NeowsBlessing","Girya","Paper Frog","Happy Flower","Mark of Pain","Red Skull","Sundial","Bag of Marbles","Pandora\u0027s Box","Ancient Tea Set","Red Mask","Bottled Lightning"],"potions_floor_usage":[11,14,16,27,29,29,33,33,50,50,50],"damage_taken":[{"damage":0,"enemies":"Small Slimes","floor":1,"turns":1},{"damage":0,"enemies":"2 Louse","floor":2,"turns":1},{"damage":0,"enemies":"Jaw Worm","floor":5,"turns":1},{"damage":43,"enemies":"3 Sentries","floor":6,"turns":7},{"damage":13,"enemies":"2 Fungi Beasts","floor":7,"turns":3},{"damage":4,"enemies":"Blue Slaver","floor":11,"turns":3},{"damage":10,"enemies":"Gremlin Gang","floor":14,"turns":2},{"damage":0,"enemies":"Slime Boss","floor":16,"turns":4},{"damage":11,"enemies":"2 Thieves","floor":18,"turns":2},{"damage":16,"enemies":"3 Byrds","floor":19,"turns":4},{"damage":17,"enemies":"Snake Plant","floor":22,"turns":2},{"damage":15,"enemies":"Centurion and Healer","floor":23,"turns":3},{"damage":9,"enemies":"Shelled Parasite and Fungi","floor":25,"turns":2},{"damage":6,"enemies":"Snake Plant","floor":27,"turns":1},{"damage":12,"enemies":"Book of Stabbing","floor":29,"turns":2},{"damage":11,"enemies":"Champ","floor":33,"turns":4},{"damage":6,"enemies":"Orb Walker","floor":35,"turns":1},{"damage":14,"enemies":"3 Darklings","floor":36,"turns":2},{"damage":29,"enemies":"Sphere and 2 Shapes","floor":37,"turns":3},{"damage":12,"enemies":"4 Shapes","floor":44,"turns":1},{"damage":7,"enemies":"3 Darklings","floor":45,"turns":2},{"damage":0,"enemies":"Spire Growth","floor":47,"turns":1},{"damage":9,"enemies":"Maw","floor":48,"turns":3},{"damage":100,"enemies":"Awakened One","floor":50,"turns":5}],"seed_played":"-7059544669448797917","potions_obtained":[{"floor":5,"key":"SpeedPotion"},{"floor":6,"key":"SpeedPotion"},{"floor":7,"key":"LiquidBronze"},{"floor":14,"key":"FearPotion"},{"floor":19,"key":"FearPotion"},{"floor":25,"key":"PowerPotion"},{"floor":29,"key":"Regen Potion"},{"floor":33,"key":"Regen Potion"},{"floor":35,"key":"SpeedPotion"},{"floor":37,"key":"Fire Potion"},{"floor":47,"key":"Strength Potion"}],"is_trial":false,"path_per_floor":["M","M","?","?","M","E","M","$","T","R","M","?","R","M","R","B",null,"M","M","?","?","M","M","R","M","T","M","?","E","$","$","R","B",null,"M","M","M","?","$","R","?","R","T","M","M","R","M","M","R","B"],"character_chosen":"IRONCLAD","items_purchased":["Dramatic Entrance","Perfected Strike","Pommel Strike","Whirlwind","Bag of Marbles","Regen Potion","Perfected Strike","Ancient Tea Set","Corruption","Bandage Up"],"campfire_rested":3,"item_purchase_floors":[8,8,8,30,30,30,31,39,39,39],"current_hp_per_floor":[80,80,80,69,75,38,31,31,31,31,33,33,33,29,53,59,80,75,65,65,65,54,45,45,42,42,42,18,12,12,12,36,58,80,80,72,49,49,49,49,49,73,73,67,66,66,72,69,69,0],"gold":53,"neow_bonus":"THREE_ENEMY_KILL","is_prod":false,"is_daily":false,"chose_seed":false,"campfire_upgraded":3,"win_rate":0,"timestamp":1567892415,"path_taken":["M","M","?","?","?","E","M","$","T","R","M","?","R","M","R","BOSS","M","M","?","?","M","M","R","M","T","?","?","E","?","$","R","BOSS","M","M","?","?","$","R","?","R","T","?","?","R","M","M","R","BOSS"],"build_version":"2019-07-17","purchased_purges":0,"victory":false,"max_hp_per_floor":[80,80,80,80,80,80,80,80,80,80,80,80,80,80,80,80,80,80,80,80,80,80,80,80,80,80,80,80,80,80,80,80,80,80,80,80,80,80,80,80,80,80,80,80,80,80,80,80,80,80],"card_choices":[{"not_picked":["Flex","Second Wind"],"picked":"Spot Weakness","floor":1},{"not_picked":["True Grit","Hemokinesis"],"picked":"Flex","floor":2},{"not_picked":["Iron Wave","Combust"],"picked":"Perfected Strike","floor":5},{"not_picked":["Feel No Pain","Disarm"],"picked":"Double Tap","floor":6},{"not_picked":["Power Through","Rampage"],"picked":"Flex","floor":7},{"not_picked":["Havoc","True Grit"],"picked":"Wild Strike","floor":11},{"not_picked":["Bloodletting","Twin Strike"],"picked":"Perfected Strike","floor":14},{"not_picked":["Bludgeon","Impervious"],"picked":"Offering","floor":16},{"not_picked":["Seeing Red","Iron Wave+1"],"picked":"Searing Blow","floor":18},{"not_picked":["Headbutt+1","Blood for Blood"],"picked":"Pommel Strike+1","floor":19},{"not_picked":["Anger+1","Havoc+1"],"picked":"Twin Strike+1","floor":22},{"not_picked":["Shockwave","Clothesline","Clash"],"picked":"SKIP","floor":23},{"not_picked":["Clash","Body Slam"],"picked":"Inflame","floor":25},{"not_picked":["Iron Wave","Wild Strike+1"],"picked":"Flex","floor":27},{"not_picked":["True Grit","Sword Boomerang"],"picked":"Flex+1","floor":29},{"not_picked":["Shrug It Off","Flex+1"],"picked":"Heavy Blade+1","floor":35},{"not_picked":["Rage+1","Infernal Blade"],"picked":"Twin Strike","floor":36},{"not_picked":["Cleave","Blood for Blood"],"picked":"Thunderclap+1","floor":37},{"not_picked":["Warcry+1","Brutality"],"picked":"Perfected Strike+1","floor":44},{"not_picked":["Sword Boomerang","Uppercut+1"],"picked":"Seeing Red+1","floor":45},{"not_picked":["Iron Wave+1","True Grit+1"],"picked":"Perfected Strike","floor":47},{"not_picked":["Thunderclap+1","Clothesline"],"picked":"Bloodletting+1","floor":48}],"player_experience":221943,"relics_obtained":[{"floor":6,"key":"Girya"},{"floor":9,"key":"Paper Frog"},{"floor":26,"key":"Red Skull"},{"floor":29,"key":"Sundial"},{"floor":43,"key":"Bottled Lightning"}],"event_choices":[{"damage_healed":0,"gold_gain":0,"player_choice":"Grow","damage_taken":0,"max_hp_gain":0,"max_hp_loss":0,"event_name":"Living Wall","floor":3,"gold_loss":0,"cards_upgraded":["Flex"]},{"damage_healed":0,"gold_gain":75,"player_choice":"Gather Gold","damage_taken":11,"max_hp_gain":0,"max_hp_loss":0,"event_name":"World of Goop","floor":4,"gold_loss":0},{"damage_healed":0,"gold_gain":0,"player_choice":"Box","damage_taken":0,"relics_obtained":["Happy Flower"],"max_hp_gain":0,"max_hp_loss":0,"event_name":"Big Fish","floor":12,"gold_loss":0,"cards_obtained":["Regret"]},{"damage_healed":0,"gold_gain":0,"player_choice":"Obtain J.A.X.","damage_taken":0,"max_hp_gain":0,"max_hp_loss":0,"event_name":"Drug Dealer","floor":20,"gold_loss":0,"cards_obtained":["J.A.X."]},{"damage_healed":0,"gold_gain":0,"player_choice":"Upgraded","damage_taken":0,"max_hp_gain":0,"max_hp_loss":0,"event_name":"Upgrade Shrine","floor":21,"gold_loss":0,"cards_upgraded":["Double Tap"]},{"damage_healed":0,"gold_gain":90,"player_choice":"GOLD POTION ","damage_taken":24,"max_hp_gain":0,"max_hp_loss":0,"event_name":"Knowing Skull","floor":28,"potions_obtained":["EssenceOfSteel"],"gold_loss":0,"cards_obtained":[]},{"cards_removed":["Juggernaut"],"damage_healed":0,"gold_gain":0,"player_choice":"Removed Power","damage_taken":0,"max_hp_gain":0,"max_hp_loss":0,"event_name":"Falling","floor":38,"gold_loss":0},{"damage_healed":0,"gold_gain":0,"player_choice":"Paid","damage_taken":0,"relics_obtained":["Red Mask"],"max_hp_gain":0,"max_hp_loss":0,"event_name":"Tomb of Lord Red Mask","floor":41,"gold_loss":18}],"is_beta":false,"boss_relics":[{"not_picked":["Busted Crown","Orrery"],"picked":"Mark of Pain"},{"not_picked":["Tiny House","Lizard Tail"],"picked":"Pandora\u0027s Box"}],"items_purged_floors":[],"is_endless":false,"potions_floor_spawned":[5,6,7,14,19,25,29,33,35,37,47],"killed_by":"Awakened One","ascension_level":0}