{"gold_per_floor":[110,285,285,302,150,150,179,198,223,223,33,33,61,73,73,73],"floor_reached":16,"playtime":286,"items_purged":[],"score":108,"play_id":"b5517100-d4c7-4e23-b97b-9d579719ed93","local_time":"20190907202151","is_ascension_mode":false,"campfire_choices":[{"data":"Searing Blow","floor":6,"key":"SMITH"},{"data":"Searing Blow+1","floor":10,"key":"SMITH"},{"data":"Searing Blow+2","floor":12,"key":"SMITH"},{"data":"Searing Blow+3","floor":15,"key":"SMITH"}],"neow_cost":"NONE","seed_source_timestamp":687157932501700,"circlet_count":0,"master_deck":["Strike_R","Strike_R","Strike_R","Strike_R","Strike_R","Defend_R","Defend_R","Defend_R","Defend_R","Bash","Thunderclap","Inflame","Searing Blow+4","Spot Weakness","Anger","Armaments","Cleave"],"relics":["Burning Blood","Omamori","Pen Nib","Lantern","Vajra"],"potions_floor_usage":[7,7,13],"damage_taken":[{"damage":13,"enemies":"Jaw Worm","floor":1,"turns":3},{"damage":7,"enemies":"2 Louse","floor":4,"turns":3},{"damage":36,"enemies":"Lagavulin","floor":7,"turns":5},{"damage":17,"enemies":"Small Slimes","floor":8,"turns":3},{"damage":16,"enemies":"Gremlin Nob","floor":13,"turns":3},{"damage":5,"enemies":"Looter","floor":14,"turns":2},{"damage":42,"enemies":"The Guardian","floor":16,"turns":5}],"seed_played":"4081265990361592057","potions_obtained":[{"floor":1,"key":"PowerPotion"},{"floor":4,"key":"Energy Potion"},{"floor":7,"key":"Regen Potion"},{"floor":14,"key":"Dexterity Potion"}],"is_trial":false,"path_per_floor":["M","?","?","M","$","R","E","M","T","R","$","R","E","M","R","B"],"character_chosen":"IRONCLAD","items_purchased":["Inflame","Searing Blow","Lantern","Armaments"],"campfire_rested":0,"item_purchase_floors":[5,5,11,11],"current_hp_per_floor":[81,81,81,80,80,80,50,39,39,39,39,39,38,39,39,0],"gold":73,"neow_bonus":"TEN_PERCENT_HP_BONUS","is_prod":false,"is_daily":false,"chose_seed":false,"campfire_upgraded":4,"win_rate":0,"timestamp":1567880511,"path_taken":["M","?","?","M","?","R","E","M","T","R","$","R","E","?","R","BOSS"],"build_version":"2019-07-17","purchased_purges":0,"victory":false,"max_hp_per_floor":[88,88,88,88,88,88,88,88,88,88,88,88,88,88,88,88],"card_choices":[{"not_picked":["Metallicize","Body Slam","Dual Wield"],"picked":"SKIP","floor":1},{"not_picked":["Sever Soul","Wild Strike"],"picked":"Thunderclap","floor":4},{"not_picked":["Evolve","Rupture"],"picked":"Spot Weakness","floor":7},{"not_picked":["Second Wind","Twin Strike"],"picked":"Anger","floor":8},{"not_picked":["Sentinel","Warcry","Body Slam"],"picked":"SKIP","floor":13},{"not_picked":["Anger","Searing Blow"],"picked":"Cleave","floor":14}],"player_experience":211670,"relics_obtained":[{"floor":7,"key":"Omamori"},{"floor":9,"key":"Pen Nib"},{"floor":13,"key":"Vajra"}],"event_choices":[{"damage_healed":0,"gold_gain":175,"player_choice":"AGREE","damage_taken":0,"max_hp_gain":0,"max_hp_loss":0,"event_name":"Liars Game","floor":2,"gold_loss":0,"cards_obtained":["Doubt"]},{"cards_removed":["Doubt"],"damage_healed":0,"gold_gain":0,"player_choice":"Forget","damage_taken":0,"max_hp_gain":0,"max_hp_loss":0,"event_name":"Living Wall","floor":3,"gold_loss":0}],"is_beta":false,"boss_relics":[],"items_purged_floors":[],"is_endless":false,"potions_floor_spawned":[1,4,7,14],"killed_by":"The Guardian","ascension_level":0}