{"gold_per_floor":[128,140,167,179,191,244,331,343],"floor_reached":8,"playtime":249,"items_purged":[],"score":81,"play_id":"31d14ff9-aed5-4c7b-82ce-110691616bcc","local_time":"20190922102920","is_ascension_mode":true,"campfire_choices":[],"neow_cost":"NONE","seed_source_timestamp":3512693765900500,"circlet_count":0,"master_deck":["AscendersBane","Strike_B","Strike_B","Defend_B","Defend_B","Defend_B","Defend_B","Zap","Dualcast","Ball Lightning","Aggregate","Hologram","Injury","Consume"],"relics":["Cracked Core","MawBank","Golden Idol","Darkstone Periapt"],"potions_floor_usage":[6],"damage_taken":[{"damage":1,"enemies":"Cultist","floor":1,"turns":3},{"damage":5,"enemies":"2 Louse","floor":3,"turns":2},{"damage":32,"enemies":"3 Sentries","floor":6,"turns":7},{"damage":0,"enemies":"Gremlin Nob","floor":8,"turns":1}],"seed_played":"-4653436981280721470","potions_obtained":[{"floor":1,"key":"LiquidBronze"},{"floor":6,"key":"Block Potion"}],"is_trial":false,"path_per_floor":["M","?","M","?","?","E","?","E"],"character_chosen":"DEFECT","items_purchased":[],"campfire_rested":0,"item_purchase_floors":[],"current_hp_per_floor":[67,67,62,55,55,23,12,12],"gold":343,"neow_bonus":"RANDOM_COMMON_RELIC","is_prod":false,"is_daily":false,"chose_seed":false,"campfire_upgraded":0,"win_rate":0,"timestamp":1569140960,"path_taken":["M","?","M","?","?","E","?","E"],"build_version":"2019-07-17","purchased_purges":0,"victory":false,"max_hp_per_floor":[75,75,75,75,75,75,75,75],"card_choices":[{"not_picked":["Reprogram","Rebound"],"picked":"Ball Lightning","floor":1},{"not_picked":["Lockon","Barrage"],"picked":"Hologram","floor":3},{"not_picked":["Darkness","Fission"],"picked":"Consume","floor":6}],"player_experience":294345,"relics_obtained":[{"floor":6,"key":"Darkstone Periapt"}],"event_choices":[{"damage_healed":0,"gold_gain":0,"cards_transformed":["Strike_B"],"player_choice":"Change","damage_taken":0,"max_hp_gain":0,"max_hp_loss":0,"event_name":"Living Wall","floor":2,"gold_loss":0,"cards_obtained":["Aggregate"]},{"cards_removed":["Strike_B"],"damage_healed":0,"gold_gain":0,"player_choice":"Card Removal","damage_taken":7,"max_hp_gain":0,"max_hp_loss":0,"event_name":"Golden Wing","floor":4,"gold_loss":0},{"damage_healed":0,"gold_gain":0,"player_choice":"Take Wound","damage_taken":0,"relics_obtained":["Golden Idol"],"max_hp_gain":0,"max_hp_loss":0,"event_name":"Golden Idol","floor":5,"gold_loss":0,"cards_obtained":["Injury"]},{"damage_healed":0,"gold_gain":75,"player_choice":"Gather Gold","damage_taken":11,"max_hp_gain":0,"max_hp_loss":0,"event_name":"World of Goop","floor":7,"gold_loss":0}],"is_beta":false,"boss_relics":[],"items_purged_floors":[],"is_endless":false,"potions_floor_spawned":[1,6],"killed_by":"Gremlin Nob","ascension_level":10}