{"gold_per_floor":[109,128,128,138,138,164,164,164,164,195,214,214,242,260,260,363,363,303,317,335,335,335,335],"floor_reached":23,"playtime":1689,"items_purged":[],"score":240,"play_id":"c4b9b8e0-b88f-456f-891c-e53cd7144959","local_time":"20190912211016","is_ascension_mode":true,"campfire_choices":[{"floor":8,"key":"RECALL"},{"floor":12,"key":"REST"},{"floor":15,"key":"REST"}],"neow_cost":"NONE","seed_source_timestamp":2685770086850400,"circlet_count":0,"master_deck":["Strike_G","Strike_G","Strike_G","Strike_G","Defend_G","Defend_G","Defend_G","Defend_G","Defend_G","Survivor","Neutralize","Leg Sweep+1","Well Laid Plans","Sucker Punch","Dodge and Roll","Escape Plan","Doppelganger","Heel Hook","Bullet Time","Well Laid Plans+1","Noxious Fumes","Writhe"],"relics":["Fusion Hammer","Bottled Tornado","Ginger","Singing Bowl","Cursed Key","Dead Branch"],"potions_floor_usage":[10,16,23],"damage_taken":[{"damage":5,"enemies":"Jaw Worm","floor":1,"turns":4},{"damage":0,"enemies":"2 Louse","floor":2,"turns":3},{"damage":0,"enemies":"Small Slimes","floor":4,"turns":5},{"damage":19,"enemies":"Gremlin Nob","floor":6,"turns":6},{"damage":8,"enemies":"Lagavulin","floor":10,"turns":11},{"damage":0,"enemies":"Exordium Wildlife","floor":11,"turns":4},{"damage":51,"enemies":"Gremlin Nob","floor":13,"turns":8},{"damage":9,"enemies":"3 Louse","floor":14,"turns":4},{"damage":32,"enemies":"Slime Boss","floor":16,"turns":24},{"damage":14,"enemies":"2 Thieves","floor":18,"turns":4},{"damage":2,"enemies":"Shell Parasite","floor":19,"turns":15},{"damage":31,"enemies":"Snake Plant","floor":20,"turns":10},{"damage":62,"enemies":"Gremlin Leader","floor":23,"turns":2}],"seed_played":"-1312967318473955045","potions_obtained":[{"floor":4,"key":"Fire Potion"},{"floor":14,"key":"Regen Potion"},{"floor":16,"key":"Energy Potion"},{"floor":19,"key":"SneckoOil"},{"floor":20,"key":"Ancient Potion"}],"is_trial":false,"path_per_floor":["M","M","?","M","?","E","?","R","T","E","M","R","E","M","R","B",null,"M","M","M","?","?","E"],"character_chosen":"THE_SILENT","items_purchased":[],"campfire_rested":2,"item_purchase_floors":[],"current_hp_per_floor":[65,65,70,70,70,51,51,51,51,43,43,65,14,7,30,13,77,65,63,32,58,58,0],"gold":335,"neow_bonus":"BOSS_RELIC","is_prod":false,"is_daily":false,"chose_seed":false,"campfire_upgraded":0,"win_rate":0,"timestamp":1568315416,"path_taken":["M","M","?","M","?","E","?","R","T","E","M","R","E","M","R","BOSS","M","M","?","?","?","E"],"build_version":"2019-07-17","purchased_purges":0,"victory":false,"max_hp_per_floor":[70,70,75,75,75,75,75,75,75,75,75,75,75,77,77,77,77,79,79,79,79,79,79],"card_choices":[{"not_picked":["Deflect","Setup"],"picked":"Leg Sweep","floor":1},{"not_picked":["Expertise","PiercingWail"],"picked":"Well Laid Plans","floor":2},{"not_picked":["Calculated Gamble","Concentrate"],"picked":"Sucker Punch","floor":4},{"not_picked":["Cloak And Dagger","Prepared"],"picked":"Dodge and Roll","floor":6},{"not_picked":["Backstab","Dagger Throw"],"picked":"Escape Plan","floor":10},{"not_picked":["Eviscerate","Reflex"],"picked":"Doppelganger","floor":11},{"not_picked":["Tactician","Acrobatics"],"picked":"Heel Hook","floor":13},{"not_picked":["Blade Dance","Underhanded Strike","Endless Agony"],"picked":"Singing Bowl","floor":14},{"not_picked":["Storm of Steel","Venomology"],"picked":"Bullet Time","floor":16},{"not_picked":["Acrobatics","Blade Dance","Accuracy"],"picked":"Singing Bowl","floor":18},{"not_picked":["Predator","Flying Knee+1"],"picked":"Well Laid Plans+1","floor":19},{"not_picked":["Distraction","Blade Dance"],"picked":"Noxious Fumes","floor":20}],"player_experience":154944,"relics_obtained":[{"floor":6,"key":"Bottled Tornado"},{"floor":10,"key":"Ginger"},{"floor":13,"key":"Singing Bowl"}],"event_choices":[{"damage_healed":0,"gold_gain":0,"player_choice":"Donut","damage_taken":0,"max_hp_gain":5,"max_hp_loss":0,"event_name":"Big Fish","floor":3,"gold_loss":0},{"damage_healed":0,"gold_gain":0,"player_choice":"Grow","damage_taken":0,"max_hp_gain":0,"max_hp_loss":0,"event_name":"Living Wall","floor":5,"gold_loss":0,"cards_upgraded":["Leg Sweep"]},{"cards_removed":["Strike_G"],"damage_healed":0,"gold_gain":0,"player_choice":"Purged","damage_taken":0,"max_hp_gain":0,"max_hp_loss":0,"event_name":"Purifier","floor":7,"gold_loss":0},{"damage_healed":26,"gold_gain":0,"player_choice":"Heal","damage_taken":0,"max_hp_gain":0,"max_hp_loss":0,"event_name":"The Library","floor":21,"gold_loss":0},{"damage_healed":0,"gold_gain":0,"player_choice":"Opened","damage_taken":0,"relics_obtained":["Dead Branch"],"max_hp_gain":0,"max_hp_loss":0,"event_name":"The Mausoleum","floor":22,"gold_loss":0,"cards_obtained":["Writhe"]}],"is_beta":false,"boss_relics":[{"not_picked":["Philosopher\u0027s Stone","Eternal Feather"],"picked":"Cursed Key"}],"items_purged_floors":[],"is_endless":false,"potions_floor_spawned":[4,14,16,19,20],"killed_by":"Gremlin Leader","ascension_level":3}