{"gold_per_floor":[115,290,290,303,317,344,358,358,358,373,373,388,420,93,93,191,191,203,203,223,203,222,222],"floor_reached":23,"playtime":880,"items_purged":["Pain"],"score":254,"play_id":"a336ddaa-7c63-4e2e-bde8-f0c878ba5121","local_time":"20190910183833","is_ascension_mode":true,"campfire_choices":[{"data":"Infernal Blade","floor":8,"key":"SMITH"},{"data":"Armaments","floor":11,"key":"SMITH"},{"floor":15,"key":"DIG"}],"neow_cost":"NONE","seed_source_timestamp":2504676342017400,"circlet_count":0,"master_deck":["Strike_R","Strike_R","Strike_R","Strike_R","Strike_R","Defend_R","Defend_R","Defend_R","Defend_R","Bash","Dramatic Entrance","Reckless Charge","Doubt","Infernal Blade+1","Headbutt","Inflame","Clash","Armaments+1","Cleave","Juggernaut","HandOfGreed","Jack Of All Trades","Berserk","Inflame","Anger+1"],"relics":["Burning Blood","WarpedTongs","Mango","Du-Vu Doll","Shovel","Omamori","Sozu","Enchiridion"],"potions_floor_usage":[20,22],"damage_taken":[{"damage":2,"enemies":"Jaw Worm","floor":1,"turns":3},{"damage":9,"enemies":"Cultist","floor":4,"turns":3},{"damage":0,"enemies":"2 Louse","floor":5,"turns":2},{"damage":29,"enemies":"Gremlin Nob","floor":6,"turns":4},{"damage":11,"enemies":"Looter","floor":7,"turns":2},{"damage":4,"enemies":"Gremlin Gang","floor":10,"turns":3},{"damage":0,"enemies":"Lots of Slimes","floor":12,"turns":1},{"damage":10,"enemies":"3 Sentries","floor":13,"turns":5},{"damage":63,"enemies":"Slime Boss","floor":16,"turns":7},{"damage":19,"enemies":"Spheric Guardian","floor":18,"turns":4},{"damage":33,"enemies":"2 Thieves","floor":20,"turns":3},{"damage":19,"enemies":"Snake Plant","floor":22,"turns":2},{"damage":15,"enemies":"Book of Stabbing","floor":23,"turns":1}],"seed_played":"980156774391279806","potions_obtained":[{"floor":4,"key":"Strength Potion"},{"floor":5,"key":"Regen Potion"},{"floor":10,"key":"SpeedPotion"},{"floor":16,"key":"Poison Potion"}],"is_trial":false,"path_per_floor":["M","?","?","M","M","E","M","R","T","M","R","M","E","$","R","B",null,"M","?","M","?","M","E"],"character_chosen":"IRONCLAD","items_purchased":["HandOfGreed","Jack Of All Trades"],"campfire_rested":0,"item_purchase_floors":[14,14],"current_hp_per_floor":[80,80,80,77,80,71,66,66,66,68,68,74,70,70,70,13,74,61,45,27,27,14,0],"gold":222,"neow_bonus":"RANDOM_COLORLESS","is_prod":false,"is_daily":false,"chose_seed":false,"campfire_upgraded":2,"win_rate":0,"timestamp":1568133513,"path_taken":["M","?","?","M","M","E","?","R","T","?","R","M","E","$","R","BOSS","M","?","M","?","M","E"],"build_version":"2019-07-17","purchased_purges":1,"victory":false,"max_hp_per_floor":[80,80,80,80,80,94,94,94,94,94,94,94,94,94,94,94,94,94,94,94,94,94,94],"card_choices":[{"not_picked":["Disarm","Sword Boomerang"],"picked":"Reckless Charge","floor":1},{"not_picked":["Thunderclap","Disarm"],"picked":"Infernal Blade","floor":4},{"not_picked":["Sword Boomerang","Disarm"],"picked":"Headbutt","floor":5},{"not_picked":["Bludgeon","Warcry"],"picked":"Inflame","floor":6},{"not_picked":["Havoc","Perfected Strike"],"picked":"Clash","floor":7},{"not_picked":["Intimidate","Sentinel"],"picked":"Armaments","floor":10},{"not_picked":["Heavy Blade","Reckless Charge"],"picked":"Cleave","floor":12},{"not_picked":["Disarm","Wild Strike"],"picked":"Juggernaut","floor":13},{"not_picked":["Barricade","Fiend Fire"],"picked":"Berserk","floor":16},{"not_picked":["Armaments","Second Wind+1"],"picked":"Inflame","floor":18},{"not_picked":["Corruption","Havoc","Sword Boomerang"],"picked":"SKIP","floor":20},{"not_picked":["Clothesline","Twin Strike"],"picked":"Anger+1","floor":22}],"player_experience":121641,"relics_obtained":[{"floor":6,"key":"Mango"},{"floor":9,"key":"Du-Vu Doll"},{"floor":13,"key":"Shovel"},{"floor":15,"key":"Omamori"},{"floor":19,"key":"Enchiridion"}],"event_choices":[{"damage_healed":0,"gold_gain":175,"player_choice":"AGREE","damage_taken":0,"max_hp_gain":0,"max_hp_loss":0,"event_name":"Liars Game","floor":2,"gold_loss":0,"cards_obtained":["Doubt"]},{"damage_healed":0,"gold_gain":0,"player_choice":"Rummage","damage_taken":0,"relics_obtained":["WarpedTongs"],"max_hp_gain":0,"max_hp_loss":0,"event_name":"Accursed Blacksmith","floor":3,"gold_loss":0,"cards_obtained":["Pain"]},{"damage_healed":0,"gold_gain":0,"player_choice":"Obtained Book","damage_taken":16,"max_hp_gain":0,"max_hp_loss":0,"event_name":"Cursed Tome","floor":19,"gold_loss":0},{"damage_healed":0,"gold_gain":0,"player_choice":"Bought 1 Potion","damage_taken":0,"max_hp_gain":0,"max_hp_loss":0,"event_name":"The Woman in Blue","floor":21,"gold_loss":0}],"is_beta":false,"boss_relics":[{"not_picked":["Mark of Pain","Eternal Feather"],"picked":"Sozu"}],"items_purged_floors":[14],"is_endless":false,"potions_floor_spawned":[4,5,10,13,16],"killed_by":"Book of Stabbing","ascension_level":5}