{"gold_per_floor":[115,115,130,55,55,55,82,5,28,40,40],"floor_reached":11,"playtime":248,"items_purged":["Pain"],"score":78,"play_id":"926beebe-ecdd-46a0-b0b2-26b9a044dce1","local_time":"20180710034656","is_ascension_mode":true,"campfire_choices":[{"data":"Go for the Eyes","floor":6,"key":"SMITH"}],"neow_cost":"NONE","seed_source_timestamp":2036809845068168,"circlet_count":0,"master_deck":["Strike_B","Strike_B","Strike_B","Strike_B","Defend_B","Defend_B","Defend_B","Defend_B","Zap","Dualcast","Injury","Doubt","Rip and Tear+1","Go for the Eyes+1","Beam Cell","Scrape","Storm"],"relics":["Calling Bell","Bag of Preparation","Darkstone Periapt","Gambling Chip","Letter Opener","Potion Belt","Orichalcum"],"potions_floor_usage":[7],"damage_taken":[{"damage":12,"enemies":"Small Slimes","floor":1,"turns":4},{"damage":29,"enemies":"Jaw Worm","floor":3,"turns":4},{"damage":31,"enemies":"Gremlin Nob","floor":7,"turns":5},{"damage":1,"enemies":"2 Louse","floor":10,"turns":2},{"damage":8,"enemies":"Exordium Thugs","floor":11,"turns":1}],"seed_played":"5262942006319493275","potions_obtained":[{"floor":3,"key":"Explosive Potion"},{"floor":10,"key":"EssenceOfSteel"}],"is_trial":false,"path_per_floor":["M","?","M","$","T","R","E","$","T","M"],"character_chosen":"DEFECT","items_purchased":["Scrape"],"campfire_rested":0,"item_purchase_floors":[8],"current_hp_per_floor":[63,63,34,34,34,34,3,3,3,2,0],"gold":40,"neow_bonus":"BOSS_RELIC","is_prod":false,"is_daily":false,"chose_seed":false,"campfire_upgraded":1,"win_rate":0,"timestamp":1531187216,"path_taken":["M","?","M","$","?","R","E","$","T","M","M"],"build_version":"2018-07-05","purchased_purges":1,"victory":false,"max_hp_per_floor":[75,75,75,75,75,75,75,75,75,75,75],"card_choices":[{"not_picked":["Hologram","Melter"],"picked":"Rip and Tear","floor":1},{"not_picked":["Compile Driver","Chill"],"picked":"Go for the Eyes","floor":3},{"not_picked":["Sweeping Beam","Consume"],"picked":"Beam Cell","floor":7},{"not_picked":["Sweeping Beam","Compile Driver"],"picked":"Storm","floor":10}],"player_experience":61352,"relics_obtained":[{"floor":0,"key":"Bag of Preparation"},{"floor":0,"key":"Darkstone Periapt"},{"floor":0,"key":"Gambling Chip"},{"floor":5,"key":"Letter Opener"},{"floor":7,"key":"Potion Belt"},{"floor":9,"key":"Orichalcum"}],"event_choices":[{"event_name":"Living Wall","player_choice":"Grow","floor":2,"damage_taken":0}],"boss_relics":[],"items_purged_floors":[4],"is_endless":false,"potions_floor_spawned":[3,10],"killed_by":"Exordium Thugs","ascension_level":2}