{"gold_per_floor":[113,125,125,200,200,200,49,49,49,68,84,94,119,129,129,129],"floor_reached":16,"playtime":239,"items_purged":[],"score":92,"play_id":"25a55354-91f5-4c8c-9275-70cbbb0875bd","local_time":"20190908122429","is_ascension_mode":false,"campfire_choices":[{"data":"Cleave","floor":6,"key":"SMITH"},{"data":"Heavy Blade","floor":15,"key":"SMITH"}],"neow_cost":"NONE","seed_source_timestamp":744963995174000,"circlet_count":0,"master_deck":["Strike_R","Strike_R","Strike_R","Strike_R","Strike_R","Defend_R","Defend_R","Defend_R","Defend_R","Bash","Cleave+1","Heavy Blade+1","Anger","Bloodletting","Pommel Strike","Pommel Strike"],"relics":["Burning Blood","NeowsBlessing","Paper Frog","Bag of Marbles","Bronze Scales","WingedGreaves","Odd Mushroom"],"potions_floor_usage":[16,16],"damage_taken":[{"damage":0,"enemies":"Cultist","floor":1,"turns":1},{"damage":0,"enemies":"Jaw Worm","floor":2,"turns":1},{"damage":0,"enemies":"2 Louse","floor":10,"turns":1},{"damage":7,"enemies":"Blue Slaver","floor":11,"turns":2},{"damage":17,"enemies":"Gremlin Gang","floor":12,"turns":3},{"damage":13,"enemies":"The Mushroom Lair","floor":13,"turns":2},{"damage":10,"enemies":"Large Slime","floor":14,"turns":3},{"damage":48,"enemies":"Hexaghost","floor":16,"turns":7}],"seed_played":"8991560847735129794","potions_obtained":[{"floor":11,"key":"Ancient Potion"},{"floor":13,"key":"Poison Potion"},{"floor":14,"key":"GamblersBrew"}],"is_trial":false,"path_per_floor":["M","M","?","?","?","R","$","T","T","M","M","M","?","M","R","B"],"character_chosen":"IRONCLAD","items_purchased":["Bag of Marbles"],"campfire_rested":0,"item_purchase_floors":[7],"current_hp_per_floor":[80,80,80,69,62,62,62,62,62,68,67,56,49,45,45,0],"gold":129,"neow_bonus":"THREE_ENEMY_KILL","is_prod":false,"is_daily":false,"chose_seed":false,"campfire_upgraded":2,"win_rate":0,"timestamp":1567938269,"path_taken":["M","?","?","?","?","R","$","?","T","M","?","M","?","M","R","BOSS"],"build_version":"2019-07-17","purchased_purges":0,"victory":false,"max_hp_per_floor":[80,80,80,80,80,80,80,80,80,80,80,80,80,80,80,80],"card_choices":[{"not_picked":["Armaments","Corruption","Headbutt"],"picked":"SKIP","floor":1},{"not_picked":["Burning Pact","Fire Breathing"],"picked":"Cleave","floor":2},{"not_picked":["Clash","Infernal Blade"],"picked":"Heavy Blade","floor":10},{"not_picked":["Seeing Red","Headbutt"],"picked":"Anger","floor":11},{"not_picked":["Evolve","Burning Pact"],"picked":"Bloodletting","floor":12},{"not_picked":["Wild Strike","Entrench"],"picked":"Pommel Strike","floor":13},{"not_picked":["Entrench","Body Slam"],"picked":"Pommel Strike","floor":14}],"player_experience":228084,"relics_obtained":[{"floor":8,"key":"Bronze Scales"},{"floor":9,"key":"WingedGreaves"},{"floor":13,"key":"Odd Mushroom"}],"event_choices":[{"damage_healed":0,"gold_gain":0,"player_choice":"Ignored","damage_taken":0,"max_hp_gain":0,"max_hp_loss":0,"event_name":"Golden Wing","floor":3,"gold_loss":0},{"damage_healed":0,"gold_gain":75,"player_choice":"Gather Gold","damage_taken":11,"max_hp_gain":0,"max_hp_loss":0,"event_name":"World of Goop","floor":4,"gold_loss":0},{"damage_healed":0,"gold_gain":0,"player_choice":"Success","damage_taken":7,"relics_obtained":["Paper Frog"],"max_hp_gain":0,"max_hp_loss":0,"event_name":"Scrap Ooze","floor":5,"gold_loss":0},{"damage_healed":0,"gold_gain":0,"player_choice":"Fought Mushrooms","damage_taken":0,"max_hp_gain":0,"max_hp_loss":0,"event_name":"Mushrooms","floor":13,"gold_loss":0}],"is_beta":false,"boss_relics":[],"items_purged_floors":[],"is_endless":false,"potions_floor_spawned":[11,13,14],"killed_by":"Hexaghost","ascension_level":0}