{"gold_per_floor":[115,115,115,126,143,143,177,189,227,44,56,71,104,120,120,218,218,218,218,143,143,58,58,58,58,58,58,58,58,58,58,58,58],"floor_reached":33,"playtime":3568,"items_purged":["Strike_G"],"score":400,"play_id":"7b6fb182-335b-403a-9995-c0f44c96f63a","local_time":"20191011022457","is_ascension_mode":true,"campfire_choices":[{"data":"Predator","floor":6,"key":"SMITH"},{"data":"Dash","floor":8,"key":"SMITH"},{"data":"Dodge and Roll","floor":15,"key":"SMITH"},{"floor":24,"key":"REST"},{"data":"Blade Dance","floor":27,"key":"SMITH"},{"floor":32,"key":"REST"}],"neow_cost":"NONE","seed_source_timestamp":80236463121900,"circlet_count":0,"master_deck":["Strike_G","Strike_G","Strike_G","Defend_G","Defend_G","Defend_G","Defend_G","Defend_G","Survivor","Neutralize+1","Crippling Poison","Predator+1","Dodge and Roll+1","Blade Dance+1","Dash+1","Well Laid Plans","Backflip","Cloak And Dagger","PiercingWail","Malaise","Bouncing Flask+1","Flying Knee+1","Blur","Dagger Spray","Sucker Punch+1"],"relics":["Ring of the Snake","MawBank","Anchor","Ninja Scroll","Ectoplasm","Pear","Calipers","Bag of Preparation","Shuriken"],"potions_floor_usage":[7,13,16,16,23,33],"damage_taken":[{"damage":0,"enemies":"2 Louse","floor":1,"turns":3},{"damage":0,"enemies":"Cultist","floor":4,"turns":4},{"damage":0,"enemies":"Jaw Worm","floor":5,"turns":5},{"damage":2,"enemies":"3 Sentries","floor":7,"turns":9},{"damage":0,"enemies":"Blue Slaver","floor":11,"turns":3},{"damage":0,"enemies":"3 Louse","floor":12,"turns":3},{"damage":3,"enemies":"Gremlin Nob","floor":13,"turns":5},{"damage":0,"enemies":"Looter","floor":14,"turns":2},{"damage":17,"enemies":"Hexaghost","floor":16,"turns":11},{"damage":5,"enemies":"Chosen","floor":18,"turns":5},{"damage":3,"enemies":"3 Byrds","floor":19,"turns":5},{"damage":6,"enemies":"Shelled Parasite and Fungi","floor":21,"turns":6},{"damage":7,"enemies":"Gremlin Leader","floor":23,"turns":10},{"damage":0,"enemies":"Book of Stabbing","floor":25,"turns":6},{"damage":2,"enemies":"Snecko","floor":28,"turns":4},{"damage":85,"enemies":"Champ","floor":33,"turns":12}],"seed_played":"-8605631802287767001","potions_obtained":[{"floor":5,"key":"EssenceOfSteel"},{"floor":7,"key":"FearPotion"},{"floor":11,"key":"GhostInAJar"},{"floor":14,"key":"LiquidBronze"},{"floor":18,"key":"SmokeBomb"},{"floor":21,"key":"Block Potion"},{"floor":28,"key":"Weak Potion"}],"is_trial":false,"path_per_floor":["M","?","?","M","M","R","E","R","T","$","M","M","E","M","R","B",null,"M","M","?","M","?","E","R","E","T","R","M","$","?","?","R","B"],"character_chosen":"THE_SILENT","items_purchased":["Well Laid Plans","Backflip"],"campfire_rested":2,"item_purchase_floors":[10,10],"current_hp_per_floor":[70,70,70,70,70,70,68,68,68,68,68,68,65,65,65,48,65,60,57,57,51,61,54,78,78,78,78,76,76,60,60,80,0],"gold":58,"neow_bonus":"UPGRADE_CARD","is_prod":false,"is_daily":false,"chose_seed":false,"campfire_upgraded":4,"win_rate":0,"timestamp":1570778697,"path_taken":["M","?","?","M","M","R","E","R","T","$","M","?","E","M","R","BOSS","M","M","?","M","?","E","R","E","T","R","M","$","?","?","R","BOSS"],"build_version":"2019-07-17","purchased_purges":1,"victory":false,"max_hp_per_floor":[70,70,70,70,70,70,70,70,70,70,70,70,70,70,70,70,70,70,70,70,70,80,80,80,80,80,80,80,80,80,80,80,80],"card_choices":[{"not_picked":["Sucker Punch","Outmaneuver"],"picked":"Crippling Poison","floor":1},{"not_picked":["Sucker Punch","Tactician"],"picked":"Dodge and Roll","floor":4},{"not_picked":["Slice","Underhanded Strike"],"picked":"Blade Dance","floor":5},{"not_picked":["Die Die Die","Dodge and Roll"],"picked":"Dash","floor":7},{"not_picked":["Slice","Deflect","All Out Attack"],"picked":"SKIP","floor":11},{"not_picked":["Deadly Poison","Crippling Poison"],"picked":"Cloak And Dagger","floor":12},{"not_picked":["Noxious Fumes","Crippling Poison"],"picked":"PiercingWail","floor":13},{"not_picked":["Sucker Punch","Blade Dance","Backstab"],"picked":"SKIP","floor":14},{"not_picked":["Grand Finale","Glass Knife"],"picked":"Malaise","floor":16},{"not_picked":["Flying Knee","All Out Attack"],"picked":"Bouncing Flask+1","floor":18},{"not_picked":["Bane+1","PiercingWail"],"picked":"Flying Knee+1","floor":19},{"not_picked":["Skewer","Deflect"],"picked":"Blur","floor":21},{"not_picked":["Dodge and Roll","Underhanded Strike","Eviscerate"],"picked":"SKIP","floor":23},{"not_picked":["Masterful Stab","Wraith Form v2"],"picked":"Dagger Spray","floor":25},{"not_picked":["Infinite Blades","Expertise"],"picked":"Sucker Punch+1","floor":28}],"player_experience":242676,"relics_obtained":[{"floor":7,"key":"MawBank"},{"floor":9,"key":"Anchor"},{"floor":13,"key":"Ninja Scroll"},{"floor":23,"key":"Calipers"},{"floor":25,"key":"Bag of Preparation"},{"floor":26,"key":"Shuriken"}],"event_choices":[{"damage_healed":0,"gold_gain":0,"player_choice":"Ignored","damage_taken":0,"max_hp_gain":0,"max_hp_loss":0,"event_name":"Liars Game","floor":2,"gold_loss":0},{"damage_healed":0,"gold_gain":0,"player_choice":"1 cards matched","damage_taken":0,"max_hp_gain":0,"max_hp_loss":0,"event_name":"Match and Keep!","floor":3,"gold_loss":0,"cards_obtained":["Predator"]},{"cards_removed":["Strike_G"],"damage_healed":0,"gold_gain":0,"player_choice":"Gave Gold","damage_taken":0,"max_hp_gain":0,"max_hp_loss":0,"event_name":"Beggar","floor":20,"gold_loss":75},{"damage_healed":0,"gold_gain":0,"player_choice":"Obtained Relic","damage_taken":0,"relics_obtained":["Pear"],"max_hp_gain":0,"max_hp_loss":0,"event_name":"Addict","floor":22,"gold_loss":85},{"damage_healed":0,"gold_gain":0,"player_choice":"Obtained Book","damage_taken":16,"max_hp_gain":0,"max_hp_loss":0,"event_name":"Cursed Tome","floor":30,"gold_loss":0},{"damage_healed":0,"gold_gain":0,"player_choice":"Ignored","damage_taken":0,"max_hp_gain":0,"max_hp_loss":0,"event_name":"The Mausoleum","floor":31,"gold_loss":0}],"is_beta":false,"boss_relics":[{"not_picked":["Fusion Hammer","Astrolabe"],"picked":"Ectoplasm"}],"items_purged_floors":[10],"is_endless":false,"potions_floor_spawned":[5,7,11,14,18,21,28],"killed_by":"Champ","ascension_level":5}