{"gold_per_floor":[217,217,217,232,232,232,261,261,307,317,335,335,9,34,34,133,133,144,159,159,90,108,141,141,141,167,167,184,184,219,73,73,73],"floor_reached":33,"playtime":730,"items_purged":[],"score":291,"play_id":"10943415-853f-4347-a574-b0605f63fbda","local_time":"20190907203827","is_ascension_mode":false,"campfire_choices":[{"floor":6,"key":"REST"},{"data":"Ghostly Armor","floor":8,"key":"SMITH"},{"data":"Searing Blow","floor":12,"key":"SMITH"},{"data":"Searing Blow+1","floor":15,"key":"SMITH"},{"floor":24,"key":"REST"},{"data":"Searing Blow+2","floor":27,"key":"SMITH"},{"data":"Searing Blow+3","floor":29,"key":"SMITH"},{"data":"Searing Blow+4","floor":32,"key":"SMITH"}],"neow_cost":"NONE","seed_source_timestamp":687709490059600,"circlet_count":0,"master_deck":["Strike_R","Strike_R","Strike_R","Strike_R","Defend_R","Defend_R","Defend_R","Bash+1","Thunderclap+1","Defend_G","Inflame+1","Ghostly Armor+1","Searing Blow+5","Perfected Strike","Inflame","Cleave","Heavy Blade","Double Tap","Heavy Blade","Corruption","Inflame","Power Through+1","Infernal Blade+1","Thunderclap+1","Evolve","Rage","Rage+1"],"relics":["Burning Blood","Mummified Hand","Smiling Mask","Meat on the Bone","Sundial","Philosopher\u0027s Stone","Nilry\u0027s Codex","Dream Catcher","Ancient Tea Set","Frozen Egg 2","Red Skull"],"potions_floor_usage":[7,16,19,30],"damage_taken":[{"damage":11,"enemies":"Jaw Worm","floor":1,"turns":3},{"damage":10,"enemies":"Small Slimes","floor":4,"turns":2},{"damage":15,"enemies":"3 Sentries","floor":7,"turns":4},{"damage":6,"enemies":"Cultist","floor":10,"turns":3},{"damage":20,"enemies":"Looter","floor":11,"turns":3},{"damage":23,"enemies":"Lagavulin","floor":14,"turns":5},{"damage":42,"enemies":"Hexaghost","floor":16,"turns":9},{"damage":14,"enemies":"Shell Parasite","floor":18,"turns":2},{"damage":23,"enemies":"2 Thieves","floor":19,"turns":3},{"damage":11,"enemies":"Snake Plant","floor":22,"turns":3},{"damage":35,"enemies":"Book of Stabbing","floor":23,"turns":5},{"damage":7,"enemies":"Snecko","floor":28,"turns":4},{"damage":18,"enemies":"Gremlin Leader","floor":30,"turns":3},{"damage":61,"enemies":"Champ","floor":33,"turns":7}],"seed_played":"1032527081960992898","potions_obtained":[{"floor":4,"key":"Weak Potion"},{"floor":11,"key":"EssenceOfSteel"},{"floor":18,"key":"Energy Potion"},{"floor":19,"key":"LiquidBronze"},{"floor":22,"key":"SneckoOil"}],"is_trial":false,"path_per_floor":["M","?","?","M","?","R","E","R","T","M","M","R","$","E","R","B",null,"M","M","?","$","M","E","R","?","T","R","M","R","E","$","R","B"],"character_chosen":"IRONCLAD","items_purchased":["Meat on the Bone","Inflame","Cleave","Inflame","Red Skull"],"campfire_rested":2,"item_purchase_floors":[13,13,13,21,31],"current_hp_per_floor":[75,59,59,55,55,79,70,70,70,70,56,56,56,51,51,27,80,72,55,39,39,46,29,53,53,53,53,52,52,52,52,52,0],"gold":73,"neow_bonus":"HUNDRED_GOLD","is_prod":false,"is_daily":false,"chose_seed":false,"campfire_upgraded":6,"win_rate":0,"timestamp":1567881507,"path_taken":["M","?","?","?","?","R","E","R","T","M","M","R","?","E","R","BOSS","M","?","?","?","M","E","R","?","T","R","M","R","E","$","R","BOSS"],"build_version":"2019-07-17","purchased_purges":0,"victory":false,"max_hp_per_floor":[80,80,80,80,80,80,80,80,80,80,80,80,80,80,80,80,80,80,80,80,80,80,80,80,80,80,80,80,80,80,80,80,80],"card_choices":[{"not_picked":["Second Wind","Power Through"],"picked":"Thunderclap","floor":1},{"not_picked":["Infernal Blade","Wild Strike"],"picked":"Inflame","floor":4},{"not_picked":["Dual Wield","Headbutt"],"picked":"Ghostly Armor","floor":7},{"not_picked":["Clash","Thunderclap"],"picked":"Searing Blow","floor":10},{"not_picked":["Thunderclap","Intimidate"],"picked":"Perfected Strike","floor":11},{"not_picked":["Rage","Wild Strike"],"picked":"Heavy Blade","floor":14},{"not_picked":["Juggernaut","Dark Embrace"],"picked":"Double Tap","floor":16},{"not_picked":["Clash+1","Shrug It Off"],"picked":"Heavy Blade","floor":18},{"not_picked":["Entrench","Shrug It Off"],"picked":"Corruption","floor":19},{"not_picked":["Clash","Sword Boomerang"],"picked":"Power Through+1","floor":22},{"not_picked":["Cleave","Metallicize"],"picked":"Infernal Blade+1","floor":23},{"not_picked":["Rupture","Disarm"],"picked":"Thunderclap+1","floor":24},{"not_picked":["Infernal Blade","Uppercut"],"picked":"Rage","floor":28},{"not_picked":["Cleave+1","Pommel Strike"],"picked":"Rage+1","floor":30}],"player_experience":212202,"relics_obtained":[{"floor":7,"key":"Mummified Hand"},{"floor":9,"key":"Smiling Mask"},{"floor":14,"key":"Sundial"},{"floor":20,"key":"Nilry\u0027s Codex"},{"floor":23,"key":"Dream Catcher"},{"floor":26,"key":"Ancient Tea Set"},{"floor":30,"key":"Frozen Egg 2"}],"event_choices":[{"damage_healed":0,"gold_gain":0,"player_choice":"Entered Light","damage_taken":16,"max_hp_gain":0,"max_hp_loss":0,"event_name":"Shining Light","floor":2,"gold_loss":0,"cards_upgraded":["Thunderclap","Bash"]},{"cards_removed":["Defend_R"],"damage_healed":0,"gold_gain":0,"player_choice":"Took Card","damage_taken":0,"max_hp_gain":0,"max_hp_loss":0,"event_name":"NoteForYourself","floor":3,"gold_loss":0,"cards_obtained":["Defend_G"]},{"damage_healed":0,"gold_gain":0,"player_choice":"Grow","damage_taken":0,"max_hp_gain":0,"max_hp_loss":0,"event_name":"Living Wall","floor":5,"gold_loss":0,"cards_upgraded":["Inflame"]},{"damage_healed":0,"gold_gain":0,"player_choice":"Obtained Book","damage_taken":16,"max_hp_gain":0,"max_hp_loss":0,"event_name":"Cursed Tome","floor":20,"gold_loss":0},{"damage_healed":0,"gold_gain":0,"cards_transformed":["Strike_R"],"player_choice":"Transformed","damage_taken":0,"max_hp_gain":0,"max_hp_loss":0,"event_name":"Transmorgrifier","floor":25,"gold_loss":0,"cards_obtained":["Evolve"]}],"is_beta":false,"boss_relics":[{"not_picked":["Fusion Hammer","Snecko Eye"],"picked":"Philosopher\u0027s Stone"}],"items_purged_floors":[],"is_endless":false,"potions_floor_spawned":[4,11,18,19,22],"killed_by":"Champ","ascension_level":0}