{"gold_per_floor":[14,14,29,29,39,69,86,99,99,113,124,137,237,237],"floor_reached":14,"playtime":1403,"items_purged":[],"score":96,"play_id":"7d0c52e0-eb7a-4063-8fc4-f8d5ba4b2739","local_time":"20190902182958","is_ascension_mode":false,"campfire_choices":[],"neow_cost":"NO_GOLD","seed_source_timestamp":1812429050648000,"circlet_count":0,"master_deck":["Strike_G","Strike_G","Strike_G","Strike_G","Strike_G","Defend_G","Defend_G","Defend_G","Defend_G","Survivor","Neutralize","A Thousand Cuts","Backflip","Reflex","Dash","Deadly Poison","Adrenaline","Distraction","Endless Agony","Noxious Fumes","Escape Plan","Dagger Throw"],"relics":["Ring of the Snake","CultistMask","Bottled Tornado","Bottled Lightning"],"potions_floor_usage":[14],"damage_taken":[{"damage":4,"enemies":"Jaw Worm","floor":1,"turns":5},{"damage":1,"enemies":"Cultist","floor":3,"turns":4},{"damage":7,"enemies":"Small Slimes","floor":5,"turns":4},{"damage":21,"enemies":"Lagavulin","floor":6,"turns":9},{"damage":7,"enemies":"Exordium Thugs","floor":7,"turns":5},{"damage":0,"enemies":"Large Slime","floor":8,"turns":6},{"damage":2,"enemies":"Looter","floor":10,"turns":3},{"damage":12,"enemies":"2 Fungi Beasts","floor":11,"turns":3},{"damage":4,"enemies":"3 Louse","floor":12,"turns":3},{"damage":14,"enemies":"Gremlin Nob","floor":14,"turns":3}],"seed_played":"-2862722340985878210","potions_obtained":[{"floor":3,"key":"Fire Potion"},{"floor":8,"key":"Energy Potion"},{"floor":11,"key":"Ancient Potion"}],"is_trial":false,"path_per_floor":["M","?","M","?","M","E","M","M","T","M","M","M","?","E"],"character_chosen":"THE_SILENT","items_purchased":[],"campfire_rested":0,"item_purchase_floors":[],"current_hp_per_floor":[66,66,65,65,58,37,30,30,30,28,16,12,12,0],"gold":237,"neow_bonus":"THREE_RARE_CARDS","is_prod":false,"is_daily":false,"chose_seed":false,"campfire_upgraded":0,"win_rate":0.0,"timestamp":1567441798,"path_taken":["M","?","M","?","M","E","M","M","T","M","?","M","?","E"],"build_version":"2019-07-17","purchased_purges":0,"victory":false,"max_hp_per_floor":[70,70,70,70,70,70,70,70,70,70,70,70,70,70],"card_choices":[{"not_picked":["Glass Knife","Phantasmal Killer"],"picked":"A Thousand Cuts","floor":0},{"not_picked":["Acrobatics","Prepared"],"picked":"Backflip","floor":1},{"not_picked":["Slice","PiercingWail"],"picked":"Dash","floor":3},{"not_picked":["Reflex","Blur"],"picked":"Deadly Poison","floor":5},{"not_picked":["PiercingWail","Dagger Spray"],"picked":"Adrenaline","floor":6},{"not_picked":["Backflip","Leg Sweep"],"picked":"Distraction","floor":7},{"not_picked":["Bane","Dagger Throw"],"picked":"Endless Agony","floor":8},{"not_picked":["Dagger Spray","Outmaneuver"],"picked":"Noxious Fumes","floor":10},{"not_picked":["Calculated Gamble","Reflex"],"picked":"Escape Plan","floor":11},{"not_picked":["Dodge and Roll","Catalyst"],"picked":"Dagger Throw","floor":12}],"player_experience":33090,"relics_obtained":[{"floor":6,"key":"Bottled Tornado"},{"floor":9,"key":"Bottled Lightning"}],"event_choices":[{"damage_healed":0,"gold_gain":0,"cards_transformed":["Defend_G"],"player_choice":"Change","damage_taken":0,"max_hp_gain":0,"max_hp_loss":0,"event_name":"Living Wall","floor":2,"gold_loss":0,"cards_obtained":["Reflex"]},{"damage_healed":0,"gold_gain":0,"player_choice":"Trade","damage_taken":0,"relics_obtained":["CultistMask"],"max_hp_gain":0,"max_hp_loss":0,"event_name":"FaceTrader","floor":4,"gold_loss":0},{"damage_healed":0,"gold_gain":100,"player_choice":"Pray","damage_taken":0,"max_hp_gain":0,"max_hp_loss":0,"event_name":"Golden Shrine","floor":13,"gold_loss":0}],"is_beta":false,"boss_relics":[],"items_purged_floors":[],"is_endless":false,"potions_floor_spawned":[3,8,11],"killed_by":"Gremlin Nob","ascension_level":0}