{"gold_per_floor":[109,122,122,138,88,88,118,118,118,144,159,171,17,35,35,114,114,129,142,142,142,174,203,203,237,237,266,280,280,313,4,4,75,75,90,90,104,124,124,152,152,152,178,178,194,194,211,241,241,241],"floor_reached":51,"playtime":3824,"items_purged":["Strike_G"],"score":1523,"play_id":"8789da51-7819-46f4-b9c8-89842b1aa9c4","local_time":"20190928203551","is_ascension_mode":true,"campfire_choices":[{"data":"Neutralize","floor":6.0,"key":"SMITH"},{"floor":8.0,"key":"REST"},{"floor":15.0,"key":"REST"},{"floor":24.0,"key":"REST"},{"data":"Pain","floor":29.0,"key":"PURGE"},{"data":"Forethought","floor":32.0,"key":"SMITH"},{"data":"Phantasmal Killer","floor":41,"key":"SMITH"},{"data":"Pain","floor":44,"key":"PURGE"},{"data":"Catalyst","floor":49,"key":"SMITH"}],"neow_cost":"PERCENT_DAMAGE","seed_source_timestamp":4063814563213200,"circlet_count":0,"master_deck":["AscendersBane","Strike_G+1","Strike_G+1","Defend_G+1","Defend_G+1","Defend_G+1","Defend_G+1","Defend_G+1","Survivor","Neutralize+1","Deflect","Dagger Throw","Deadly Poison","Noxious Fumes","Slice","Concentrate","Poisoned Stab","Well Laid Plans","Heel Hook","Corpse Explosion","PiercingWail","Footwork","Slice","Concentrate","Flying Knee+1","Tools of the Trade","Blur","PiercingWail","Forethought+1","Phantasmal Killer+1","Underhanded Strike+1","Dramatic Entrance","Neutralize","Well Laid Plans","Slice","Deflect","Flying Knee","Madness","Madness","Outmaneuver+1","Sadistic Nature","Catalyst+1","Prepared+1"],"special_seed":0,"relics":["Ring of the Snake","Thread and Needle","The Specimen","Unceasing Top","Cursed Key","Red Mask","Potion Belt","Pantograph","Peace Pipe","Bronze Scales","Kunai","Happy Flower","HoveringKite","Juzu Bracelet","PreservedInsect","Blood Vial"],"potions_floor_usage":[50,50,50],"damage_taken":[{"damage":3.0,"enemies":"Small Slimes","floor":1.0,"turns":5.0},{"damage":0.0,"enemies":"Jaw Worm","floor":2.0,"turns":6.0},{"damage":0.0,"enemies":"2 Louse","floor":4.0,"turns":4.0},{"damage":28.0,"enemies":"3 Sentries","floor":7.0,"turns":10.0},{"damage":29.0,"enemies":"Gremlin Nob","floor":10.0,"turns":5.0},{"damage":0.0,"enemies":"Large Slime","floor":11.0,"turns":5.0},{"damage":0.0,"enemies":"Looter","floor":12.0,"turns":3.0},{"damage":0.0,"enemies":"Red Slaver","floor":14.0,"turns":3.0},{"damage":38.0,"enemies":"Slime Boss","floor":16.0,"turns":11.0},{"damage":8.0,"enemies":"Spheric Guardian","floor":18.0,"turns":5.0},{"damage":3.0,"enemies":"Shell Parasite","floor":19.0,"turns":5.0},{"damage":0.0,"enemies":"Masked Bandits","floor":22.0,"turns":3.0},{"damage":16.0,"enemies":"Gremlin Leader","floor":23.0,"turns":6.0},{"damage":1.0,"enemies":"Book of Stabbing","floor":25.0,"turns":6.0},{"damage":2.0,"enemies":"Gremlin Leader","floor":27.0,"turns":4.0},{"damage":3.0,"enemies":"Shelled Parasite and Fungi","floor":28.0,"turns":4.0},{"damage":1.0,"enemies":"Book of Stabbing","floor":30.0,"turns":5.0},{"damage":0.0,"enemies":"Champ","floor":33.0,"turns":9.0},{"damage":0.0,"enemies":"Orb Walker","floor":35.0,"turns":4.0},{"damage":0,"enemies":"3 Shapes","floor":37,"turns":7},{"damage":0,"enemies":"Writhing Mass","floor":38,"turns":5},{"damage":5,"enemies":"Nemesis","floor":40,"turns":5},{"damage":0,"enemies":"Maw","floor":45,"turns":5},{"damage":3,"enemies":"Sphere and 2 Shapes","floor":47,"turns":4},{"damage":0,"enemies":"Giant Head","floor":48,"turns":4},{"damage":6,"enemies":"Donu and Deca","floor":50,"turns":6}],"seed_played":"3554191886391175309","potions_obtained":[{"floor":1.0,"key":"Block Potion"},{"floor":11.0,"key":"Ancient Potion"},{"floor":12.0,"key":"SkillPotion"},{"floor":14.0,"key":"LiquidBronze"},{"floor":16.0,"key":"Block Potion"},{"floor":22.0,"key":"AttackPotion"},{"floor":35.0,"key":"Explosive Potion"},{"floor":45,"key":"Ancient Potion"},{"floor":47,"key":"Weak Potion"}],"is_trial":false,"path_per_floor":["M","M","?","M","?","R","E","R","T","E","M","M","$","M","R","B",null,"M","M","?","?","?","E","R","E","T","E","M","R","E","$","R","B",null,"M","?","M","M","?","E","R","?","T","R","M","?","M","E","R","B",null],"character_chosen":"THE_SILENT","items_purchased":["Well Laid Plans","Forethought","Happy Flower","GhostInAJar"],"campfire_rested":3,"item_purchase_floors":[13,31,31,31],"current_hp_per_floor":[56,56,61,61,61,61,33,59,59,30,30,30,30,30,56,18,71,63,60,60,60,60,44,70,69,69,67,64,64,63,63,63,88,89,89,89,89,89,89,84,84,73,73,73,73,73,70,70,70,83],"gold":241,"neow_bonus":"TWENTY_PERCENT_HP_BONUS","is_prod":false,"is_daily":false,"chose_seed":false,"campfire_upgraded":4,"win_rate":0,"timestamp":1569695751,"path_taken":["M","M","?","M","?","R","E","R","T","E","M","M","?","M","R","BOSS","M","M","?","?","?","E","R","E","T","E","M","R","E","$","R","BOSS","M","?","M","?","?","E","R","?","T","R","M","?","M","E","R","BOSS"],"build_version":"2019-07-17","purchased_purges":1,"victory":true,"max_hp_per_floor":[84,84,89,89,89,89,89,89,89,89,89,89,89,89,89,89,89,89,89,89,89,89,89,89,89,89,89,89,89,89,89,89,89,89,89,89,89,89,89,89,89,89,89,89,89,89,89,89,89,89],"card_choices":[{"not_picked":["Finisher","PiercingWail"],"picked":"Deflect","floor":1.0},{"not_picked":["Well Laid Plans","Bane"],"picked":"Dagger Throw","floor":2.0},{"not_picked":["Masterful Stab","Sucker Punch"],"picked":"Deadly Poison","floor":4.0},{"not_picked":["Terror","Adrenaline"],"picked":"Noxious Fumes","floor":7.0},{"not_picked":["Cloak And Dagger","Venomology"],"picked":"Slice","floor":10.0},{"not_picked":["Reflex","All Out Attack"],"picked":"Concentrate","floor":11.0},{"not_picked":["Accuracy","Sucker Punch"],"picked":"Poisoned Stab","floor":12.0},{"not_picked":["Flying Knee","Deadly Poison"],"picked":"Heel Hook","floor":14.0},{"not_picked":["Burst","Unload"],"picked":"Corpse Explosion","floor":16.0},{"not_picked":["Flechettes","Deadly Poison"],"picked":"PiercingWail","floor":18.0},{"not_picked":["Quick Slash+1","Acrobatics"],"picked":"Footwork","floor":19.0},{"not_picked":["Deadly Poison","Outmaneuver"],"picked":"Slice","floor":22.0},{"not_picked":["Dodge and Roll","Riddle With Holes"],"picked":"Concentrate","floor":23.0},{"not_picked":["Wraith Form v2","Dagger Throw"],"picked":"Flying Knee+1","floor":25.0},{"not_picked":["Cloak And Dagger","All Out Attack+1"],"picked":"Tools of the Trade","floor":27.0},{"not_picked":["Predator+1","Sucker Punch"],"picked":"Blur","floor":28.0},{"not_picked":["Cloak And Dagger","Quick Slash"],"picked":"PiercingWail","floor":30.0},{"not_picked":["Night Terror","Grand Finale"],"picked":"Phantasmal Killer","floor":33.0},{"not_picked":["Masterful Stab","Dagger Throw"],"picked":"Underhanded Strike+1","floor":35.0},{"not_picked":["Quick Slash+1","Blade Dance"],"picked":"Slice","floor":37},{"not_picked":["Sucker Punch","Dash+1"],"picked":"Deflect","floor":38},{"not_picked":["Blade Dance","Dagger Spray+1"],"picked":"Flying Knee","floor":40},{"not_picked":["Corpse Explosion","Accuracy"],"picked":"Outmaneuver+1","floor":45},{"not_picked":["Bandage Up","Chrysalis"],"picked":"Sadistic Nature","floor":46},{"not_picked":["Backflip","Crippling Poison+1"],"picked":"Catalyst","floor":47},{"not_picked":["Quick Slash","PiercingWail"],"picked":"Prepared+1","floor":48}],"player_experience":368568,"relics_obtained":[{"floor":7.0,"key":"Thread and Needle"},{"floor":9.0,"key":"The Specimen"},{"floor":10.0,"key":"Unceasing Top"},{"floor":22.0,"key":"Red Mask"},{"floor":23.0,"key":"Potion Belt"},{"floor":25.0,"key":"Pantograph"},{"floor":26.0,"key":"Peace Pipe"},{"floor":27.0,"key":"Bronze Scales"},{"floor":30.0,"key":"Kunai"},{"floor":40,"key":"Juzu Bracelet"},{"floor":43,"key":"PreservedInsect"},{"floor":48,"key":"Blood Vial"}],"event_choices":[{"damage_healed":0.0,"max_hp_gain":5.0,"max_hp_loss":0.0,"gold_gain":0.0,"event_name":"Big Fish","player_choice":"Donut","floor":3.0,"gold_loss":0.0,"damage_taken":0.0},{"cards_removed":["Strike_G"],"damage_healed":0.0,"max_hp_gain":0.0,"max_hp_loss":0.0,"gold_gain":0.0,"event_name":"The Cleric","player_choice":"Card Removal","floor":5.0,"gold_loss":50.0,"damage_taken":0.0},{"damage_healed":0.0,"max_hp_gain":0.0,"max_hp_loss":0.0,"gold_gain":0.0,"event_name":"Vampires","player_choice":"Ignored","floor":20.0,"gold_loss":0.0,"damage_taken":0.0},{"damage_healed":0.0,"max_hp_gain":0.0,"max_hp_loss":0.0,"gold_gain":0.0,"event_name":"Back to Basics","player_choice":"Simplicity","floor":21.0,"gold_loss":0.0,"damage_taken":0.0,"cards_upgraded":["Strike_G","Strike_G","Strike_G","Defend_G","Defend_G","Defend_G","Defend_G","Defend_G"]},{"damage_healed":0.0,"max_hp_gain":0.0,"max_hp_loss":0.0,"gold_gain":0.0,"event_name":"Masked Bandits","player_choice":"Fought Bandits","floor":22.0,"gold_loss":0.0,"damage_taken":0.0},{"damage_healed":0,"gold_gain":0,"player_choice":"3 cards matched","damage_taken":0,"max_hp_gain":0,"max_hp_loss":0,"event_name":"Match and Keep!","floor":36,"gold_loss":0,"cards_obtained":["Dramatic Entrance","Neutralize","Well Laid Plans"]},{"cards_removed":["Strike_G"],"damage_healed":0,"gold_gain":0,"player_choice":"Purged","damage_taken":0,"max_hp_gain":0,"max_hp_loss":0,"event_name":"Purifier","floor":39,"gold_loss":0},{"damage_healed":0,"gold_gain":0,"player_choice":"Embrace Madness","damage_taken":11,"max_hp_gain":0,"max_hp_loss":0,"event_name":"Winding Halls","floor":42,"gold_loss":0,"cards_obtained":["Madness","Madness"]},{"damage_healed":0,"gold_gain":0,"player_choice":"Memory 1","damage_taken":0,"max_hp_gain":0,"max_hp_loss":0,"event_name":"SensoryStone","floor":46,"gold_loss":0}],"is_beta":false,"boss_relics":[{"not_picked":["Empty Cage","Ring of the Serpent"],"picked":"Cursed Key"},{"not_picked":["Orrery","Busted Crown"],"picked":"HoveringKite"}],"items_purged_floors":[13],"is_endless":false,"potions_floor_spawned":[1,11,12,14,16,18,19,22,35,45,47],"ascension_level":13}