{"gold_per_floor":[114,133,147,147,162,194,194,226,226,301,317,342,342,353,353,430,430,445,465,465,481,580,609,320,320,347,366,68,93,93,112,112,188,188,207,207,254,254,269,269,283,283,283,297,307,15,15,26,26,26],"floor_reached":50,"playtime":3928,"items_purged":["Strike_G"],"score":989,"play_id":"1d0ab524-c0a1-4bdc-aae8-84913f2f87f1","local_time":"20190927215322","is_ascension_mode":true,"campfire_choices":[{"floor":7.0,"key":"REST"},{"floor":13.0,"key":"REST"},{"data":"A Thousand Cuts","floor":15.0,"key":"SMITH"},{"floor":25.0,"key":"REST"},{"floor":32.0,"key":"REST"},{"floor":40.0,"key":"REST"},{"floor":42.0,"key":"REST"},{"floor":49.0,"key":"REST"}],"neow_cost":"PERCENT_DAMAGE","seed_source_timestamp":3981713143728000,"circlet_count":0,"master_deck":["AscendersBane","Strike_G+1","Defend_G","Defend_G","Survivor","Neutralize","Poisoned Stab","Backstab","Crippling Poison","Dagger Spray+1","Backflip","A Thousand Cuts+1","PiercingWail","Well Laid Plans","Dagger Throw","Venomology","Deflect","Underhanded Strike","After Image","Flying Knee","Backflip","Infinite Blades","Deflect","Backstab","After Image","All Out Attack+1","Tools of the Trade","Footwork","Terror","Heel Hook","Footwork","Outmaneuver","Dodge and Roll","A Thousand Cuts","Bouncing Flask+1","After Image+1","Cloak And Dagger+1","Poisoned Stab+1","Good Instincts","All Out Attack+1","Blade Dance","Tools of the Trade","Noxious Fumes","Sucker Punch+1","Catalyst","Accuracy","Panache","Jack Of All Trades","Blur","Madness","Madness","Noxious Fumes"],"special_seed":0,"relics":["Ring of the Snake","Regal Pillow","Juzu Bracelet","Whetstone","Letter Opener","Orrery","Blood Vial","Membership Card","Centennial Puzzle","Matryoshka","Medical Kit","Nloth\u0027s Gift","Astrolabe","Gambling Chip","Question Card","Ornamental Fan","Lee\u0027s Waffle"],"potions_floor_usage":[50,50,50],"damage_taken":[{"damage":0.0,"enemies":"2 Louse","floor":1.0,"turns":3.0},{"damage":0.0,"enemies":"Cultist","floor":2.0,"turns":3.0},{"damage":0.0,"enemies":"Small Slimes","floor":3.0,"turns":2.0},{"damage":0.0,"enemies":"3 Louse","floor":5.0,"turns":3.0},{"damage":21.0,"enemies":"Lagavulin","floor":6.0,"turns":6.0},{"damage":2.0,"enemies":"3 Sentries","floor":8.0,"turns":9.0},{"damage":3.0,"enemies":"Looter","floor":11.0,"turns":2.0},{"damage":20.0,"enemies":"Lagavulin","floor":12.0,"turns":7.0},{"damage":0.0,"enemies":"Gremlin Gang","floor":14.0,"turns":1.0},{"damage":0.0,"enemies":"Slime Boss","floor":16.0,"turns":7.0},{"damage":27.0,"enemies":"Spheric Guardian","floor":18.0,"turns":6.0},{"damage":8.0,"enemies":"2 Thieves","floor":19.0,"turns":4.0},{"damage":2.0,"enemies":"Snecko","floor":21.0,"turns":6.0},{"damage":29.0,"enemies":"Slavers","floor":23.0,"turns":5.0},{"damage":25.0,"enemies":"Snake Plant","floor":27.0,"turns":5.0},{"damage":5.0,"enemies":"Book of Stabbing","floor":29.0,"turns":8.0},{"damage":21.0,"enemies":"Centurion and Healer","floor":31.0,"turns":9.0},{"damage":52.0,"enemies":"Collector","floor":33.0,"turns":12.0},{"damage":33.0,"enemies":"3 Darklings","floor":35.0,"turns":8.0},{"damage":27.0,"enemies":"2 Orb Walkers","floor":37.0,"turns":7.0},{"damage":5.0,"enemies":"3 Shapes","floor":39.0,"turns":4.0},{"damage":36.0,"enemies":"Spire Growth","floor":41.0,"turns":9.0},{"damage":23.0,"enemies":"Sphere and 2 Shapes","floor":44.0,"turns":8.0},{"damage":1.0,"enemies":"4 Shapes","floor":45.0,"turns":7.0},{"damage":37.0,"enemies":"Jaw Worm Horde","floor":48.0,"turns":4.0},{"damage":96,"enemies":"Awakened One","floor":50,"turns":7}],"seed_played":"-781514300493519634","potions_obtained":[{"floor":1.0,"key":"PowerPotion"},{"floor":3.0,"key":"Block Potion"},{"floor":5.0,"key":"EssenceOfSteel"},{"floor":6.0,"key":"Energy Potion"},{"floor":12.0,"key":"Poison Potion"},{"floor":19.0,"key":"GhostInAJar"},{"floor":21.0,"key":"LiquidBronze"},{"floor":29.0,"key":"SteroidPotion"},{"floor":31.0,"key":"EssenceOfSteel"},{"floor":35.0,"key":"AttackPotion"},{"floor":37.0,"key":"Dexterity Potion"}],"is_trial":false,"path_per_floor":["M","M","M","?","M","E","R","E","T","?","M","E","R","M","R","B",null,"M","M","?","M","?","E","$","R","T","M","$","E","?","M","R","B",null,"M","?","?","?","M","R","M","R","T","M","M","$","?","M","R","B"],"character_chosen":"THE_SILENT","items_purchased":["Membership Card","Footwork","Terror","Matryoshka","Footwork","Medical Kit","GhostInAJar","Lee\u0027s Waffle","Accuracy","Panache","Jack Of All Trades","Blur"],"campfire_rested":7,"item_purchase_floors":[24,24,24,28,28,28,28,46,46,46,46,46],"current_hp_per_floor":[59,59,59,59,59,38,78,76,76,65,62,42,82,82,82,82,84,57,49,49,47,47,18,18,58,58,35,35,32,32,13,53,3,64,33,33,8,8,5,45,11,51,51,30,31,91,80,45,87,0],"gold":26,"neow_bonus":"TWENTY_PERCENT_HP_BONUS","is_prod":false,"is_daily":false,"chose_seed":false,"campfire_upgraded":1,"win_rate":0,"timestamp":1569614002,"path_taken":["M","M","M","?","M","E","R","E","T","?","M","E","R","M","R","BOSS","M","M","?","M","?","E","$","R","T","M","$","E","?","M","R","BOSS","M","?","?","?","M","R","M","R","T","M","M","$","?","M","R","BOSS"],"build_version":"2019-07-17","purchased_purges":1,"victory":false,"max_hp_per_floor":[84,84,84,84,84,84,84,84,84,84,84,84,84,84,84,84,84,84,84,84,84,84,84,84,84,84,84,84,84,84,84,84,84,84,84,84,84,84,84,84,84,84,84,84,84,91,91,91,91,91],"card_choices":[{"not_picked":["PiercingWail","Bane"],"picked":"Poisoned Stab","floor":1.0},{"not_picked":["Slice","Flechettes"],"picked":"Backstab","floor":2.0},{"not_picked":["Endless Agony","Flechettes"],"picked":"Crippling Poison","floor":3.0},{"not_picked":["Calculated Gamble","Underhanded Strike"],"picked":"Dagger Spray","floor":5.0},{"not_picked":["Unload","Slice"],"picked":"Backflip","floor":6.0},{"not_picked":["PiercingWail","Dodge and Roll"],"picked":"A Thousand Cuts","floor":8.0},{"not_picked":["Riddle With Holes","Flechettes"],"picked":"PiercingWail","floor":11.0},{"not_picked":["Underhanded Strike","Dagger Spray"],"picked":"Well Laid Plans","floor":12.0},{"not_picked":["Bane","Outmaneuver"],"picked":"Dagger Throw","floor":14.0},{"not_picked":["Bullet Time","Doppelganger"],"picked":"Venomology","floor":16.0},{"not_picked":["Outmaneuver","Poisoned Stab"],"picked":"Deflect","floor":17.0},{"not_picked":["Cloak And Dagger","Backflip"],"picked":"Underhanded Strike","floor":17.0},{"not_picked":["Noxious Fumes","Blade Dance"],"picked":"After Image","floor":17.0},{"not_picked":["Cloak And Dagger","Slice"],"picked":"Flying Knee","floor":17.0},{"not_picked":["Outmaneuver","Eviscerate"],"picked":"Backflip","floor":17.0},{"not_picked":["PiercingWail","Expertise"],"picked":"Infinite Blades","floor":18.0},{"not_picked":["Dagger Throw+1","Dodge and Roll"],"picked":"Deflect","floor":19.0},{"not_picked":["Dodge and Roll","Finisher"],"picked":"All Out Attack+1","floor":21.0},{"not_picked":["PiercingWail+1","Riddle With Holes"],"picked":"Tools of the Trade","floor":23.0},{"not_picked":["Bouncing Flask","Tactician"],"picked":"Heel Hook","floor":27.0},{"not_picked":["Acrobatics","Well Laid Plans"],"picked":"Outmaneuver","floor":29.0},{"not_picked":["Slice","Acrobatics"],"picked":"Dodge and Roll","floor":31.0},{"not_picked":["Bullet Time","Tools of the Trade"],"picked":"A Thousand Cuts","floor":33.0},{"not_picked":["Acrobatics","Bane"],"picked":"Poisoned Stab+1","floor":35.0},{"not_picked":["Purity","Madness"],"picked":"Good Instincts","floor":36.0},{"not_picked":["Acrobatics","Expertise+1"],"picked":"All Out Attack+1","floor":37.0},{"not_picked":["Escape Plan","Calculated Gamble"],"picked":"Tools of the Trade","floor":39.0},{"not_picked":["Bane","Heel Hook"],"picked":"Noxious Fumes","floor":41.0},{"not_picked":["Blur","Quick Slash","Poisoned Stab"],"picked":"Sucker Punch+1","floor":44.0},{"not_picked":["Masterful Stab+1","Storm of Steel","Quick Slash"],"picked":"Catalyst","floor":45.0},{"not_picked":["Corpse Explosion","Calculated Gamble","Backflip"],"picked":"Noxious Fumes","floor":48.0}],"player_experience":356854,"relics_obtained":[{"floor":6.0,"key":"Regal Pillow"},{"floor":8.0,"key":"Juzu Bracelet"},{"floor":9.0,"key":"Whetstone"},{"floor":12.0,"key":"Letter Opener"},{"floor":23.0,"key":"Blood Vial"},{"floor":26.0,"key":"Centennial Puzzle"},{"floor":29.0,"key":"Vajra"},{"floor":37.0,"key":"Gambling Chip"},{"floor":43.0,"key":"Question Card"},{"floor":43.0,"key":"Ornamental Fan"}],"event_choices":[{"damage_healed":0.0,"max_hp_gain":0.0,"max_hp_loss":0.0,"gold_gain":0.0,"event_name":"The Woman in Blue","player_choice":"Bought 0 Potions","floor":4.0,"gold_loss":0.0,"damage_taken":0.0},{"damage_healed":0.0,"max_hp_gain":0.0,"max_hp_loss":0.0,"gold_gain":75.0,"event_name":"World of Goop","player_choice":"Gather Gold","floor":10.0,"gold_loss":0.0,"damage_taken":11.0},{"damage_healed":0.0,"max_hp_gain":0.0,"max_hp_loss":0.0,"gold_gain":0.0,"cards_transformed":["Strike_G","Strike_G"],"event_name":"Drug Dealer","player_choice":"Became Test Subject","floor":20.0,"gold_loss":0.0,"damage_taken":0.0,"cards_obtained":["Backstab","After Image"]},{"damage_healed":0.0,"max_hp_gain":0.0,"max_hp_loss":0.0,"gold_gain":99.0,"event_name":"Nest","player_choice":"Stole From Cult","floor":22.0,"gold_loss":0.0,"damage_taken":0.0},{"damage_healed":0.0,"max_hp_gain":0.0,"max_hp_loss":0.0,"gold_gain":0.0,"event_name":"N\u0027loth","player_choice":"Traded Relic","floor":30.0,"relics_lost":["Vajra"],"gold_loss":0.0,"damage_taken":0.0,"relics_obtained":["Nloth\u0027s Gift"]},{"damage_healed":0.0,"max_hp_gain":0.0,"max_hp_loss":0.0,"gold_gain":0.0,"event_name":"SensoryStone","player_choice":"Memory 1","floor":36.0,"gold_loss":0.0,"damage_taken":0.0},{"damage_healed":0.0,"max_hp_gain":0.0,"max_hp_loss":0.0,"gold_gain":0.0,"event_name":"Mysterious Sphere","player_choice":"Fight","floor":37.0,"gold_loss":0.0,"damage_taken":0.0},{"damage_healed":0.0,"max_hp_gain":0.0,"max_hp_loss":0.0,"gold_gain":0.0,"cards_transformed":["Defend_G"],"event_name":"Transmorgrifier","player_choice":"Transformed","floor":38.0,"gold_loss":0.0,"damage_taken":0.0,"cards_obtained":["Blade Dance"]},{"damage_healed":0.0,"max_hp_gain":0.0,"max_hp_loss":0.0,"gold_gain":0.0,"event_name":"Winding Halls","player_choice":"Embrace Madness","floor":47.0,"gold_loss":0.0,"damage_taken":11.0,"cards_obtained":["Madness","Madness"]}],"is_beta":false,"boss_relics":[{"not_picked":["Snecko Eye","Runic Dome"],"picked":"Orrery"},{"not_picked":["Runic Pyramid","Coffee Dripper"],"picked":"Astrolabe"}],"items_purged_floors":[24],"is_endless":false,"potions_floor_spawned":[1,3,5,6,12,19,21,29,31,35,37,45],"killed_by":"Awakened One","ascension_level":13}