{"gold_per_floor":[115,134,134,148,165,130,157,168,168,168,168,179,196,213,213,318,318,330,330,330,347,363,363,380,393,393,393,410,113,113,113,113,218,218,229,229,229,0,14,14],"floor_reached":40,"playtime":1002,"items_purged":[],"score":452,"play_id":"3319f32e-e72a-4150-a94c-f158bed67c74","local_time":"20190907195624","is_ascension_mode":false,"campfire_choices":[{"floor":10,"key":"REST"},{"data":"Whirlwind","floor":15,"key":"SMITH"},{"floor":27,"key":"REST"},{"floor":30,"key":"REST"},{"data":"Double Tap","floor":32,"key":"SMITH"}],"neow_cost":"TEN_PERCENT_HP_LOSS","seed_source_timestamp":684912833419700,"circlet_count":0,"master_deck":["Strike_R+1","Strike_R+1","Strike_R+1","Strike_R+1","Strike_R+1","Defend_R+1","Defend_R+1","Defend_R+1","Defend_R+1","Bash","Shrug It Off","Whirlwind+1","Spot Weakness","Heavy Blade","Cleave","Inflame","Pommel Strike","Shrug It Off","Spot Weakness","Double Tap+1","Thunderclap+1","Heavy Blade","Armaments+1","Perfected Strike+1","Flex","Thunderclap","Heavy Blade","Ghostly Armor","Flash of Steel","J.A.X.","Demon Form","Flame Barrier+1","Trip","Panacea","Bandage Up","Flex+1"],"relics":["Black Blood","Ice Cream","StoneCalendar","Art of War","Mummified Hand","Philosopher\u0027s Stone","Mango","Ornamental Fan","Red Mask"],"potions_floor_usage":[7,7,11,16,24,24,33,33,33,40],"damage_taken":[{"damage":6,"enemies":"Cultist","floor":1,"turns":3},{"damage":0,"enemies":"Small Slimes","floor":2,"turns":3},{"damage":11,"enemies":"Jaw Worm","floor":4,"turns":3},{"damage":4,"enemies":"2 Fungi Beasts","floor":5,"turns":3},{"damage":45,"enemies":"Lagavulin","floor":7,"turns":6},{"damage":19,"enemies":"3 Louse","floor":8,"turns":2},{"damage":0,"enemies":"3 Sentries","floor":11,"turns":1},{"damage":0,"enemies":"Large Slime","floor":12,"turns":2},{"damage":24,"enemies":"Blue Slaver","floor":13,"turns":3},{"damage":6,"enemies":"2 Fungi Beasts","floor":14,"turns":2},{"damage":23,"enemies":"The Guardian","floor":16,"turns":7},{"damage":30,"enemies":"3 Byrds","floor":18,"turns":4},{"damage":17,"enemies":"Shell Parasite","floor":21,"turns":3},{"damage":16,"enemies":"Snake Plant","floor":22,"turns":2},{"damage":15,"enemies":"Cultist and Chosen","floor":24,"turns":4},{"damage":6,"enemies":"Chosen and Byrds","floor":25,"turns":3},{"damage":23,"enemies":"Shelled Parasite and Fungi","floor":28,"turns":3},{"damage":58,"enemies":"Automaton","floor":33,"turns":7},{"damage":19,"enemies":"3 Darklings","floor":35,"turns":3},{"damage":35,"enemies":"3 Shapes","floor":39,"turns":4},{"damage":90,"enemies":"Reptomancer","floor":40,"turns":3}],"seed_played":"-8637305079237192760","potions_obtained":[{"floor":1,"key":"SteroidPotion"},{"floor":2,"key":"EssenceOfSteel"},{"floor":5,"key":"SmokeBomb"},{"floor":13,"key":"Poison Potion"},{"floor":16,"key":"GamblersBrew"},{"floor":22,"key":"Regen Potion"},{"floor":24,"key":"Fruit Juice"},{"floor":25,"key":"AttackPotion"},{"floor":28,"key":"Poison Potion"},{"floor":35,"key":"Regen Potion"}],"is_trial":false,"path_per_floor":["M","M","?","M","M","?","E","M","T","R","E","M","M","M","R","B",null,"M","?","?","M","M","?","M","M","T","R","M","$","R","?","R","B",null,"M","?","?","?","M","E"],"character_chosen":"IRONCLAD","items_purchased":["Heavy Blade","Ghostly Armor","Flash of Steel","Evolve"],"campfire_rested":3,"item_purchase_floors":[29,29,29,29],"current_hp_per_floor":[72,72,54,49,51,69,30,17,17,38,44,50,32,32,32,15,72,48,62,62,51,41,24,32,32,32,60,43,43,71,71,71,19,96,87,87,77,77,56,0],"gold":14,"neow_bonus":"ONE_RARE_RELIC","is_prod":false,"is_daily":false,"chose_seed":false,"campfire_upgraded":2,"win_rate":0,"timestamp":1567878984,"path_taken":["M","M","?","M","M","?","E","M","T","R","E","M","M","M","R","BOSS","M","?","?","M","M","?","M","M","T","R","?","$","R","?","R","BOSS","M","?","?","?","M","E"],"build_version":"2019-07-17","purchased_purges":0,"victory":false,"max_hp_per_floor":[72,72,72,72,72,72,72,72,72,72,72,72,72,72,72,72,72,72,86,86,86,86,91,96,96,96,96,96,96,96,96,96,96,96,96,96,96,96,96,96],"card_choices":[{"not_picked":["Searing Blow","Shockwave"],"picked":"Shrug It Off","floor":1},{"not_picked":["Bloodletting","Fire Breathing"],"picked":"Whirlwind","floor":2},{"not_picked":["Pommel Strike","Uppercut"],"picked":"Spot Weakness","floor":4},{"not_picked":["Feel No Pain","Uppercut"],"picked":"Heavy Blade","floor":5},{"not_picked":["Combust","Disarm"],"picked":"Cleave","floor":7},{"not_picked":["Intimidate","Rage"],"picked":"Inflame","floor":8},{"not_picked":["Second Wind","Twin Strike"],"picked":"Pommel Strike","floor":12},{"not_picked":["Armaments","Pommel Strike"],"picked":"Shrug It Off","floor":13},{"not_picked":["Havoc","Warcry"],"picked":"Spot Weakness","floor":14},{"not_picked":["Reaper","Offering"],"picked":"Double Tap","floor":16},{"not_picked":["Shrug It Off","Inflame"],"picked":"Thunderclap+1","floor":18},{"not_picked":["Clothesline","Flex"],"picked":"Heavy Blade","floor":21},{"not_picked":["Clothesline+1","Havoc"],"picked":"Armaments+1","floor":22},{"not_picked":["Reckless Charge","True Grit+1"],"picked":"Perfected Strike+1","floor":24},{"not_picked":["Body Slam+1","Pummel+1"],"picked":"Flex","floor":25},{"not_picked":["Fiend Fire","Bloodletting+1"],"picked":"Thunderclap","floor":28},{"not_picked":["Dark Embrace","Barricade"],"picked":"Demon Form","floor":33},{"not_picked":["Wild Strike","Hemokinesis"],"picked":"Flame Barrier+1","floor":35},{"not_picked":["Master of Strategy","Swift Strike"],"picked":"Trip","floor":37},{"not_picked":["Trip","Finesse"],"picked":"Panacea","floor":37},{"not_picked":["Discovery","Dramatic Entrance"],"picked":"Bandage Up","floor":37},{"not_picked":["Armaments","True Grit"],"picked":"Flex+1","floor":39}],"player_experience":209460,"relics_obtained":[{"floor":7,"key":"Art of War"},{"floor":9,"key":"Mummified Hand"},{"floor":26,"key":"Ornamental Fan"}],"event_choices":[{"damage_healed":0,"gold_gain":0,"player_choice":"Success","damage_taken":18,"relics_obtained":["StoneCalendar"],"max_hp_gain":0,"max_hp_loss":0,"event_name":"Scrap Ooze","floor":3,"gold_loss":0},{"damage_healed":18,"gold_gain":0,"player_choice":"Healed","damage_taken":0,"max_hp_gain":0,"max_hp_loss":0,"event_name":"The Cleric","floor":6,"gold_loss":35},{"damage_healed":0,"gold_gain":0,"player_choice":"Opened","damage_taken":0,"relics_obtained":["Mango"],"max_hp_gain":0,"max_hp_loss":0,"event_name":"The Mausoleum","floor":19,"gold_loss":0},{"damage_healed":0,"gold_gain":0,"player_choice":"Simplicity","damage_taken":0,"max_hp_gain":0,"max_hp_loss":0,"event_name":"Back to Basics","floor":20,"gold_loss":0,"cards_upgraded":["Strike_R","Strike_R","Strike_R","Strike_R","Strike_R","Defend_R","Defend_R","Defend_R","Defend_R"]},{"damage_healed":0,"gold_gain":0,"player_choice":"Shed Blood","damage_taken":22,"max_hp_gain":5,"max_hp_loss":0,"event_name":"Forgotten Altar","floor":23,"gold_loss":0},{"damage_healed":0,"gold_gain":0,"player_choice":"Obtain J.A.X.","damage_taken":0,"max_hp_gain":0,"max_hp_loss":0,"event_name":"Drug Dealer","floor":31,"gold_loss":0,"cards_obtained":["J.A.X."]},{"cards_removed":["Evolve"],"damage_healed":0,"gold_gain":0,"player_choice":"Removed Power","damage_taken":0,"max_hp_gain":0,"max_hp_loss":0,"event_name":"Falling","floor":36,"gold_loss":0},{"damage_healed":0,"gold_gain":0,"player_choice":"Memory 3","damage_taken":10,"max_hp_gain":0,"max_hp_loss":0,"event_name":"SensoryStone","floor":37,"gold_loss":0},{"damage_healed":0,"gold_gain":0,"player_choice":"Paid","damage_taken":0,"relics_obtained":["Red Mask"],"max_hp_gain":0,"max_hp_loss":0,"event_name":"Tomb of Lord Red Mask","floor":38,"gold_loss":229}],"is_beta":false,"boss_relics":[{"not_picked":["Runic Dome","Busted Crown"],"picked":"Philosopher\u0027s Stone"},{"not_picked":["Coffee Dripper","Runic Pyramid"],"picked":"Black Blood"}],"items_purged_floors":[],"is_endless":false,"potions_floor_spawned":[1,2,5,13,16,22,24,25,28,35],"killed_by":"Reptomancer","ascension_level":0}