{"gold_per_floor":[110,125,125,50,63,107,107,132,132,207,207],"floor_reached":11,"playtime":450,"items_purged":["Injury"],"score":139,"play_id":"72b741a0-349c-4e68-a4bd-096abea00714","local_time":"20191007215027","is_ascension_mode":true,"campfire_choices":[{"floor":7.0,"key":"REST"}],"neow_cost":"NONE","seed_source_timestamp":777459954933000,"circlet_count":0,"master_deck":["AscendersBane","Strike_G","Strike_G","Strike_G","Strike_G","Strike_G","Defend_G","Defend_G","Defend_G","Defend_G","Defend_G","Survivor","Neutralize","Terror","Blur","Escape Plan","Backflip","Flying Knee"],"special_seed":0,"relics":["Ring of the Snake","Golden Idol","Strawberry","Potion Belt"],"potions_floor_usage":[11],"damage_taken":[{"damage":8.0,"enemies":"Jaw Worm","floor":1.0,"turns":6.0},{"damage":1.0,"enemies":"2 Louse","floor":2.0,"turns":3.0},{"damage":0.0,"enemies":"Small Slimes","floor":5.0,"turns":3.0},{"damage":47.0,"enemies":"Lagavulin","floor":6.0,"turns":10.0},{"damage":16,"enemies":"3 Louse","floor":8,"turns":5},{"damage":25,"enemies":"Gremlin Nob","floor":11,"turns":3}],"seed_played":"-1294834246141392014","potions_obtained":[{"floor":1.0,"key":"Energy Potion"},{"floor":8,"key":"Dexterity Potion"}],"is_trial":false,"path_per_floor":["M","M","?","$","M","E","R","M","T","?","E"],"character_chosen":"THE_SILENT","items_purchased":[],"campfire_rested":1,"item_purchase_floors":[],"current_hp_per_floor":[57,56,56,56,56,16,39,23,23,12,0],"gold":207,"neow_bonus":"TEN_PERCENT_HP_BONUS","is_prod":false,"is_daily":false,"chose_seed":false,"campfire_upgraded":0,"win_rate":0,"timestamp":1570477827,"path_taken":["M","M","?","$","M","E","R","M","T","?","E"],"build_version":"2019-07-17","purchased_purges":1,"victory":false,"max_hp_per_floor":[72,72,72,72,72,79,79,79,79,79,79],"card_choices":[{"not_picked":["Prepared","Deflect"],"picked":"Terror","floor":1.0},{"not_picked":["Flechettes","Catalyst"],"picked":"Blur","floor":2.0},{"not_picked":["Masterful Stab","Acrobatics"],"picked":"Escape Plan","floor":5.0},{"not_picked":["Bane","Masterful Stab"],"picked":"Backflip","floor":6.0},{"not_picked":["Burst","PiercingWail"],"picked":"Flying Knee","floor":8}],"player_experience":436255,"relics_obtained":[{"floor":6.0,"key":"Strawberry"},{"floor":9,"key":"Potion Belt"}],"event_choices":[{"damage_healed":0.0,"max_hp_gain":0.0,"max_hp_loss":0.0,"gold_gain":0.0,"event_name":"Golden Idol","player_choice":"Take Wound","floor":3.0,"gold_loss":0.0,"damage_taken":0.0,"relics_obtained":["Golden Idol"],"cards_obtained":["Injury"]},{"damage_healed":0,"gold_gain":75,"player_choice":"Gather Gold","damage_taken":11,"max_hp_gain":0,"max_hp_loss":0,"event_name":"World of Goop","floor":10,"gold_loss":0}],"is_beta":false,"boss_relics":[],"items_purged_floors":[4],"is_endless":false,"potions_floor_spawned":[1,8],"killed_by":"Gremlin Nob","ascension_level":18}