{"gold_per_floor":[144,189,189,234,234,324,369,414,444,489,489,83,128,173,173,473,473,518,518,518,139,184,274,319,319,344,389,91,136,226,271,271,271],"floor_reached":33,"playtime":2561,"items_purged":["Pain"],"score":318,"play_id":"2a5ba9ac-95eb-44c7-92fe-6a40cd24f752","local_time":"20190914082252","daily_mods":["Heirloom","ControlledChaos","Midas"],"is_ascension_mode":false,"campfire_choices":[{"floor":11,"key":"REST"},{"floor":15,"key":"REST"},{"floor":25,"key":"REST"},{"floor":32,"key":"REST"}],"neow_cost":"","seed_source_timestamp":0,"circlet_count":0,"master_deck":["Strike_B+1","Strike_B","Strike_B","Defend_B","Defend_B","Defend_B+1","Defend_B+1","Zap","Dualcast","Recycle","Conserve Battery","Sweeping Beam+1","Loop","Turbo","Storm","White Noise","Capacitor","Consume","Amplify","Creative AI","Auto Shields","Heatsinks","Self Repair","Loop","Recycle","BootSequence","Go for the Eyes+1","Go for the Eyes+1","Hello World","FTL","Double Energy","Aggregate","Redo+1","Gash+1"],"special_seed":18153,"relics":["Cracked Core","Frozen Eye","Dead Branch","WarpedTongs","Vajra","Tiny Chest","Bottled Lightning","Black Star","War Paint","Gambling Chip","The Courier","Prayer Wheel","Whetstone","Bronze Scales","Oddly Smooth Stone","Strawberry","Frozen Egg 2"],"potions_floor_usage":[8,16,23,24,30,33],"damage_taken":[{"damage":0,"enemies":"Cultist","floor":1,"turns":3},{"damage":1,"enemies":"2 Louse","floor":2,"turns":3},{"damage":1,"enemies":"Jaw Worm","floor":4,"turns":3},{"damage":28,"enemies":"Gremlin Nob","floor":6,"turns":4},{"damage":11,"enemies":"Red Slaver","floor":7,"turns":4},{"damage":11,"enemies":"2 Fungi Beasts","floor":8,"turns":4},{"damage":15,"enemies":"Exordium Thugs","floor":10,"turns":4},{"damage":7,"enemies":"Looter","floor":13,"turns":3},{"damage":0,"enemies":"3 Louse","floor":14,"turns":3},{"damage":25,"enemies":"Hexaghost","floor":16,"turns":6},{"damage":10,"enemies":"Chosen","floor":18,"turns":4},{"damage":30,"enemies":"2 Thieves","floor":22,"turns":4},{"damage":14,"enemies":"Book of Stabbing","floor":23,"turns":6},{"damage":0,"enemies":"Snecko","floor":24,"turns":4},{"damage":0,"enemies":"Snake Plant","floor":27,"turns":2},{"damage":7,"enemies":"3 Cultists","floor":29,"turns":4},{"damage":24,"enemies":"Gremlin Leader","floor":30,"turns":6},{"damage":9,"enemies":"Centurion and Healer","floor":31,"turns":5},{"damage":79,"enemies":"Collector","floor":33,"turns":6}],"seed_played":"-580646412001775198","potions_obtained":[{"floor":4,"key":"EssenceOfSteel"},{"floor":8,"key":"SteroidPotion"},{"floor":13,"key":"Regen Potion"},{"floor":14,"key":"FearPotion"},{"floor":22,"key":"GamblersBrew"},{"floor":23,"key":"Energy Potion"},{"floor":24,"key":"Block Potion"},{"floor":31,"key":"Poison Potion"}],"is_trial":false,"path_per_floor":["M","M","?","M","?","E","M","M","T","M","R","$","M","M","R","B",null,"M","?","T","$","M","E","M","R","T","M","$","M","E","M","R","B"],"character_chosen":"DEFECT","items_purchased":["Bottled Lightning","Capacitor","Heatsinks","Gambling Chip","Bronze Scales","Oddly Smooth Stone","Hello World"],"campfire_rested":4,"item_purchase_floors":[12,12,21,21,28,28,28],"current_hp_per_floor":[75,74,67,66,66,38,27,16,16,1,23,23,16,16,38,28,75,65,51,51,51,21,14,28,52,52,59,59,59,49,47,73,0],"gold":271,"neow_bonus":"","is_prod":false,"is_daily":true,"chose_seed":false,"campfire_upgraded":0,"win_rate":0,"timestamp":1568442172,"path_taken":["M","?","?","M","?","E","M","?","T","M","R","$","M","M","R","BOSS","M","?","?","$","M","E","M","R","T","M","$","?","E","M","R","BOSS"],"build_version":"2019-07-17","purchased_purges":1,"victory":false,"max_hp_per_floor":[75,75,75,75,75,75,75,75,75,75,75,75,75,75,75,75,75,75,80,80,80,80,80,80,80,80,80,80,80,87,87,87,87],"card_choices":[{"not_picked":["Rebound","Hologram"],"picked":"Recycle","floor":1},{"not_picked":["Leap","Go for the Eyes"],"picked":"Conserve Battery","floor":2},{"not_picked":["Ball Lightning","Thunder Strike"],"picked":"Sweeping Beam","floor":4},{"not_picked":["Blizzard","Streamline"],"picked":"Loop","floor":6},{"not_picked":["Conserve Battery","Go for the Eyes"],"picked":"Turbo","floor":7},{"not_picked":["Sweeping Beam","Glacier"],"picked":"Storm","floor":8},{"not_picked":["Rebound","Chill"],"picked":"White Noise","floor":10},{"not_picked":["Compile Driver","Turbo"],"picked":"Consume","floor":13},{"not_picked":["Leap","Steam"],"picked":"Amplify","floor":14},{"not_picked":["Hyperbeam","Thunder Strike"],"picked":"Creative AI","floor":16},{"not_picked":["Scrape","Gash"],"picked":"Auto Shields","floor":18},{"not_picked":["Streamline","Rip and Tear"],"picked":"Self Repair","floor":22},{"not_picked":["Cold Snap","Redo"],"picked":"Loop","floor":23},{"not_picked":["Go for the Eyes","Coolheaded+1"],"picked":"Recycle","floor":24},{"not_picked":["Genetic Algorithm","Rebound"],"picked":"BootSequence","floor":24},{"not_picked":["Coolheaded","Glacier+1"],"picked":"Go for the Eyes+1","floor":27},{"not_picked":["Steam","Barrage"],"picked":"Go for the Eyes+1","floor":27},{"not_picked":["Tempest","Streamline"],"picked":"FTL","floor":29},{"not_picked":["Conserve Battery","Sweeping Beam"],"picked":"Double Energy","floor":29},{"not_picked":["Creative AI","Turbo+1"],"picked":"Aggregate","floor":30},{"not_picked":["Cold Snap","Undo"],"picked":"Redo+1","floor":31},{"not_picked":["Redo","Conserve Battery"],"picked":"Gash+1","floor":31}],"player_experience":179478,"relics_obtained":[{"floor":6,"key":"Vajra"},{"floor":9,"key":"Tiny Chest"},{"floor":20,"key":"War Paint"},{"floor":23,"key":"The Courier"},{"floor":23,"key":"Prayer Wheel"},{"floor":26,"key":"Whetstone"},{"floor":30,"key":"Strawberry"},{"floor":30,"key":"Frozen Egg 2"}],"event_choices":[{"cards_removed":["Strike_B"],"damage_healed":0,"gold_gain":0,"player_choice":"Card Removal","damage_taken":7,"max_hp_gain":0,"max_hp_loss":0,"event_name":"Golden Wing","floor":3,"gold_loss":0},{"damage_healed":0,"gold_gain":0,"player_choice":"Rummage","damage_taken":0,"relics_obtained":["WarpedTongs"],"max_hp_gain":0,"max_hp_loss":0,"event_name":"Accursed Blacksmith","floor":5,"gold_loss":0,"cards_obtained":["Pain"]},{"damage_healed":0,"gold_gain":0,"player_choice":"Shed Blood","damage_taken":19,"max_hp_gain":5,"max_hp_loss":0,"event_name":"Forgotten Altar","floor":19,"gold_loss":0}],"is_beta":false,"boss_relics":[{"not_picked":["Astrolabe","Calling Bell"],"picked":"Black Star"}],"items_purged_floors":[12],"is_endless":false,"potions_floor_spawned":[4,8,13,14,22,23,24,31],"killed_by":"Collector","ascension_level":0}