{"gold_per_floor":[116,136,155,168,168,228,228,259,259,259,325,450,475,495,495,495],"floor_reached":16,"playtime":866,"items_purged":[],"score":214,"play_id":"e5cb10d6-55ec-48c1-a01b-e26be82b7c1c","local_time":"20190930070120","is_ascension_mode":true,"campfire_choices":[{"floor":7.0,"key":"REST"},{"floor":10.0,"key":"REST"},{"floor":15,"key":"REST"}],"neow_cost":"NONE","seed_source_timestamp":119059457120400,"circlet_count":0,"master_deck":["AscendersBane","Strike_G","Strike_G","Strike_G","Strike_G","Strike_G","Defend_G","Defend_G","Defend_G","Defend_G","Defend_G","Survivor","Neutralize","Backflip","Dagger Spray","Terror","Cloak And Dagger","Adrenaline","Predator","Deflect","Heel Hook","Caltrops","Dodge and Roll","Slice"],"special_seed":0,"relics":["Ring of the Snake","SsserpentHead","Tiny Chest","Dream Catcher","Pantograph","Bird Faced Urn"],"potions_floor_usage":[14],"damage_taken":[{"damage":0.0,"enemies":"Jaw Worm","floor":1.0,"turns":5.0},{"damage":1.0,"enemies":"Cultist","floor":2.0,"turns":4.0},{"damage":0.0,"enemies":"2 Louse","floor":3.0,"turns":3.0},{"damage":10.0,"enemies":"Large Slime","floor":4.0,"turns":6.0},{"damage":30.0,"enemies":"Gremlin Nob","floor":6.0,"turns":5.0},{"damage":31.0,"enemies":"3 Sentries","floor":8.0,"turns":15.0},{"damage":5.0,"enemies":"Lots of Slimes","floor":11.0,"turns":4.0},{"damage":10,"enemies":"Gremlin Nob","floor":13,"turns":3},{"damage":0,"enemies":"2 Fungi Beasts","floor":14,"turns":3},{"damage":64,"enemies":"Slime Boss","floor":16,"turns":7}],"seed_played":"4137633760760102371","potions_obtained":[{"floor":1.0,"key":"Explosive Potion"},{"floor":2.0,"key":"SpeedPotion"},{"floor":13,"key":"Energy Potion"}],"is_trial":false,"path_per_floor":["M","M","M","M","?","E","R","E","T","R","M","?","E","M","R","B"],"character_chosen":"THE_SILENT","items_purchased":[],"campfire_rested":3,"item_purchase_floors":[],"current_hp_per_floor":[65,64,64,54,54,24,45,14,14,35,30,19,9,9,30,0],"gold":495,"neow_bonus":"TEN_PERCENT_HP_BONUS","is_prod":false,"is_daily":false,"chose_seed":false,"campfire_upgraded":0,"win_rate":0,"timestamp":1569819680,"path_taken":["M","M","M","M","?","E","R","E","T","R","?","?","E","M","R","BOSS"],"build_version":"2019-07-17","purchased_purges":0,"victory":false,"max_hp_per_floor":[72,72,72,72,72,72,72,72,72,72,72,72,72,72,72,72],"card_choices":[{"not_picked":["Riddle With Holes","Heel Hook"],"picked":"Backflip","floor":1.0},{"not_picked":["Calculated Gamble","Setup"],"picked":"Dagger Spray","floor":2.0},{"not_picked":["Backflip","Outmaneuver"],"picked":"Terror","floor":3.0},{"not_picked":["Concentrate","Escape Plan"],"picked":"Cloak And Dagger","floor":4.0},{"not_picked":["Prepared","Dodge and Roll"],"picked":"Adrenaline","floor":6.0},{"not_picked":["Cloak And Dagger","Outmaneuver"],"picked":"Predator","floor":8.0},{"not_picked":["Sucker Punch","Backstab"],"picked":"Deflect","floor":10.0},{"not_picked":["Outmaneuver","Tactician"],"picked":"Heel Hook","floor":11.0},{"not_picked":["Predator","Acrobatics"],"picked":"Caltrops","floor":13},{"not_picked":["Blade Dance","Tactician"],"picked":"Dodge and Roll","floor":14},{"not_picked":["Predator","Dash"],"picked":"Slice","floor":15}],"player_experience":389315,"relics_obtained":[{"floor":6.0,"key":"Tiny Chest"},{"floor":8.0,"key":"Dream Catcher"},{"floor":9.0,"key":"Pantograph"},{"floor":13,"key":"Bird Faced Urn"}],"event_choices":[{"damage_healed":0.0,"max_hp_gain":0.0,"max_hp_loss":0.0,"gold_gain":0.0,"event_name":"FaceTrader","player_choice":"Trade","floor":5.0,"gold_loss":0.0,"damage_taken":0.0,"relics_obtained":["SsserpentHead"]},{"damage_healed":0.0,"max_hp_gain":0.0,"max_hp_loss":0.0,"gold_gain":75.0,"event_name":"World of Goop","player_choice":"Gather Gold","floor":12.0,"gold_loss":0.0,"damage_taken":11.0}],"is_beta":false,"boss_relics":[],"items_purged_floors":[],"is_endless":false,"potions_floor_spawned":[1,2,13],"killed_by":"Slime Boss","ascension_level":15}