{"gold_per_floor":[113,8,26,26,41,41,66,66,90,108,128,128,28,41,41,41],"floor_reached":16,"playtime":567,"items_purged":["Pain","Decay"],"score":199,"play_id":"148fe3ee-9358-4b7f-927a-a967fb7f4bab","local_time":"20191002194934","is_ascension_mode":true,"campfire_choices":[{"data":"Genetic Algorithm","floor":6,"key":"SMITH"},{"floor":15,"key":"REST"}],"neow_cost":"CURSE","seed_source_timestamp":338232669175400,"circlet_count":0,"master_deck":["AscendersBane","Strike_B","Strike_B","Strike_B","Strike_B","Defend_B","Defend_B","Defend_B","Defend_B","Zap+1","Dualcast+1","Core Surge","Cold Snap","Coolheaded","Genetic Algorithm+1","Streamline","Reinforced Body","Chill","Creative AI","Injury","Ball Lightning"],"special_seed":0,"relics":["Cracked Core","War Paint","Regal Pillow","Golden Idol"],"potions_floor_usage":[7],"damage_taken":[{"damage":3.0,"enemies":"2 Louse","floor":1.0,"turns":3.0},{"damage":0.0,"enemies":"Cultist","floor":3.0,"turns":3.0},{"damage":12,"enemies":"Small Slimes","floor":5,"turns":3},{"damage":23,"enemies":"Gremlin Nob","floor":7,"turns":4},{"damage":4,"enemies":"Looter","floor":10,"turns":3},{"damage":5,"enemies":"Exordium Wildlife","floor":11,"turns":3},{"damage":14,"enemies":"Exordium Thugs","floor":14,"turns":4},{"damage":52,"enemies":"Hexaghost","floor":16,"turns":9}],"seed_played":"306625250259535402","potions_obtained":[{"floor":3.0,"key":"GamblersBrew"},{"floor":8,"key":"FairyPotion"},{"floor":8,"key":"SneckoOil"},{"floor":10,"key":"SteroidPotion"}],"is_trial":false,"path_per_floor":["M","$","M","?","M","R","E","?","T","M","M","?","$","M","R","B"],"character_chosen":"DEFECT","items_purchased":["Coolheaded"],"campfire_rested":1,"item_purchase_floors":[2],"current_hp_per_floor":[61,61,61,61,49,49,26,26,26,22,17,17,17,3,39,0],"gold":41,"neow_bonus":"THREE_RARE_CARDS","is_prod":false,"is_daily":false,"chose_seed":false,"campfire_upgraded":1,"win_rate":0,"timestamp":1570038574,"path_taken":["M","$","M","?","?","R","E","?","T","M","?","?","$","M","R","BOSS"],"build_version":"2019-07-17","purchased_purges":2,"victory":false,"max_hp_per_floor":[71,71,71,71,71,71,71,71,71,71,71,71,71,71,71,71],"card_choices":[{"not_picked":["Hyperbeam","Machine Learning"],"picked":"Core Surge","floor":0.0},{"not_picked":["Go for the Eyes","Hologram"],"picked":"Cold Snap","floor":1.0},{"not_picked":["Gash","Lockon"],"picked":"Genetic Algorithm","floor":3.0},{"not_picked":["Cold Snap","Rebound"],"picked":"Streamline","floor":5},{"not_picked":["Fusion","Scrape"],"picked":"Reinforced Body","floor":7},{"not_picked":["Conserve Battery","Gash"],"picked":"Chill","floor":10},{"not_picked":["Rip and Tear","Steam"],"picked":"Creative AI","floor":11},{"not_picked":["Compile Driver","Redo"],"picked":"Ball Lightning","floor":14}],"player_experience":405249,"relics_obtained":[{"floor":7,"key":"War Paint"},{"floor":9,"key":"Regal Pillow"}],"event_choices":[{"damage_healed":0.0,"max_hp_gain":0.0,"max_hp_loss":0.0,"gold_gain":0.0,"event_name":"Wheel of Change","player_choice":"Cursed","floor":4.0,"gold_loss":0.0,"damage_taken":0.0,"cards_obtained":["Decay"]},{"damage_healed":0,"gold_gain":0,"player_choice":"Got Potions","damage_taken":0,"max_hp_gain":0,"max_hp_loss":0,"event_name":"Lab","floor":8,"gold_loss":0},{"damage_healed":0,"gold_gain":0,"player_choice":"Take Wound","damage_taken":0,"relics_obtained":["Golden Idol"],"max_hp_gain":0,"max_hp_loss":0,"event_name":"Golden Idol","floor":12,"gold_loss":0,"cards_obtained":["Injury"]}],"is_beta":false,"boss_relics":[],"items_purged_floors":[2,13],"is_endless":false,"potions_floor_spawned":[3,10,11],"killed_by":"Hexaghost","ascension_level":19}