{"gold_per_floor":[119,131,131,143,143,168,168,195,221,221,255,255,324,334,334,409,409,420,433,79,106,123,123],"floor_reached":23,"playtime":1175,"items_purged":[],"score":345,"play_id":"528f1552-8d99-47a7-87b2-019147807a44","local_time":"20190928074737","is_ascension_mode":true,"campfire_choices":[{"data":"Madness","floor":7.0,"key":"SMITH"},{"floor":10.0,"key":"REST"},{"floor":15.0,"key":"REST"}],"neow_cost":"NONE","seed_source_timestamp":4020339251109300,"circlet_count":0,"master_deck":["AscendersBane","Strike_G","Strike_G","Strike_G","Strike_G","Strike_G","Defend_G","Defend_G","Defend_G","Defend_G+1","Defend_G+1","Survivor","Neutralize","Panacea","Noxious Fumes+1","Cloak And Dagger","Madness+1","Heel Hook","Neutralize","Bane","Dagger Spray","After Image","Underhanded Strike","Blade Dance","Poisoned Stab","Dodge and Roll","Corpse Explosion","Poisoned Stab+1","PiercingWail","Backstab","Backstab","Flying Knee"],"special_seed":0,"relics":["Ring of the Snake","Dream Catcher","War Paint","Boot","Gremlin Horn","Cursed Key","Darkstone Periapt","Red Mask"],"potions_floor_usage":[23],"damage_taken":[{"damage":2.0,"enemies":"Small Slimes","floor":1.0,"turns":4.0},{"damage":0.0,"enemies":"Cultist","floor":2.0,"turns":3.0},{"damage":1.0,"enemies":"2 Louse","floor":4.0,"turns":5.0},{"damage":9.0,"enemies":"3 Sentries","floor":6.0,"turns":7.0},{"damage":28.0,"enemies":"Gremlin Nob","floor":8.0,"turns":5.0},{"damage":3.0,"enemies":"Lagavulin","floor":11.0,"turns":7.0},{"damage":6.0,"enemies":"Exordium Thugs","floor":14.0,"turns":6.0},{"damage":39.0,"enemies":"The Guardian","floor":16.0,"turns":11.0},{"damage":24.0,"enemies":"2 Thieves","floor":18.0,"turns":4.0},{"damage":19.0,"enemies":"Shell Parasite","floor":19.0,"turns":5.0},{"damage":7.0,"enemies":"Masked Bandits","floor":21.0,"turns":4.0},{"damage":1.0,"enemies":"Snecko","floor":22.0,"turns":4.0},{"damage":12,"enemies":"Gremlin Leader","floor":23,"turns":1}],"seed_played":"-1482961644122313067","potions_obtained":[{"floor":1.0,"key":"AttackPotion"},{"floor":4.0,"key":"Swift Potion"},{"floor":18.0,"key":"Strength Potion"},{"floor":21.0,"key":"Strength Potion"}],"is_trial":false,"path_per_floor":["M","M","?","M","?","E","R","E","T","R","E","?","?","M","R","B",null,"M","M","$","?","M","E"],"character_chosen":"THE_SILENT","items_purchased":["GhostInAJar","Darkstone Periapt","Backstab"],"campfire_rested":2,"item_purchase_floors":[20,20,20],"current_hp_per_floor":[61,61,61,60,60,51,51,23,23,44,41,46,46,40,62,23,62,38,19,19,12,11,0],"gold":123,"neow_bonus":"RANDOM_COLORLESS","is_prod":false,"is_daily":false,"chose_seed":false,"campfire_upgraded":1,"win_rate":0,"timestamp":1569649657,"path_taken":["M","M","?","?","?","E","R","E","T","R","E","?","?","M","R","BOSS","M","M","$","?","M","E"],"build_version":"2019-07-17","purchased_purges":0,"victory":false,"max_hp_per_floor":[70,70,70,70,70,70,70,70,70,70,70,75,75,75,75,75,75,75,75,75,75,75,75],"card_choices":[{"not_picked":["Bane","Dodge and Roll"],"picked":"Noxious Fumes","floor":1.0},{"not_picked":["Prepared","Sucker Punch"],"picked":"Cloak And Dagger","floor":2.0},{"not_picked":["Dagger Throw","Concentrate"],"picked":"Bane","floor":4.0},{"not_picked":["Phantasmal Killer","Acrobatics"],"picked":"Dagger Spray","floor":6.0},{"not_picked":["Poisoned Stab","Predator"],"picked":"After Image","floor":8.0},{"not_picked":["Prepared","Predator"],"picked":"Underhanded Strike","floor":10.0},{"not_picked":["Terror","Underhanded Strike"],"picked":"Blade Dance","floor":11.0},{"not_picked":["Underhanded Strike","Prepared"],"picked":"Poisoned Stab","floor":14.0},{"not_picked":["Burst","Poisoned Stab"],"picked":"Dodge and Roll","floor":15.0},{"not_picked":["Die Die Die","After Image"],"picked":"Corpse Explosion","floor":16.0},{"not_picked":["Predator","Acrobatics+1"],"picked":"Poisoned Stab+1","floor":18.0},{"not_picked":["Dagger Spray+1","Sucker Punch"],"picked":"PiercingWail","floor":19.0},{"not_picked":["Calculated Gamble","Sucker Punch"],"picked":"Backstab","floor":21.0},{"not_picked":["Outmaneuver","Setup"],"picked":"Flying Knee","floor":22.0}],"player_experience":364812,"relics_obtained":[{"floor":6.0,"key":"Dream Catcher"},{"floor":8.0,"key":"War Paint"},{"floor":9.0,"key":"Boot"},{"floor":11.0,"key":"Gremlin Horn"},{"floor":21.0,"key":"Red Mask"}],"event_choices":[{"damage_healed":0.0,"max_hp_gain":0.0,"max_hp_loss":0.0,"gold_gain":0.0,"event_name":"Match and Keep!","player_choice":"3 cards matched","floor":3.0,"gold_loss":0.0,"damage_taken":0.0,"cards_obtained":["Madness","Heel Hook","Neutralize"]},{"damage_healed":0.0,"max_hp_gain":0.0,"max_hp_loss":0.0,"gold_gain":0.0,"event_name":"Living Wall","player_choice":"Grow","floor":5.0,"gold_loss":0.0,"damage_taken":0.0,"cards_upgraded":["Noxious Fumes"]},{"damage_healed":0.0,"max_hp_gain":5.0,"max_hp_loss":0.0,"gold_gain":0.0,"event_name":"Big Fish","player_choice":"Donut","floor":12.0,"gold_loss":0.0,"damage_taken":0.0},{"damage_healed":0.0,"max_hp_gain":0.0,"max_hp_loss":0.0,"gold_gain":69.0,"event_name":"Golden Wing","player_choice":"Gained Gold","floor":13.0,"gold_loss":0.0,"damage_taken":0.0},{"damage_healed":0.0,"max_hp_gain":0.0,"max_hp_loss":0.0,"gold_gain":0.0,"event_name":"Masked Bandits","player_choice":"Fought Bandits","floor":21.0,"gold_loss":0.0,"damage_taken":0.0}],"is_beta":false,"boss_relics":[{"not_picked":["Black Star","WristBlade"],"picked":"Cursed Key"}],"items_purged_floors":[],"is_endless":false,"potions_floor_spawned":[1,4,18,21],"killed_by":"Gremlin Leader","ascension_level":13}