{"gold_per_floor":[117,117,134,151,166,198,198,230,230,230,248,248,2,16,16,93,93,112,27,27,77,91,91,91],"floor_reached":24,"playtime":1242,"items_purged":["Strike_B"],"score":412,"play_id":"393b0bb4-d033-48aa-9efa-3acb1dc0a04b","local_time":"20191008054934","is_ascension_mode":true,"campfire_choices":[{"floor":7.0,"key":"REST"},{"data":"Zap","floor":12.0,"key":"SMITH"},{"floor":15.0,"key":"REST"},{"data":"Creative AI","floor":23.0,"key":"SMITH"}],"neow_cost":"NONE","seed_source_timestamp":805535759815700,"circlet_count":0,"master_deck":["AscendersBane","Strike_B+1","Strike_B+1","Defend_B+1","Defend_B+1","Defend_B+1","Defend_B+1","Zap+1","Dualcast+1","Conserve Battery","Gash","Stack","Coolheaded","Gash+1","Steam","Hologram","Steam","Sunder+1","Creative AI+1","Hello World","Beam Cell+1"],"special_seed":0,"relics":["Cracked Core","Molten Egg 2","Bag of Preparation","Centennial Puzzle","Dream Catcher","Busted Crown","Matryoshka"],"potions_floor_usage":[],"damage_taken":[{"damage":0.0,"enemies":"2 Louse","floor":1.0,"turns":1.0},{"damage":4.0,"enemies":"Small Slimes","floor":3.0,"turns":3.0},{"damage":2.0,"enemies":"Jaw Worm","floor":4.0,"turns":3.0},{"damage":4.0,"enemies":"Looter","floor":5.0,"turns":4.0},{"damage":28.0,"enemies":"3 Sentries","floor":6.0,"turns":13.0},{"damage":17.0,"enemies":"Lagavulin","floor":8.0,"turns":7.0},{"damage":0.0,"enemies":"Exordium Wildlife","floor":11.0,"turns":3.0},{"damage":1.0,"enemies":"Red Slaver","floor":14.0,"turns":3.0},{"damage":16.0,"enemies":"The Guardian","floor":16.0,"turns":13.0},{"damage":12.0,"enemies":"3 Byrds","floor":18.0,"turns":4.0},{"damage":6.0,"enemies":"Shell Parasite","floor":22.0,"turns":7.0},{"damage":63,"enemies":"Gremlin Leader","floor":24,"turns":7}],"seed_played":"-5017155889739801082","potions_obtained":[{"floor":5.0,"key":"Dexterity Potion"},{"floor":6.0,"key":"Poison Potion"},{"floor":11.0,"key":"FearPotion"}],"is_trial":false,"path_per_floor":["M","?","M","M","M","E","R","E","T","?","M","R","$","M","R","B",null,"M","?","?","?","M","R","E"],"character_chosen":"DEFECT","items_purchased":["Dream Catcher"],"campfire_rested":2,"item_purchase_floors":[13],"current_hp_per_floor":[71,48,44,42,38,10,33,16,16,16,16,16,16,15,38,22,64,52,52,52,52,46,46,0],"gold":91,"neow_bonus":"TEN_PERCENT_HP_BONUS","is_prod":false,"is_daily":false,"chose_seed":false,"campfire_upgraded":2,"win_rate":0,"timestamp":1570506574,"path_taken":["M","?","M","M","M","E","R","E","T","?","M","R","$","M","R","BOSS","M","?","?","?","M","R","E"],"build_version":"2019-07-17","purchased_purges":1,"victory":false,"max_hp_per_floor":[78,78,78,78,78,78,78,78,78,78,78,78,78,78,78,78,78,78,78,78,78,78,78,78],"card_choices":[{"not_picked":["Barrage","Ball Lightning"],"picked":"Conserve Battery","floor":1.0},{"not_picked":["Go for the Eyes","Turbo"],"picked":"Gash","floor":3.0},{"not_picked":["Streamline","Sweeping Beam"],"picked":"Stack","floor":4.0},{"not_picked":["Go for the Eyes","Melter"],"picked":"Coolheaded","floor":5.0},{"not_picked":["Hello World","Fission"],"picked":"Gash","floor":6.0},{"not_picked":["Rip and Tear+1","Beam Cell+1"],"picked":"Steam","floor":8.0},{"not_picked":["Steam","Ball Lightning+1"],"picked":"Hologram","floor":11.0},{"not_picked":["Doom and Gloom+1","Darkness"],"picked":"Steam","floor":14.0},{"not_picked":["Core Surge+1","Skim"],"picked":"Sunder+1","floor":15.0},{"not_picked":["Rainbow","Biased Cognition"],"picked":"Creative AI","floor":16.0},{"not_picked":[],"picked":"Hello World","floor":18.0},{"not_picked":[],"picked":"Beam Cell+1","floor":22.0}],"player_experience":437271,"relics_obtained":[{"floor":6.0,"key":"Molten Egg 2"},{"floor":8.0,"key":"Bag of Preparation"},{"floor":9.0,"key":"Centennial Puzzle"}],"event_choices":[{"damage_healed":0.0,"max_hp_gain":0.0,"max_hp_loss":0.0,"gold_gain":0.0,"event_name":"Shining Light","player_choice":"Entered Light","floor":2.0,"gold_loss":0.0,"damage_taken":23.0,"cards_upgraded":["Defend_B","Dualcast"]},{"cards_removed":["Strike_B"],"damage_healed":0.0,"max_hp_gain":0.0,"max_hp_loss":0.0,"gold_gain":0.0,"event_name":"Living Wall","player_choice":"Forget","floor":10.0,"gold_loss":0.0,"damage_taken":0.0},{"damage_healed":0.0,"max_hp_gain":0.0,"max_hp_loss":0.0,"gold_gain":0.0,"event_name":"Addict","player_choice":"Obtained Relic","floor":19.0,"gold_loss":85.0,"damage_taken":0.0,"relics_obtained":["Matryoshka"]},{"damage_healed":0.0,"max_hp_gain":0.0,"max_hp_loss":0.0,"gold_gain":0.0,"event_name":"Back to Basics","player_choice":"Simplicity","floor":20.0,"gold_loss":0.0,"damage_taken":0.0,"cards_upgraded":["Strike_B","Strike_B","Defend_B","Defend_B","Defend_B"]},{"damage_healed":0.0,"max_hp_gain":0.0,"max_hp_loss":0.0,"gold_gain":50.0,"event_name":"Nest","player_choice":"Stole From Cult","floor":21.0,"gold_loss":0.0,"damage_taken":0.0}],"is_beta":false,"boss_relics":[{"not_picked":["Calling Bell","White Beast Statue"],"picked":"Busted Crown"}],"items_purged_floors":[13],"is_endless":false,"potions_floor_spawned":[5,6,11],"killed_by":"Gremlin Leader","ascension_level":20}