{"gold_per_floor":[11,11,23,23,42,67,67,81,81,101,101,26,51,51,51,123,123,141,158,173,201,251,251,278,278,278,192,204,204,204,531,531,608,608,621,621,241,251,251,280,280,296,347,358,392,412,412,35,35,35],"floor_reached":51,"playtime":4065,"items_purged":["Strike_B"],"score":1418,"play_id":"05ba838a-f97f-42a6-a8f3-2c15b5f2ec4e","local_time":"20191001073023","is_ascension_mode":true,"campfire_choices":[{"data":"Hello World","floor":15.0,"key":"SMITH"},{"floor":23.0,"key":"REST"},{"floor":25.0,"key":"RECALL"},{"floor":30.0,"key":"REST"},{"floor":32.0,"key":"REST"},{"floor":47.0,"key":"REST"},{"floor":49.0,"key":"REST"}],"neow_cost":"NO_GOLD","seed_source_timestamp":203644823330600,"circlet_count":0,"master_deck":["AscendersBane","Defend_B","Defend_B","Defend_B","Zap","Dualcast","Dramatic Entrance","Forethought","Self Repair+1","BootSequence","Heatsinks","Reboot","Barrage","Amplify","Zap","Glacier","Hello World+1","Coolheaded","Double Energy","Rainbow","Chill","Cold Snap+1","Leap+1","Stack","Gash","Defragment","White Noise","Redo","Beam Cell","Blizzard","Echo Form","Loop","Good Instincts","Capacitor","Amplify","Turbo+1","Loop","Compile Driver","White Noise+1","White Noise","Echo Form"],"special_seed":0,"relics":["Cracked Core","Bag of Preparation","Turnip","Symbiotic Virus","Meat on the Bone","Fusion Hammer","Red Mask","Bird Faced Urn","Boot","Old Coin","Lizard Tail","Happy Flower","Regal Pillow","Question Card","TheAbacus"],"potions_floor_usage":[50],"damage_taken":[{"damage":5.0,"enemies":"Small Slimes","floor":1.0,"turns":2.0},{"damage":2.0,"enemies":"Cultist","floor":3.0,"turns":4.0},{"damage":0.0,"enemies":"2 Louse","floor":5.0,"turns":2.0},{"damage":31.0,"enemies":"Gremlin Nob","floor":6.0,"turns":4.0},{"damage":26.0,"enemies":"Exordium Thugs","floor":8.0,"turns":5.0},{"damage":16.0,"enemies":"2 Fungi Beasts","floor":10.0,"turns":3.0},{"damage":19.0,"enemies":"3 Sentries","floor":13.0,"turns":8.0},{"damage":13.0,"enemies":"Hexaghost","floor":16.0,"turns":8.0},{"damage":7.0,"enemies":"3 Byrds","floor":18.0,"turns":5.0},{"damage":4.0,"enemies":"Shell Parasite","floor":19.0,"turns":5.0},{"damage":19.0,"enemies":"Snecko","floor":20.0,"turns":9.0},{"damage":13.0,"enemies":"Masked Bandits","floor":21.0,"turns":4.0},{"damage":0.0,"enemies":"Slavers","floor":24.0,"turns":8.0},{"damage":23.0,"enemies":"Cultist and Chosen","floor":28.0,"turns":6.0},{"damage":15.0,"enemies":"Book of Stabbing","floor":31.0,"turns":7.0},{"damage":54.0,"enemies":"Automaton","floor":33.0,"turns":10.0},{"damage":13.0,"enemies":"Orb Walker","floor":35.0,"turns":5.0},{"damage":1.0,"enemies":"3 Shapes","floor":38.0,"turns":7.0},{"damage":84.0,"enemies":"Nemesis","floor":40.0,"turns":9.0},{"damage":13.0,"enemies":"Jaw Worm Horde","floor":42.0,"turns":8.0},{"damage":44.0,"enemies":"Sphere and 2 Shapes","floor":44.0,"turns":7.0},{"damage":66.0,"enemies":"Giant Head","floor":45.0,"turns":10.0},{"damage":8.0,"enemies":"4 Shapes","floor":46.0,"turns":8.0},{"damage":84,"enemies":"Time Eater","floor":50,"turns":11}],"seed_played":"-2807717509355764696","potions_obtained":[{"floor":5.0,"key":"Poison Potion"},{"floor":13.0,"key":"Strength Potion"},{"floor":16.0,"key":"SkillPotion"},{"floor":18.0,"key":"Strength Potion"},{"floor":24.0,"key":"Ancient Potion"},{"floor":33.0,"key":"FocusPotion"},{"floor":44.0,"key":"Explosive Potion"},{"floor":45.0,"key":"Energy Potion"}],"is_trial":false,"path_per_floor":["M","?","M","?","M","E","?","M","T","M","?","$","E","?","R","B",null,"M","M","M","?","?","R","E","R","T","$","M","?","R","E","R","B",null,"M","?","$","M","?","E","?","M","T","M","E","M","R","$","R","B",null],"character_chosen":"DEFECT","items_purchased":["Defragment","EssenceOfSteel","Good Instincts","Capacitor","Amplify","TheAbacus","Echo Form"],"campfire_rested":5,"item_purchase_floors":[27,37,37,37,37,48,48],"current_hp_per_floor":[59,59,67,56,66,45,45,29,29,33,33,33,34,39,39,48,69,76,76,67,64,64,76,76,76,76,76,67,67,76,76,76,54,71,76,76,76,76,76,28,28,59,59,69,47,73,76,76,76,60],"gold":35,"neow_bonus":"RANDOM_COLORLESS_2","is_prod":false,"is_daily":false,"chose_seed":false,"campfire_upgraded":1,"win_rate":0,"timestamp":1569907823,"path_taken":["M","?","M","?","M","E","?","?","T","M","?","?","E","?","R","BOSS","M","M","M","?","?","R","E","R","T","$","M","?","R","E","R","BOSS","M","?","$","M","?","E","?","M","T","?","E","M","R","$","R","BOSS"],"build_version":"2019-07-17","purchased_purges":1,"victory":true,"max_hp_per_floor":[71,71,71,71,71,71,71,71,71,71,71,71,71,76,76,76,76,76,76,76,76,76,76,76,76,76,76,76,76,76,76,76,76,76,76,76,76,76,76,76,76,76,76,76,76,76,76,76,76,76],"card_choices":[{"not_picked":["Cold Snap","Hologram"],"picked":"Self Repair","floor":1.0},{"not_picked":["Chaos","Chill"],"picked":"BootSequence","floor":3.0},{"not_picked":["Static Discharge","Beam Cell"],"picked":"Heatsinks","floor":5.0},{"not_picked":["Lockon","Self Repair"],"picked":"Reboot","floor":6.0},{"not_picked":["Ball Lightning","Consume"],"picked":"Glacier","floor":8.0},{"not_picked":["Ball Lightning","Go for the Eyes"],"picked":"Hello World","floor":10.0},{"not_picked":["Hello World","Fission"],"picked":"Double Energy","floor":13.0},{"not_picked":["Fission","Meteor Strike"],"picked":"Rainbow","floor":16.0},{"not_picked":["Gash+1","Rip and Tear"],"picked":"Chill","floor":18.0},{"not_picked":["Rebound","Hologram"],"picked":"Cold Snap+1","floor":19.0},{"not_picked":["Fusion","Barrage+1"],"picked":"Leap+1","floor":20.0},{"not_picked":["Cold Snap","Amplify"],"picked":"Stack","floor":21.0},{"not_picked":["Steam","Hyperbeam"],"picked":"Gash","floor":24.0},{"not_picked":["Chaos+1","Tempest"],"picked":"White Noise","floor":28.0},{"not_picked":["Gash","Streamline"],"picked":"Blizzard","floor":31.0},{"not_picked":["Hyperbeam","Amplify"],"picked":"Echo Form","floor":33.0},{"not_picked":["Cold Snap","Genetic Algorithm"],"picked":"Loop","floor":35.0},{"not_picked":["Ball Lightning","Steam"],"picked":"Turbo+1","floor":38.0},{"not_picked":["Cold Snap","Gash+1"],"picked":"Loop","floor":40.0},{"not_picked":["Cold Snap","Turbo"],"picked":"Compile Driver","floor":42.0},{"not_picked":["Darkness","Conserve Battery"],"picked":"White Noise+1","floor":44.0},{"not_picked":["Doom and Gloom","Sweeping Beam","Fission"],"picked":"SKIP","floor":45.0},{"not_picked":["Turbo+1","Steam","Barrage"],"picked":"White Noise","floor":46.0}],"player_experience":393204,"relics_obtained":[{"floor":6.0,"key":"Turnip"},{"floor":9.0,"key":"Symbiotic Virus"},{"floor":13.0,"key":"Meat on the Bone"},{"floor":21.0,"key":"Red Mask"},{"floor":24.0,"key":"Bird Faced Urn"},{"floor":26.0,"key":"Boot"},{"floor":31.0,"key":"Old Coin"},{"floor":40.0,"key":"Happy Flower"},{"floor":43.0,"key":"Regal Pillow"},{"floor":45.0,"key":"Question Card"}],"event_choices":[{"damage_healed":0.0,"max_hp_gain":0.0,"max_hp_loss":0.0,"gold_gain":0.0,"event_name":"Living Wall","player_choice":"Grow","floor":2.0,"gold_loss":0.0,"damage_taken":0.0,"cards_upgraded":["Self Repair"]},{"damage_healed":0.0,"max_hp_gain":0.0,"max_hp_loss":0.0,"gold_gain":0.0,"event_name":"Scrap Ooze","player_choice":"Success","floor":4.0,"gold_loss":0.0,"damage_taken":11.0,"relics_obtained":["Bag of Preparation"]},{"damage_healed":0.0,"max_hp_gain":0.0,"max_hp_loss":0.0,"gold_gain":0.0,"event_name":"Match and Keep!","player_choice":"4 cards matched","floor":7.0,"gold_loss":0.0,"damage_taken":0.0,"cards_obtained":["Melter","Barrage","Amplify","Zap"]},{"damage_healed":0.0,"max_hp_gain":0.0,"max_hp_loss":0.0,"gold_gain":0.0,"cards_transformed":["Strike_B"],"event_name":"Transmorgrifier","player_choice":"Transformed","floor":11.0,"gold_loss":0.0,"damage_taken":0.0,"cards_obtained":["Coolheaded"]},{"damage_healed":0.0,"max_hp_gain":5.0,"max_hp_loss":0.0,"gold_gain":0.0,"event_name":"Big Fish","player_choice":"Donut","floor":14.0,"gold_loss":0.0,"damage_taken":0.0},{"damage_healed":0.0,"max_hp_gain":0.0,"max_hp_loss":0.0,"gold_gain":0.0,"event_name":"Masked Bandits","player_choice":"Fought Bandits","floor":21.0,"gold_loss":0.0,"damage_taken":0.0},{"damage_healed":0.0,"max_hp_gain":0.0,"max_hp_loss":0.0,"gold_gain":50.0,"event_name":"Nest","player_choice":"Stole From Cult","floor":22.0,"gold_loss":0.0,"damage_taken":0.0},{"damage_healed":0.0,"max_hp_gain":0.0,"max_hp_loss":0.0,"gold_gain":0.0,"cards_transformed":["Strike_B","Strike_B"],"event_name":"Drug Dealer","player_choice":"Became Test Subject","floor":29.0,"gold_loss":0.0,"damage_taken":0.0,"cards_obtained":["Redo","Beam Cell"]},{"damage_healed":0.0,"max_hp_gain":0.0,"max_hp_loss":0.0,"gold_gain":0.0,"event_name":"Mysterious Sphere","player_choice":"Ignored","floor":36.0,"gold_loss":0.0,"damage_taken":0.0},{"cards_removed":["Melter"],"damage_healed":0.0,"max_hp_gain":0.0,"max_hp_loss":0.0,"gold_gain":0.0,"event_name":"Falling","player_choice":"Removed Attack","floor":39.0,"gold_loss":0.0,"damage_taken":0.0},{"cards_removed":["Defend_B"],"damage_healed":0.0,"max_hp_gain":0.0,"max_hp_loss":0.0,"gold_gain":0.0,"event_name":"Purifier","player_choice":"Purged","floor":41.0,"gold_loss":0.0,"damage_taken":0.0}],"is_beta":false,"boss_relics":[{"not_picked":["Black Star","Velvet Choker"],"picked":"Fusion Hammer"},{"not_picked":["Astrolabe","Calling Bell"],"picked":"Lizard Tail"}],"items_purged_floors":[12],"is_endless":false,"potions_floor_spawned":[5,13,16,18,20,24,33,38,44,45],"ascension_level":17}