{"gold_per_floor":[147,222,234,250,269,295,295,295,295,34,62,62,77,90,90,90],"floor_reached":16,"playtime":536,"items_purged":[],"score":112,"play_id":"266e46ba-2cd7-40a7-a49b-b77bb82fd51e","local_time":"20190728231230","is_ascension_mode":false,"campfire_choices":[{"floor":7,"key":"REST"},{"floor":12,"key":"RECALL"},{"data":"Rage","floor":15,"key":"SMITH"}],"neow_cost":"NONE","seed_source_timestamp":1027197809492137,"circlet_count":0,"master_deck":["Strike_R","Strike_R","Strike_R","Strike_R","Defend_R","Defend_R","Defend_R","Defend_R","Bash","Rage+1","Cleave","Body Slam","Shrug It Off","Inflame","Corruption","Heavy Blade","Shrug It Off","Wild Strike","Wild Strike","Warcry"],"relics":["Burning Blood","Tiny Chest","Anchor","Meat on the Bone","Prayer Wheel"],"potions_floor_usage":[11,11,16],"damage_taken":[{"damage":9,"enemies":"2 Louse","floor":1,"turns":3},{"damage":7,"enemies":"Jaw Worm","floor":3,"turns":3},{"damage":0,"enemies":"Cultist","floor":4,"turns":3},{"damage":13,"enemies":"3 Louse","floor":5,"turns":2},{"damage":49,"enemies":"Lagavulin","floor":6,"turns":10},{"damage":23,"enemies":"Gremlin Nob","floor":11,"turns":4},{"damage":9,"enemies":"Blue Slaver","floor":13,"turns":3},{"damage":28,"enemies":"Gremlin Gang","floor":14,"turns":4},{"damage":47,"enemies":"The Guardian","floor":16,"turns":4}],"seed_played":"2687647759828812244","potions_obtained":[{"floor":1,"key":"Energy Potion"},{"floor":4,"key":"PowerPotion"},{"floor":11,"key":"Strength Potion"}],"is_trial":false,"path_per_floor":["M","?","M","M","M","E","R","?","T","$","E","R","M","M","R","B"],"character_chosen":"IRONCLAD","items_purchased":["Meat on the Bone"],"campfire_rested":1,"item_purchase_floors":[10],"current_hp_per_floor":[77,66,65,71,64,21,45,45,45,45,40,40,49,39,39,0],"gold":90,"neow_bonus":"RANDOM_COMMON_RELIC","is_prod":false,"is_daily":false,"chose_seed":false,"campfire_upgraded":1,"win_rate":0,"timestamp":1564348350,"path_taken":["M","?","M","M","M","E","R","?","T","$","E","R","?","M","R","BOSS"],"build_version":"2019-07-17","purchased_purges":0,"victory":false,"max_hp_per_floor":[80,80,80,80,80,80,80,80,80,80,80,80,80,80,80,80],"card_choices":[{"not_picked":["Flame Barrier","True Grit"],"picked":"Rage","floor":1},{"not_picked":["Havoc","Reckless Charge"],"picked":"Cleave","floor":3},{"not_picked":["Spot Weakness","Clash"],"picked":"Body Slam","floor":4},{"not_picked":["Pommel Strike","Ghostly Armor"],"picked":"Shrug It Off","floor":5},{"not_picked":["Berserk","Whirlwind"],"picked":"Inflame","floor":6},{"not_picked":["Clothesline","Flame Barrier"],"picked":"Heavy Blade","floor":11},{"not_picked":["Pummel","Clash"],"picked":"Shrug It Off","floor":13},{"not_picked":["Thunderclap","Armaments"],"picked":"Wild Strike","floor":13},{"not_picked":["Clothesline","Pommel Strike"],"picked":"Wild Strike","floor":14},{"not_picked":["Clothesline","Iron Wave"],"picked":"Warcry","floor":14}],"player_experience":126670,"relics_obtained":[{"floor":6,"key":"Anchor"},{"floor":11,"key":"Prayer Wheel"}],"event_choices":[{"damage_healed":0,"gold_gain":75,"player_choice":"Gather Gold","damage_taken":11,"max_hp_gain":0,"max_hp_loss":0,"event_name":"World of Goop","floor":2,"gold_loss":0},{"damage_healed":0,"gold_gain":0,"cards_transformed":["Strike_R"],"player_choice":"Change","damage_taken":0,"max_hp_gain":0,"max_hp_loss":0,"event_name":"Living Wall","floor":8,"gold_loss":0,"cards_obtained":["Corruption"]}],"is_beta":false,"boss_relics":[],"items_purged_floors":[],"is_endless":false,"potions_floor_spawned":[1,4,11],"killed_by":"The Guardian","ascension_level":0}