{"gold_per_floor":[113,128,128,146,166,191,191,205,254,272,291,321,349,2,2,107,107,124,124,124,124,136,168,185,38,38,38,58,92,7,49,61,175,187,212,234,246,258,270,282,311,31,31,57,72,106,106,117,117,117],"floor_reached":51,"playtime":3402,"items_purged":["Strike_G"],"score":1103,"play_id":"fec00da8-c96f-4d99-af66-1bb76ea406a9","local_time":"20190922095527","is_ascension_mode":true,"campfire_choices":[{"data":"Noxious Fumes","floor":7.0,"key":"SMITH"},{"floor":15.0,"key":"REST"},{"floor":27.0,"key":"REST"},{"floor":32.0,"key":"REST"},{"floor":40,"key":"REST"},{"data":"Envenom","floor":47,"key":"SMITH"},{"data":"Malaise","floor":49,"key":"SMITH"}],"neow_cost":"TEN_PERCENT_HP_LOSS","seed_source_timestamp":3507118000491200,"circlet_count":0,"master_deck":["Strike_G","Strike_G","Strike_G","Defend_G","Defend_G","Defend_G","Defend_G","Defend_G+1","Survivor+1","Poisoned Stab","Noxious Fumes+1","Backflip","Bouncing Flask","Deadly Poison","Bane","Deadly Poison","Blur","Corpse Explosion","Crippling Poison","Well Laid Plans","Adrenaline","Dagger Throw","Backstab+1","Malaise+1","Escape Plan","Escape Plan","Concentrate+1","Underhanded Strike","Cloak And Dagger+1","Prepared+1","Envenom+1","Bouncing Flask+1","Prepared+1","Metamorphosis+1","Clumsy","Setup+1","Shame","Adrenaline+1","Flying Knee","Footwork+1","Deflect+1"],"special_seed":0,"relics":["Unceasing Top","Pen Nib","War Paint","Matryoshka","Odd Mushroom","TwistedFunnel","HoveringKite","Nloth\u0027s Gift","Juzu Bracelet","Darkstone Periapt","Orichalcum","Dream Catcher","Shuriken","Toxic Egg 2","MawBank","Strawberry","Cursed Key","Bottled Lightning","Thread and Needle","Omamori","Blood Vial","Molten Egg 2"],"potions_floor_usage":[41,50],"damage_taken":[{"damage":1.0,"enemies":"Small Slimes","floor":1.0,"turns":7.0},{"damage":0.0,"enemies":"Jaw Worm","floor":2.0,"turns":3.0},{"damage":1.0,"enemies":"2 Louse","floor":4.0,"turns":3.0},{"damage":4.0,"enemies":"Exordium Thugs","floor":5.0,"turns":5.0},{"damage":2.0,"enemies":"Gremlin Nob","floor":6.0,"turns":4.0},{"damage":10.0,"enemies":"Exordium Wildlife","floor":8.0,"turns":5.0},{"damage":0.0,"enemies":"3 Louse","floor":10.0,"turns":4.0},{"damage":0.0,"enemies":"Looter","floor":11.0,"turns":3.0},{"damage":2.0,"enemies":"Lagavulin","floor":12.0,"turns":7.0},{"damage":2.0,"enemies":"The Mushroom Lair","floor":13.0,"turns":5.0},{"damage":11.0,"enemies":"Hexaghost","floor":16.0,"turns":7.0},{"damage":1.0,"enemies":"2 Thieves","floor":18.0,"turns":3.0},{"damage":1.0,"enemies":"Chosen","floor":22.0,"turns":4.0},{"damage":14.0,"enemies":"Gremlin Leader","floor":23.0,"turns":5.0},{"damage":5.0,"enemies":"Sentry and Sphere","floor":24.0,"turns":5.0},{"damage":18.0,"enemies":"Snake Plant","floor":28.0,"turns":3.0},{"damage":6.0,"enemies":"Slavers","floor":29.0,"turns":3.0},{"damage":6.0,"enemies":"Gremlin Leader","floor":31.0,"turns":5.0},{"damage":28,"enemies":"Champ","floor":33,"turns":9},{"damage":0,"enemies":"3 Shapes","floor":35,"turns":2},{"damage":10,"enemies":"3 Darklings","floor":36,"turns":2},{"damage":0,"enemies":"4 Shapes","floor":41,"turns":3},{"damage":0,"enemies":"Nemesis","floor":44,"turns":7},{"damage":5,"enemies":"Writhing Mass","floor":45,"turns":5},{"damage":1,"enemies":"Giant Head","floor":46,"turns":5},{"damage":8,"enemies":"Spire Growth","floor":48,"turns":4},{"damage":52,"enemies":"Time Eater","floor":50,"turns":10}],"seed_played":"-3316568426314997129","potions_obtained":[{"floor":2.0,"key":"Weak Potion"},{"floor":4.0,"key":"GhostInAJar"},{"floor":6.0,"key":"SpeedPotion"},{"floor":8.0,"key":"Dexterity Potion"},{"floor":16.0,"key":"Swift Potion"},{"floor":22.0,"key":"Dexterity Potion"},{"floor":23.0,"key":"EntropicBrew"},{"floor":31.0,"key":"Swift Potion"},{"floor":33,"key":"Dexterity Potion"},{"floor":35,"key":"Energy Potion"},{"floor":44,"key":"SpeedPotion"},{"floor":48,"key":"Fire Potion"}],"is_trial":false,"path_per_floor":["M","M","?","M","M","E","R","M","T","M","M","E","?","$","R","B",null,"M","?","$","T","M","E","M","$","T","R","M","E","?","E","R","B",null,"M","M","?","?","T","R","M","$","T","E","M","E","R","M","R","B",null],"character_chosen":"THE_SILENT","items_purchased":["TwistedFunnel","Crippling Poison","Well Laid Plans","Escape Plan","Thread and Needle"],"campfire_rested":4,"item_purchase_floors":[14,14,14,25,42],"current_hp_per_floor":[62,62,55,54,50,48,48,38,38,38,38,36,34,34,52,41,58,57,57,57,57,56,42,37,37,37,55,37,31,31,32,53,25,59,59,49,49,49,55,76,76,76,82,82,77,78,78,72,72,22],"gold":117,"neow_bonus":"ONE_RARE_RELIC","is_prod":false,"is_daily":false,"chose_seed":false,"campfire_upgraded":3,"win_rate":0,"timestamp":1569138927,"path_taken":["M","M","?","M","M","E","R","M","T","M","M","E","?","$","R","BOSS","M","?","?","?","M","E","M","$","T","R","M","E","?","E","R","BOSS","M","M","?","?","?","R","M","$","T","E","M","E","R","M","R","BOSS"],"build_version":"2019-07-17","purchased_purges":1,"victory":true,"max_hp_per_floor":[63,63,63,63,63,63,63,63,63,63,63,63,63,63,63,63,63,63,63,63,63,63,63,63,63,63,63,63,63,63,70,70,70,70,70,70,70,70,76,76,76,76,82,82,82,82,82,82,82,82],"card_choices":[{"not_picked":["Backflip","Sucker Punch"],"picked":"Poisoned Stab","floor":1.0},{"not_picked":["Endless Agony","Escape Plan"],"picked":"Noxious Fumes","floor":2.0},{"not_picked":["Deflect","Dodge and Roll"],"picked":"Backflip","floor":4.0},{"not_picked":["Blade Dance","Poisoned Stab"],"picked":"Bouncing Flask","floor":5.0},{"not_picked":["Cloak And Dagger","Setup"],"picked":"Deadly Poison","floor":6.0},{"not_picked":["Flechettes","Setup"],"picked":"Bane","floor":8.0},{"not_picked":["Tactician","Quick Slash","Flechettes"],"picked":"SKIP","floor":10.0},{"not_picked":["Choke","Heel Hook"],"picked":"Deadly Poison","floor":11.0},{"not_picked":["Prepared","Quick Slash"],"picked":"Blur","floor":12.0},{"not_picked":["All Out Attack","Expertise"],"picked":"Corpse Explosion","floor":13.0},{"not_picked":["Tools of the Trade","Grand Finale"],"picked":"Adrenaline","floor":16.0},{"not_picked":["Slice","Infinite Blades"],"picked":"Dagger Throw","floor":18.0},{"not_picked":["Underhanded Strike","Tactician","Bouncing Flask"],"picked":"SKIP","floor":22.0},{"not_picked":["Leg Sweep","Slice"],"picked":"Backstab+1","floor":23.0},{"not_picked":["Dodge and Roll+1","Predator"],"picked":"Malaise","floor":24.0},{"not_picked":["Dodge and Roll","Cloak And Dagger"],"picked":"Escape Plan","floor":27.0},{"not_picked":["Wraith Form v2","Doppelganger"],"picked":"Concentrate+1","floor":28.0},{"not_picked":["Infinite Blades","Malaise"],"picked":"Underhanded Strike","floor":29.0},{"not_picked":["All Out Attack","Poisoned Stab+1"],"picked":"Cloak And Dagger+1","floor":31.0},{"not_picked":["Flying Knee+1","Cloak And Dagger+1"],"picked":"Prepared+1","floor":32.0},{"not_picked":["Wraith Form v2","Phantasmal Killer+1"],"picked":"Envenom","floor":33},{"not_picked":["Dagger Throw+1","Cloak And Dagger+1"],"picked":"Bouncing Flask+1","floor":35},{"not_picked":["Deadly Poison+1","Cloak And Dagger+1"],"picked":"Prepared+1","floor":36},{"not_picked":["Secret Technique+1","Violence+1"],"picked":"Metamorphosis+1","floor":37},{"not_picked":["Sucker Punch+1","Tools of the Trade"],"picked":"Setup+1","floor":41},{"not_picked":["Prepared+1","Heel Hook"],"picked":"Adrenaline+1","floor":44},{"not_picked":["Bouncing Flask+1","Bane"],"picked":"Flying Knee","floor":45},{"not_picked":["Accuracy+1","Burst+1"],"picked":"Footwork+1","floor":46},{"not_picked":["Cloak And Dagger+1","Deadly Poison+1"],"picked":"Deflect+1","floor":48}],"player_experience":290943,"relics_obtained":[{"floor":6.0,"key":"Pen Nib"},{"floor":9.0,"key":"War Paint"},{"floor":12.0,"key":"Matryoshka"},{"floor":13.0,"key":"Odd Mushroom"},{"floor":21.0,"key":"Juzu Bracelet"},{"floor":21.0,"key":"Darkstone Periapt"},{"floor":23.0,"key":"Orichalcum"},{"floor":26.0,"key":"Dream Catcher"},{"floor":26.0,"key":"Shuriken"},{"floor":29.0,"key":"Toxic Egg 2"},{"floor":31.0,"key":"Strawberry"},{"floor":39,"key":"Bottled Lightning"},{"floor":43,"key":"Omamori"},{"floor":44,"key":"Blood Vial"},{"floor":46,"key":"Molten Egg 2"}],"event_choices":[{"cards_removed":["Strike_G"],"damage_healed":0.0,"max_hp_gain":0.0,"max_hp_loss":0.0,"gold_gain":0.0,"event_name":"Golden Wing","player_choice":"Card Removal","floor":3.0,"gold_loss":0.0,"damage_taken":7.0},{"damage_healed":0.0,"max_hp_gain":0.0,"max_hp_loss":0.0,"gold_gain":0.0,"event_name":"Mushrooms","player_choice":"Fought Mushrooms","floor":13.0,"gold_loss":0.0,"damage_taken":0.0},{"damage_healed":0.0,"max_hp_gain":0.0,"max_hp_loss":0.0,"gold_gain":0.0,"event_name":"N\u0027loth","player_choice":"Traded Relic","floor":19.0,"relics_lost":["Ring of the Snake"],"gold_loss":0.0,"damage_taken":0.0,"relics_obtained":["Nloth\u0027s Gift"]},{"damage_healed":0.0,"max_hp_gain":0.0,"max_hp_loss":0.0,"gold_gain":0.0,"event_name":"Addict","player_choice":"Obtained Relic","floor":30.0,"gold_loss":85.0,"damage_taken":0.0,"relics_obtained":["MawBank"]},{"damage_healed":0,"gold_gain":0,"player_choice":"Memory 1","damage_taken":0,"max_hp_gain":0,"max_hp_loss":0,"event_name":"SensoryStone","floor":37,"gold_loss":0},{"cards_removed":["Neutralize"],"damage_healed":0,"gold_gain":0,"player_choice":"Removed Attack","damage_taken":0,"max_hp_gain":0,"max_hp_loss":0,"event_name":"Falling","floor":38,"gold_loss":0}],"is_beta":false,"boss_relics":[{"not_picked":["Runic Pyramid","WristBlade"],"picked":"HoveringKite"},{"not_picked":["Empty Cage","Velvet Choker"],"picked":"Cursed Key"}],"items_purged_floors":[25],"is_endless":false,"potions_floor_spawned":[2,4,6,8,16,22,23,31,33,35,44,46,48],"ascension_level":8}