{"gold_per_floor":[114,0,0,0,10,10,10,39,39,39,39,50,50,61,61,61],"floor_reached":16,"playtime":332,"items_purged":["Strike_B"],"score":108,"play_id":"0909659c-7992-4de1-bc21-d7c3bc90f4ae","local_time":"20180710040543","is_ascension_mode":true,"campfire_choices":[{"data":"Consume","floor":6,"key":"SMITH"},{"data":"Loop","floor":11,"key":"SMITH"},{"floor":15,"key":"REST"}],"neow_cost":"","seed_source_timestamp":2037852001864540,"circlet_count":0,"master_deck":["Strike_B","Strike_B","Strike_B","Defend_B","Defend_B","Defend_B","Zap","Dualcast","Reprogram","Loop+1","Consume+1","Leap","Conserve Battery","Echo Form"],"relics":["Cracked Core","Anchor","Molten Egg 2","Art of War","Vajra"],"potions_floor_usage":[8,16],"damage_taken":[{"damage":2,"enemies":"Jaw Worm","floor":1,"turns":3},{"damage":11,"enemies":"2 Louse","floor":5,"turns":2},{"damage":31,"enemies":"Lagavulin","floor":8,"turns":5},{"damage":6,"enemies":"Small Slimes","floor":12,"turns":5},{"damage":7,"enemies":"Exordium Thugs","floor":14,"turns":4},{"damage":35,"enemies":"Slime Boss","floor":16,"turns":3}],"seed_played":"2152573930988108562","potions_obtained":[{"floor":1,"key":"LiquidBronze"},{"floor":14,"key":"PowerPotion"}],"is_trial":false,"path_per_floor":["M","$","?","$","M","R","$","E","T","?","R","M","T","M","R"],"character_chosen":"DEFECT","items_purchased":["Loop"],"campfire_rested":1,"item_purchase_floors":[2],"current_hp_per_floor":[73,73,66,66,55,55,55,24,24,24,24,18,18,11,33,0],"gold":61,"neow_bonus":"","is_prod":false,"is_daily":false,"chose_seed":false,"campfire_upgraded":2,"win_rate":0,"timestamp":1531188343,"path_taken":["M","$","?","$","M","R","$","E","T","?","R","M","?","M","R","BOSS"],"build_version":"2018-07-05","purchased_purges":1,"victory":false,"max_hp_per_floor":[75,75,75,75,75,75,75,75,75,75,75,75,75,75,75,75],"card_choices":[{"not_picked":["Chill","Streamline"],"picked":"Reprogram","floor":1},{"not_picked":["Aggregate","Barrage"],"picked":"Consume","floor":5},{"not_picked":["Go for the Eyes","Beam Cell"],"picked":"Leap","floor":8},{"not_picked":["Sweeping Beam+1","Heatsinks"],"picked":"Conserve Battery","floor":12},{"not_picked":["Streamline+1","Force Field"],"picked":"Echo Form","floor":14}],"player_experience":62355,"relics_obtained":[{"floor":8,"key":"Anchor"},{"floor":9,"key":"Molten Egg 2"},{"floor":13,"key":"Vajra"}],"event_choices":[{"event_name":"Golden Wing","player_choice":"Card Removal","floor":3,"damage_taken":0},{"event_name":"Dead Adventurer","player_choice":"Searched \u00272\u0027 times","floor":10,"damage_taken":0}],"boss_relics":[],"items_purged_floors":[2],"is_endless":false,"potions_floor_spawned":[1,14],"killed_by":"Slime Boss","ascension_level":2}