{"gold_per_floor":[109,25,200,200,212,225,225,239,239,117,192,202,213,213,213,317,317,317,317,242,202,63,63,63,63,63,63],"floor_reached":27,"playtime":517,"items_purged":["Doubt"],"score":303,"play_id":"b51db8e8-66da-4192-ae06-be36279d4925","local_time":"20190908003423","is_ascension_mode":false,"campfire_choices":[{"data":"Heavy Blade","floor":7,"key":"SMITH"},{"floor":15,"key":"REST"},{"data":"Demon Form","floor":23,"key":"SMITH"},{"data":"Double Tap","floor":25,"key":"SMITH"}],"neow_cost":"NONE","seed_source_timestamp":702077598411200,"circlet_count":0,"master_deck":["Strike_R","Strike_R","Strike_R","Strike_R","Strike_R","Defend_R","Defend_R","Defend_R+1","Defend_R","Bash","Heavy Blade+1","Bandage Up+1","Heavy Blade+1","Flex","Flex","Cleave","Double Tap+1","Ghostly","Ghostly","Ghostly","Ghostly","Ghostly","Demon Form+1","Corruption"],"relics":["Burning Blood","Mummified Hand","Ectoplasm","Gremlin Horn"],"potions_floor_usage":[5,6,16,16,16],"damage_taken":[{"damage":6,"enemies":"Cultist","floor":1,"turns":3},{"damage":0,"enemies":"Small Slimes","floor":5,"turns":2},{"damage":11,"enemies":"Jaw Worm","floor":6,"turns":2},{"damage":20,"enemies":"Looter","floor":8,"turns":3},{"damage":24,"enemies":"Exordium Thugs","floor":12,"turns":3},{"damage":21,"enemies":"Large Slime","floor":13,"turns":4},{"damage":0,"enemies":"Slime Boss","floor":16,"turns":6},{"damage":28,"enemies":"3 Byrds","floor":18,"turns":6},{"damage":23,"enemies":"2 Thieves","floor":20,"turns":4},{"damage":5,"enemies":"Centurion and Healer","floor":24,"turns":5},{"damage":52,"enemies":"Cultist and Chosen","floor":27,"turns":8}],"seed_played":"-6872687993791085985","potions_obtained":[{"floor":0,"key":"SteroidPotion"},{"floor":0,"key":"FearPotion"},{"floor":0,"key":"Strength Potion"},{"floor":5,"key":"Weak Potion"},{"floor":8,"key":"PowerPotion"},{"floor":14,"key":"Energy Potion"},{"floor":18,"key":"AttackPotion"},{"floor":20,"key":"LiquidBronze"},{"floor":24,"key":"Weak Potion"}],"is_trial":false,"path_per_floor":["M","$","?","?","M","M","R","M","T","$","?","M","M","?","R","B",null,"M","?","M","?","$","R","M","R","T","M"],"character_chosen":"IRONCLAD","items_purchased":["Bandage Up","Flex","Demon Form"],"campfire_rested":1,"item_purchase_floors":[2,10,22],"current_hp_per_floor":[80,80,80,80,80,75,75,65,65,65,54,40,29,29,53,63,80,62,40,23,23,23,23,30,30,30,0],"gold":63,"neow_bonus":"THREE_SMALL_POTIONS","is_prod":false,"is_daily":false,"chose_seed":false,"campfire_upgraded":3,"win_rate":0,"timestamp":1567895663,"path_taken":["M","$","?","?","M","?","R","M","T","$","?","M","M","?","R","BOSS","M","?","M","?","$","R","M","R","T","M"],"build_version":"2019-07-17","purchased_purges":1,"victory":false,"max_hp_per_floor":[80,80,80,80,80,80,80,80,80,80,80,80,80,80,80,80,80,80,40,40,40,40,40,40,40,40,40],"card_choices":[{"not_picked":["Warcry","Combust"],"picked":"Heavy Blade","floor":1},{"not_picked":["Pommel Strike","Burning Pact"],"picked":"Heavy Blade","floor":5},{"not_picked":["Uppercut","Havoc","Wild Strike"],"picked":"SKIP","floor":6},{"not_picked":["Pummel","Anger","Uppercut"],"picked":"SKIP","floor":8},{"not_picked":["Dropkick","True Grit"],"picked":"Flex","floor":12},{"not_picked":["Uppercut","Intimidate"],"picked":"Cleave","floor":13},{"not_picked":["Reaper","Feed"],"picked":"Double Tap","floor":16},{"not_picked":["Sword Boomerang","Headbutt","Body Slam"],"picked":"SKIP","floor":18},{"not_picked":["Iron Wave","Feel No Pain","Warcry"],"picked":"SKIP","floor":20},{"not_picked":["Havoc","Perfected Strike+1"],"picked":"Corruption","floor":24}],"player_experience":225632,"relics_obtained":[{"floor":9,"key":"Mummified Hand"},{"floor":26,"key":"Gremlin Horn"}],"event_choices":[{"damage_healed":0,"gold_gain":175,"player_choice":"AGREE","damage_taken":0,"max_hp_gain":0,"max_hp_loss":0,"event_name":"Liars Game","floor":3,"gold_loss":0,"cards_obtained":["Doubt"]},{"damage_healed":0,"gold_gain":0,"player_choice":"Upgraded","damage_taken":0,"max_hp_gain":0,"max_hp_loss":0,"event_name":"Upgrade Shrine","floor":4,"gold_loss":0,"cards_upgraded":["Heavy Blade"]},{"damage_healed":0,"gold_gain":75,"player_choice":"Gather Gold","damage_taken":11,"max_hp_gain":0,"max_hp_loss":0,"event_name":"World of Goop","floor":11,"gold_loss":0},{"damage_healed":0,"gold_gain":0,"player_choice":"Got Potions","damage_taken":0,"max_hp_gain":0,"max_hp_loss":0,"event_name":"Lab","floor":14,"gold_loss":0},{"damage_healed":0,"gold_gain":0,"player_choice":"Became a Ghost","damage_taken":0,"max_hp_gain":0,"max_hp_loss":40,"event_name":"Ghosts","floor":19,"gold_loss":0,"cards_obtained":["Ghostly","Ghostly","Ghostly","Ghostly","Ghostly"]},{"damage_healed":0,"gold_gain":0,"player_choice":"Upgraded Two","damage_taken":0,"max_hp_gain":0,"max_hp_loss":0,"event_name":"Designer","floor":21,"gold_loss":40,"cards_upgraded":["Bandage Up","Defend_R"]}],"is_beta":false,"boss_relics":[{"not_picked":["White Beast Statue","Snecko Eye"],"picked":"Ectoplasm"}],"items_purged_floors":[10],"is_endless":false,"potions_floor_spawned":[5,8,18,20,24],"killed_by":"Cultist and Chosen","ascension_level":0}