{"gold_per_floor":[110,110,125,145,145,145,163,220,288,288,288,316,39,55,55,152,152,164,164,524,542,542,569,569,596,621,631,581,594,278,278,278,380,380,392,392,392,392,81,115,115,65,92,92,92,111,111,137,137,137],"floor_reached":51,"playtime":2773,"items_purged":["Regret","Hello World","Strike_B","Decay","Writhe"],"score":848,"play_id":"3c081a05-23ae-4c05-95ae-8ee0c22fbcd0","local_time":"20180708140258","is_ascension_mode":true,"campfire_choices":[{"data":"Coolheaded","floor":6.0,"key":"SMITH"},{"floor":11,"key":"REST"},{"floor":15,"key":"REST"},{"floor":24,"key":"REST"},{"floor":32,"key":"REST"},{"floor":45,"key":"REST"},{"floor":47,"key":"REST"},{"floor":49,"key":"REST"}],"neow_cost":"","seed_source_timestamp":0,"circlet_count":0,"master_deck":["Strike_B","Strike_B","Defend_B","Defend_B+1","Defend_B","Defend_B+1","Zap","Dualcast","Coolheaded+1","Blizzard","Conserve Battery+1","Electrodynamics","Apotheosis+1","Hologram+1","Chill+1","Echo Form","Glacier+1","Blizzard","Glacier+1","Hologram+1","Fission+1","Dark Shackles+1","Writhe","Fission+1","Redo+1"],"special_seed":0,"relics":["Cracked Core","Boot","Toxic Egg 2","Darkstone Periapt","Smiling Mask","Incense Burner","Art of War","Fusion Hammer","Pantograph","Anchor","Strawberry","Medical Kit","Cursed Key","Pear","Mango","Juzu Bracelet","War Paint"],"potions_floor_usage":[14,16,21,29,33,33,50,50],"damage_taken":[{"damage":2.0,"enemies":"2 Louse","floor":1.0,"turns":2.0},{"damage":6.0,"enemies":"Small Slimes","floor":3.0,"turns":3.0},{"damage":6.0,"enemies":"Cultist","floor":4.0,"turns":3.0},{"damage":22.0,"enemies":"Looter","floor":7.0,"turns":4.0},{"damage":26,"enemies":"3 Sentries","floor":8,"turns":6},{"damage":22,"enemies":"Lagavulin","floor":12,"turns":9},{"damage":0,"enemies":"Gremlin Gang","floor":14,"turns":2},{"damage":7,"enemies":"The Guardian","floor":16,"turns":11},{"damage":2,"enemies":"Shell Parasite","floor":18,"turns":5},{"damage":0,"enemies":"Spheric Guardian","floor":21,"turns":5},{"damage":20,"enemies":"Gremlin Leader","floor":23,"turns":6},{"damage":19,"enemies":"Book of Stabbing","floor":25,"turns":7},{"damage":9,"enemies":"Snake Plant","floor":27,"turns":5},{"damage":1,"enemies":"Slaver and Parasite","floor":29,"turns":7},{"damage":1,"enemies":"Champ","floor":33,"turns":13},{"damage":1,"enemies":"3 Darklings","floor":35,"turns":4},{"damage":19,"enemies":"Giant Head","floor":40,"turns":11},{"damage":2,"enemies":"Orb Walker","floor":46,"turns":5},{"damage":3,"enemies":"Nemesis","floor":48,"turns":9},{"damage":23,"enemies":"Awakened One","floor":50,"turns":12}],"seed_played":"8611732547418309386","potions_obtained":[{"floor":3.0,"key":"SpeedPotion"},{"floor":8,"key":"Fire Potion"},{"floor":8,"key":"Energy Potion"},{"floor":14,"key":"Dexterity Potion"},{"floor":16,"key":"Swift Potion"},{"floor":19,"key":"Fruit Juice"},{"floor":27,"key":"EssenceOfSteel"},{"floor":29,"key":"Poison Potion"},{"floor":35,"key":"Energy Potion"},{"floor":46,"key":"GamblersBrew"}],"is_trial":false,"path_per_floor":["M","?","M","M","?","R","M","?","T","?","R","E","$","M","R","B",null,"M","?","?","M","?","E","R","E","T","M","$","M","$","?","R","B",null,"M","?","?","?","$","E","?","$","T","?","R","M","R","E","R","B"],"character_chosen":"DEFECT","items_purchased":["Apotheosis+1","Hologram+1","Defragment","Medical Kit","Pear"],"campfire_rested":7,"item_purchase_floors":[13,13,30,30,39],"current_hp_per_floor":[73,73,67,61,61,61,39,13,13,1,23,1,1,1,23,16,75,73,73,38,43,43,23,47,28,35,26,26,25,25,31,58,82,93,92,99,99,99,109,104,104,104,110,110,129,127,129,126,129,106],"gold":137,"neow_bonus":"","is_prod":false,"is_daily":false,"chose_seed":false,"campfire_upgraded":1,"win_rate":0,"timestamp":1531051378,"path_taken":["M","?","M","M","?","R","?","?","T","?","R","E","$","M","R","BOSS","M","?","?","M","?","E","R","E","T","M","$","M","$","?","R","BOSS","M","?","?","?","$","E","?","$","T","?","R","M","R","E","R","BOSS"],"build_version":"2018-07-05","purchased_purges":5,"victory":true,"max_hp_per_floor":[75,75,75,75,75,75,75,75,75,75,75,75,75,75,75,75,75,75,75,75,80,80,80,80,80,87,87,87,87,87,93,93,93,93,93,99,99,99,109,123,123,123,129,129,129,129,129,129,129,129],"card_choices":[{"not_picked":["Stack","Go for the Eyes"],"picked":"Coolheaded","floor":1.0},{"not_picked":["Stack","Hello World"],"picked":"Blizzard","floor":3.0},{"not_picked":["Self Repair","Force Field","Turbo"],"picked":"SKIP","floor":4.0},{"not_picked":["Undo+1","Heatsinks"],"picked":"Hello World","floor":7.0},{"not_picked":["Barrage","Compile Driver"],"picked":"Conserve Battery+1","floor":8},{"not_picked":["Defragment","Gash"],"picked":"Electrodynamics","floor":12},{"not_picked":["Turbo+1","Streamline"],"picked":"Chill+1","floor":14},{"not_picked":["Buffer","All For One"],"picked":"Echo Form","floor":16},{"not_picked":["Go for the Eyes","Force Field+1","Beam Cell"],"picked":"SKIP","floor":18},{"not_picked":["Lockon","Go for the Eyes+1"],"picked":"Glacier+1","floor":21},{"not_picked":["Rip and Tear+1","Buffer"],"picked":"Glacier+1","floor":23},{"not_picked":["Genetic Algorithm+1","Aggregate+1","Ball Lightning"],"picked":"SKIP","floor":25},{"not_picked":["Leap+1","Beam Cell+1"],"picked":"Hologram+1","floor":27},{"not_picked":["Gash","Streamline","Meteor Strike"],"picked":"SKIP","floor":29},{"not_picked":["Machine Learning","Hyperbeam"],"picked":"Fission+1","floor":33},{"not_picked":["Turbo+1","Auto Shields+1","Tempest+1"],"picked":"SKIP","floor":35},{"not_picked":["Turbo+1","Barrage","Compile Driver"],"picked":"SKIP","floor":40},{"not_picked":["Transmutation+1","Dramatic Entrance"],"picked":"Dark Shackles+1","floor":41},{"not_picked":["Barrage","Steam+1","Loop"],"picked":"SKIP","floor":46},{"not_picked":["Chill+1","Doom and Gloom+1"],"picked":"Redo+1","floor":48}],"player_experience":55813,"relics_obtained":[{"floor":8,"key":"Darkstone Periapt"},{"floor":9,"key":"Smiling Mask"},{"floor":12,"key":"Art of War"},{"floor":23,"key":"Pantograph"},{"floor":25,"key":"Anchor"},{"floor":26,"key":"Strawberry"},{"floor":40,"key":"Mango"},{"floor":43,"key":"Juzu Bracelet"},{"floor":48,"key":"War Paint"}],"event_choices":[{"event_name":"Big Fish","player_choice":"Box","floor":2.0,"damage_taken":0.0},{"event_name":"Accursed Blacksmith","player_choice":"Rummage","floor":5.0,"damage_taken":0.0},{"event_name":"Dead Adventurer","player_choice":"Searched \u00271\u0027 times","floor":8,"damage_taken":0},{"event_name":"Scrap Ooze","player_choice":"success","floor":10,"damage_taken":12},{"event_name":"The Lab","player_choice":"Got Potions","floor":19,"damage_taken":0},{"event_name":"Knowing Skull","player_choice":"GOLD GOLD GOLD GOLD ","floor":20,"damage_taken":0},{"event_name":"The Library","player_choice":"Read","floor":22,"damage_taken":0},{"event_name":"Wheel of Change","player_choice":"Curse","floor":31,"damage_taken":0},{"event_name":"Winding Halls","player_choice":"Writhe","floor":36,"damage_taken":0},{"event_name":"Falling","player_choice":"Removed Power","floor":37,"damage_taken":0},{"event_name":"SecretPortal","player_choice":"Rejected Portal.","floor":38,"damage_taken":0},{"event_name":"SensoryStone","player_choice":"Memory 1","floor":41,"damage_taken":0},{"event_name":"Transmorgrifier","player_choice":"Transform","floor":44,"damage_taken":0}],"boss_relics":[{"not_picked":["Empty Cage","Snecko Eye"],"picked":"Fusion Hammer"},{"not_picked":["Eternal Feather","Calling Bell"],"picked":"Cursed Key"}],"items_purged_floors":[13,28,30,39,42],"is_endless":false,"potions_floor_spawned":[3,8,8,14,16,27,29,35,46],"ascension_level":1}