{"gold_per_floor":[110,110,133,133,133,133,173,173,173,198,473,489,9,48,48,141,141,120,139,172,172,172,172,82,98,122,64,64,84,84,100,100,191,191,205,269,269],"floor_reached":37,"playtime":2031,"items_purged":["Regret"],"score":731,"play_id":"09d352ad-3169-44d6-86e3-230cb61ee8e4","local_time":"20191003190453","is_ascension_mode":true,"campfire_choices":[{"floor":6.0,"key":"REST"},{"floor":8.0,"key":"REST"},{"data":"Consume","floor":15.0,"key":"SMITH"},{"floor":23.0,"key":"REST"},{"data":"Defragment","floor":28.0,"key":"SMITH"},{"floor":30.0,"key":"REST"},{"data":"Buffer","floor":32.0,"key":"SMITH"}],"neow_cost":"NONE","seed_source_timestamp":420126806392800,"circlet_count":0,"master_deck":["AscendersBane","Zap","Dualcast","Leap","Conserve Battery+1","Gash","Ball Lightning","Gash","Coolheaded","Go for the Eyes","Consume+1","Buffer+1","Glacier+1","Coolheaded","Go for the Eyes","Defragment+1","Capacitor","Gash","Hello World","Leap+1","Echo Form","Tempest","Steam Power","Go for the Eyes","Genetic Algorithm","Doom and Gloom","Steam","Creative AI","Doom and Gloom","Conserve Battery","Reinforced Body+1"],"special_seed":0,"relics":["Cracked Core","Golden Idol","Thread and Needle","Sundial","Peace Pipe","Shuriken","Philosopher\u0027s Stone","Red Mask","Gremlin Horn","PreservedInsect","Pandora\u0027s Box","Du-Vu Doll"],"potions_floor_usage":[36],"damage_taken":[{"damage":2.0,"enemies":"2 Louse","floor":1.0,"turns":2.0},{"damage":4.0,"enemies":"Small Slimes","floor":3.0,"turns":3.0},{"damage":15.0,"enemies":"3 Sentries","floor":7.0,"turns":9.0},{"damage":0.0,"enemies":"Cultist","floor":10.0,"turns":3.0},{"damage":3.0,"enemies":"Exordium Wildlife","floor":12.0,"turns":5.0},{"damage":9.0,"enemies":"Gremlin Nob","floor":14.0,"turns":4.0},{"damage":23.0,"enemies":"Slime Boss","floor":16.0,"turns":11.0},{"damage":10.0,"enemies":"2 Thieves","floor":18.0,"turns":5.0},{"damage":0.0,"enemies":"Spheric Guardian","floor":19.0,"turns":6.0},{"damage":35.0,"enemies":"Masked Bandits","floor":20.0,"turns":6.0},{"damage":0.0,"enemies":"Centurion and Healer","floor":25.0,"turns":13.0},{"damage":10.0,"enemies":"Chosen and Byrds","floor":29.0,"turns":7.0},{"damage":0.0,"enemies":"Snake Plant","floor":31.0,"turns":5.0},{"damage":45.0,"enemies":"Collector","floor":33.0,"turns":11.0},{"damage":0.0,"enemies":"Orb Walker","floor":35.0,"turns":6.0},{"damage":17,"enemies":"2 Orb Walkers","floor":36,"turns":5},{"damage":47,"enemies":"3 Darklings","floor":37,"turns":2}],"seed_played":"-3076678031767761339","potions_obtained":[{"floor":3.0,"key":"Fire Potion"},{"floor":12.0,"key":"GamblersBrew"},{"floor":14.0,"key":"Swift Potion"},{"floor":16.0,"key":"Explosive Potion"},{"floor":19.0,"key":"FearPotion"},{"floor":22.0,"key":"EntropicBrew"},{"floor":33.0,"key":"Energy Potion"},{"floor":36,"key":"SpeedPotion"}],"is_trial":false,"path_per_floor":["M","?","M","?","?","R","E","R","T","M","?","M","$","E","R","B",null,"M","M","?","T","?","R","$","M","T","$","R","M","R","M","R","B",null,"M","?","M"],"character_chosen":"DEFECT","items_purchased":["Peace Pipe","Coolheaded","Go for the Eyes","Defragment","Gash"],"campfire_rested":4,"item_purchase_floors":[13,13,13,24,27],"current_hp_per_floor":[69,42,38,15,15,38,23,46,46,46,46,43,43,34,34,11,61,51,51,16,16,16,39,39,39,39,39,39,29,52,52,52,7,60,60,43,0],"gold":269,"neow_bonus":"TEN_PERCENT_HP_BONUS","is_prod":false,"is_daily":false,"chose_seed":false,"campfire_upgraded":3,"win_rate":0,"timestamp":1570122293,"path_taken":["M","?","M","?","?","R","E","R","T","M","?","M","$","E","R","BOSS","M","?","?","?","?","R","$","?","T","?","R","M","R","M","R","BOSS","M","?","M"],"build_version":"2019-07-17","purchased_purges":1,"victory":false,"max_hp_per_floor":[78,78,78,78,78,78,78,78,78,78,78,78,78,78,78,78,78,78,78,78,78,78,78,78,78,78,78,78,78,78,78,78,78,78,78,78,78],"card_choices":[{"not_picked":["Darkness","Rebound"],"picked":"Leap","floor":1.0},{"not_picked":["Turbo","Melter"],"picked":"Conserve Battery","floor":3.0},{"not_picked":["Go for the Eyes","Auto Shields"],"picked":"Gash","floor":7.0},{"not_picked":["Turbo","Stack"],"picked":"Ball Lightning","floor":10.0},{"not_picked":["Rip and Tear","Compile Driver"],"picked":"Gash","floor":12.0},{"not_picked":["Leap","Reinforced Body"],"picked":"Consume","floor":14.0},{"not_picked":["Core Surge","Hyperbeam"],"picked":"Buffer","floor":16.0},{"not_picked":["Static Discharge","Darkness"],"picked":"Glacier+1","floor":18.0},{"not_picked":["Static Discharge","Force Field"],"picked":"Coolheaded","floor":19.0},{"not_picked":["Leap","Conserve Battery"],"picked":"Go for the Eyes","floor":20.0},{"not_picked":["Coolheaded","Compile Driver"],"picked":"Capacitor","floor":25.0},{"not_picked":["Compile Driver","Sunder"],"picked":"Hello World","floor":29.0},{"not_picked":["Coolheaded","Turbo+1"],"picked":"Leap+1","floor":31.0},{"not_picked":["Machine Learning","Thunder Strike"],"picked":"Echo Form","floor":33.0},{"not_picked":["Coolheaded","Doom and Gloom+1"],"picked":"Conserve Battery","floor":35.0},{"not_picked":["Rebound","Steam"],"picked":"Reinforced Body+1","floor":36}],"player_experience":410479,"relics_obtained":[{"floor":7.0,"key":"Thread and Needle"},{"floor":9.0,"key":"Sundial"},{"floor":14.0,"key":"Shuriken"},{"floor":20.0,"key":"Red Mask"},{"floor":21.0,"key":"Gremlin Horn"},{"floor":26.0,"key":"PreservedInsect"},{"floor":36,"key":"Du-Vu Doll"}],"event_choices":[{"damage_healed":0.0,"max_hp_gain":0.0,"max_hp_loss":0.0,"gold_gain":0.0,"event_name":"Golden Idol","player_choice":"Take Damage","floor":2.0,"gold_loss":0.0,"damage_taken":27.0,"relics_obtained":["Golden Idol"]},{"damage_healed":0.0,"max_hp_gain":0.0,"max_hp_loss":0.0,"gold_gain":0.0,"event_name":"Shining Light","player_choice":"Entered Light","floor":4.0,"gold_loss":0.0,"damage_taken":23.0,"cards_upgraded":["Conserve Battery","Strike_B"]},{"damage_healed":0.0,"max_hp_gain":0.0,"max_hp_loss":0.0,"gold_gain":0.0,"event_name":"Golden Wing","player_choice":"Ignored","floor":5.0,"gold_loss":0.0,"damage_taken":0.0},{"damage_healed":0.0,"max_hp_gain":0.0,"max_hp_loss":0.0,"gold_gain":275.0,"event_name":"Golden Shrine","player_choice":"Desecrate","floor":11.0,"gold_loss":0.0,"damage_taken":0.0,"cards_obtained":["Regret"]},{"damage_healed":0.0,"max_hp_gain":0.0,"max_hp_loss":0.0,"gold_gain":0.0,"event_name":"Masked Bandits","player_choice":"Fought Bandits","floor":20.0,"gold_loss":0.0,"damage_taken":0.0},{"damage_healed":0.0,"max_hp_gain":0.0,"max_hp_loss":0.0,"gold_gain":0.0,"event_name":"Lab","player_choice":"Got Potions","floor":22.0,"gold_loss":0.0,"damage_taken":0.0},{"damage_healed":0,"gold_gain":0,"player_choice":"Fight","damage_taken":0,"max_hp_gain":0,"max_hp_loss":0,"event_name":"Mysterious Sphere","floor":36,"gold_loss":0}],"is_beta":false,"boss_relics":[{"not_picked":["Orrery","Calling Bell"],"picked":"Philosopher\u0027s Stone"},{"not_picked":["Tiny House","Lizard Tail"],"picked":"Pandora\u0027s Box"}],"items_purged_floors":[13],"is_endless":false,"potions_floor_spawned":[3,12,14,16,19,25,33,36],"killed_by":"3 Darklings","ascension_level":19}