{"gold_per_floor":[13,13,13,32,49,49,62,88,88,88,105,120,132,149,149,253,253,218,63,73,39,53,53,81,81,81,97,97,197,197,50,50,50],"floor_reached":33,"playtime":5312,"items_purged":["Strike_G"],"score":361,"play_id":"2ca36679-82db-422a-8a46-56c11256e856","local_time":"20191012125229","is_ascension_mode":true,"campfire_choices":[{"data":"Backflip","floor":6,"key":"SMITH"},{"data":"Dagger Spray","floor":10,"key":"SMITH"},{"data":"Deadly Poison","floor":15,"key":"SMITH"},{"floor":23,"key":"REST"},{"floor":25,"key":"REST"},{"floor":32,"key":"REST"}],"neow_cost":"NO_GOLD","seed_source_timestamp":202549529071600,"circlet_count":0,"master_deck":["Strike_G","Strike_G","Strike_G","Strike_G","Defend_G","Defend_G","Defend_G","Defend_G","Defend_G","Survivor","Neutralize+1","PiercingWail","Backflip+1","Flying Knee","Dagger Spray+1","Bouncing Flask","Noxious Fumes","Quick Slash","Deadly Poison+1","Wraith Form v2","Poisoned Stab+1","Well Laid Plans","Calculated Gamble","Blur+1","Deadly Poison+1","Bullet Time"],"relics":["Ring of the Serpent","Oddly Smooth Stone","Gremlin Horn","Sundial","Art of War","Peace Pipe","WingedGreaves","Bottled Lightning","Centennial Puzzle"],"potions_floor_usage":[8,16,16,16,29,33],"damage_taken":[{"damage":8,"enemies":"Cultist","floor":1,"turns":4},{"damage":0,"enemies":"Jaw Worm","floor":4,"turns":4},{"damage":3,"enemies":"Small Slimes","floor":5,"turns":3},{"damage":8,"enemies":"2 Fungi Beasts","floor":7,"turns":3},{"damage":17,"enemies":"3 Sentries","floor":8,"turns":11},{"damage":0,"enemies":"Looter","floor":11,"turns":4},{"damage":5,"enemies":"Lots of Slimes","floor":12,"turns":3},{"damage":0,"enemies":"3 Louse","floor":13,"turns":3},{"damage":5,"enemies":"Exordium Thugs","floor":14,"turns":5},{"damage":3,"enemies":"The Guardian","floor":16,"turns":9},{"damage":15,"enemies":"2 Thieves","floor":18,"turns":5},{"damage":8,"enemies":"Shell Parasite","floor":20,"turns":5},{"damage":25,"enemies":"Shelled Parasite and Fungi","floor":22,"turns":7},{"damage":21,"enemies":"Book of Stabbing","floor":24,"turns":6},{"damage":15,"enemies":"Chosen and Byrds","floor":27,"turns":6},{"damage":8,"enemies":"Colosseum Slavers","floor":29,"turns":5},{"damage":13,"enemies":"Colosseum Nobs","floor":29,"turns":7},{"damage":66,"enemies":"Champ","floor":33,"turns":11}],"seed_played":"6250492647791245727","potions_obtained":[{"floor":4,"key":"Energy Potion"},{"floor":5,"key":"Fire Potion"},{"floor":7,"key":"Regen Potion"},{"floor":14,"key":"Swift Potion"},{"floor":22,"key":"FairyPotion"},{"floor":27,"key":"Weak Potion"},{"floor":29,"key":"EssenceOfSteel"}],"is_trial":false,"path_per_floor":["M","?","T","M","M","R","M","E","T","R","M","M","M","M","R","B",null,"M","$","M","$","M","R","E","R","T","M","?","?","?","$","R","B"],"character_chosen":"THE_SILENT","items_purchased":["Well Laid Plans","Calculated Gamble","Centennial Puzzle"],"campfire_rested":3,"item_purchase_floors":[19,21,31],"current_hp_per_floor":[76,76,76,76,73,73,65,48,48,48,48,43,43,38,38,50,76,61,61,53,53,28,53,32,57,57,42,26,5,5,5,31,0],"gold":50,"neow_bonus":"TWENTY_PERCENT_HP_BONUS","is_prod":false,"is_daily":false,"chose_seed":false,"campfire_upgraded":3,"win_rate":0,"timestamp":1570902749,"path_taken":["M","?","?","M","M","R","M","E","T","R","M","M","M","M","R","BOSS","M","$","M","$","?","R","E","R","T","M","?","?","?","?","R","BOSS"],"build_version":"2019-07-17","purchased_purges":1,"victory":false,"max_hp_per_floor":[84,84,84,84,84,84,84,84,84,84,84,84,84,84,84,84,84,84,84,84,84,84,84,84,84,84,84,89,89,89,89,89,89],"card_choices":[{"not_picked":["Acrobatics","Slice","Tactician"],"picked":"SKIP","floor":1},{"not_picked":["Acrobatics","Prepared"],"picked":"PiercingWail","floor":4},{"not_picked":["Deflect","Prepared"],"picked":"Backflip","floor":5},{"not_picked":["Skewer","Sucker Punch"],"picked":"Flying Knee","floor":7},{"not_picked":["Eviscerate","PiercingWail"],"picked":"Dagger Spray","floor":8},{"not_picked":["Dagger Spray","Prepared"],"picked":"Bouncing Flask","floor":11},{"not_picked":["Underhanded Strike","Bouncing Flask"],"picked":"Noxious Fumes","floor":12},{"not_picked":["Endless Agony","Deflect"],"picked":"Quick Slash","floor":13},{"not_picked":["PiercingWail","Choke"],"picked":"Deadly Poison","floor":14},{"not_picked":["Grand Finale","Corpse Explosion"],"picked":"Wraith Form v2","floor":16},{"not_picked":["Outmaneuver+1","Terror"],"picked":"Poisoned Stab+1","floor":18},{"not_picked":["Tactician","Underhanded Strike","Choke"],"picked":"SKIP","floor":20},{"not_picked":["Well Laid Plans+1","Backstab"],"picked":"Blur+1","floor":22},{"not_picked":["Outmaneuver","Distraction","Riddle With Holes"],"picked":"SKIP","floor":24},{"not_picked":["Dagger Spray","Prepared"],"picked":"Deadly Poison+1","floor":27},{"not_picked":["Dodge and Roll+1","Terror"],"picked":"Bullet Time","floor":29}],"player_experience":255593,"relics_obtained":[{"floor":3,"key":"Oddly Smooth Stone"},{"floor":8,"key":"Gremlin Horn"},{"floor":9,"key":"Sundial"},{"floor":24,"key":"Art of War"},{"floor":26,"key":"Peace Pipe"},{"floor":29,"key":"WingedGreaves"},{"floor":29,"key":"Bottled Lightning"}],"event_choices":[{"damage_healed":0,"gold_gain":0,"player_choice":"Grow","damage_taken":0,"max_hp_gain":0,"max_hp_loss":0,"event_name":"Living Wall","floor":2,"gold_loss":0,"cards_upgraded":["Neutralize"]},{"damage_healed":0,"gold_gain":0,"player_choice":"Shed Blood","damage_taken":21,"max_hp_gain":5,"max_hp_loss":0,"event_name":"Forgotten Altar","floor":28,"gold_loss":0},{"damage_healed":0,"gold_gain":0,"player_choice":"Fight","damage_taken":0,"max_hp_gain":0,"max_hp_loss":0,"event_name":"Colosseum","floor":29,"gold_loss":0},{"damage_healed":0,"gold_gain":0,"player_choice":"Fought Nobs","damage_taken":0,"max_hp_gain":0,"max_hp_loss":0,"event_name":"Colosseum","floor":29,"gold_loss":0},{"damage_healed":0,"gold_gain":0,"player_choice":"Ignored","damage_taken":0,"max_hp_gain":0,"max_hp_loss":0,"event_name":"Ghosts","floor":30,"gold_loss":0}],"is_beta":false,"boss_relics":[{"not_picked":["Pandora\u0027s Box","Black Star"],"picked":"Ring of the Serpent"}],"items_purged_floors":[19],"is_endless":false,"potions_floor_spawned":[4,5,7,14,22,27,29,29],"killed_by":"Champ","ascension_level":5}