{"gold_per_floor":[116,130,110,127,142,142,176,176,199,211,398,429,472,484],"floor_reached":14,"playtime":743,"items_purged":[],"score":135,"play_id":"4f276010-d1e2-480e-8f6e-2b060bb1f17e","local_time":"20190918204642","is_ascension_mode":true,"campfire_choices":[{"floor":6,"key":"REST"}],"neow_cost":"PERCENT_DAMAGE","seed_source_timestamp":3203642239224500,"circlet_count":0,"master_deck":["Strike_B","Strike_B","Defend_B","Defend_B","Defend_B","Defend_B","Zap","Dualcast","Reboot","Reinforced Body","Go for the Eyes","Leap","Gash","Coolheaded","Hologram","Doubt","Aggregate","Force Field"],"relics":["Cracked Core","Oddly Smooth Stone","Regal Pillow","MawBank","Darkstone Periapt"],"potions_floor_usage":[5,7,12,14],"damage_taken":[{"damage":0,"enemies":"2 Louse","floor":1,"turns":2},{"damage":0,"enemies":"Cultist","floor":2,"turns":3},{"damage":6,"enemies":"Small Slimes","floor":4,"turns":3},{"damage":0,"enemies":"3 Louse","floor":5,"turns":3},{"damage":6,"enemies":"Gremlin Nob","floor":7,"turns":4},{"damage":1,"enemies":"2 Fungi Beasts","floor":12,"turns":5},{"damage":12,"enemies":"3 Sentries","floor":13,"turns":12},{"damage":51,"enemies":"Gremlin Gang","floor":14,"turns":3}],"seed_played":"1663684095525444380","potions_obtained":[{"floor":1,"key":"Weak Potion"},{"floor":3,"key":"Poison Potion"},{"floor":4,"key":"Swift Potion"},{"floor":5,"key":"SkillPotion"}],"is_trial":false,"path_per_floor":["M","M","?","M","M","R","E","?","T","$","?","M","E","M"],"character_chosen":"DEFECT","items_purchased":[],"campfire_rested":1,"item_purchase_floors":[],"current_hp_per_floor":[50,50,50,44,44,66,60,53,53,53,53,52,40,0],"gold":484,"neow_bonus":"TRANSFORM_TWO_CARDS","is_prod":false,"is_daily":false,"chose_seed":false,"campfire_upgraded":0,"win_rate":0,"timestamp":1568832402,"path_taken":["M","M","?","M","?","R","E","?","T","$","?","M","E","M"],"build_version":"2019-07-17","purchased_purges":0,"victory":false,"max_hp_per_floor":[75,75,75,75,75,75,75,75,75,75,75,75,75,75],"card_choices":[{"not_picked":["Aggregate","Hologram"],"picked":"Go for the Eyes","floor":1},{"not_picked":["Fusion","Undo"],"picked":"Leap","floor":2},{"not_picked":["Redo","Beam Cell"],"picked":"Gash","floor":4},{"not_picked":["Leap","Rip and Tear"],"picked":"Coolheaded","floor":5},{"not_picked":["Rip and Tear","Cold Snap"],"picked":"Hologram","floor":7},{"not_picked":["Cold Snap","Ball Lightning"],"picked":"Aggregate","floor":12},{"not_picked":["Beam Cell","Coolheaded"],"picked":"Force Field","floor":13}],"player_experience":249601,"relics_obtained":[{"floor":7,"key":"Oddly Smooth Stone"},{"floor":9,"key":"MawBank"},{"floor":13,"key":"Darkstone Periapt"}],"event_choices":[{"damage_healed":0,"gold_gain":0,"player_choice":"Bought 1 Potion","damage_taken":0,"max_hp_gain":0,"max_hp_loss":0,"event_name":"The Woman in Blue","floor":3,"gold_loss":0},{"damage_healed":0,"gold_gain":0,"player_choice":"Success","damage_taken":7,"relics_obtained":["Regal Pillow"],"max_hp_gain":0,"max_hp_loss":0,"event_name":"Scrap Ooze","floor":8,"gold_loss":0},{"damage_healed":0,"gold_gain":175,"player_choice":"AGREE","damage_taken":0,"max_hp_gain":0,"max_hp_loss":0,"event_name":"Liars Game","floor":11,"gold_loss":0,"cards_obtained":["Doubt"]}],"is_beta":false,"boss_relics":[],"items_purged_floors":[],"is_endless":false,"potions_floor_spawned":[1,4,5],"killed_by":"Gremlin Gang","ascension_level":7}