{"gold_per_floor":[110,110,124,136,146,178,202,214,253,292,316,328,340,419,431,546,558,587,15,65,82,101,128,277,277,325,335,367,380,392,69,69,69],"floor_reached":33,"playtime":1774,"items_purged":["Entrench"],"score":424,"play_id":"1e3fc4dd-d84e-45c9-b75d-1d4948af7b46","local_time":"20190918053714","is_ascension_mode":true,"campfire_choices":[{"data":"Double Tap","floor":8,"key":"SMITH"},{"floor":12,"key":"REST"},{"data":"Bash","floor":15,"key":"SMITH"},{"data":"Whirlwind","floor":25,"key":"SMITH"},{"data":"Armaments","floor":32,"key":"SMITH"}],"neow_cost":"NONE","seed_source_timestamp":3148037555299900,"circlet_count":0,"master_deck":["Bash+1","Ghostly Armor","Reckless Charge","Shrug It Off","Flex","Thunderclap","Double Tap+1","Thunderclap","Whirlwind+1","Carnage","Disarm","Immolate","Offering","Limit Break","True Grit","Iron Wave","Thunderclap","Bloodletting","Bludgeon","Blood for Blood","Feed","Rage","Iron Wave","Clash","Rage","Seeing Red+1","Ghostly Armor","Warcry+1","Armaments+1","Inflame"],"relics":["Burning Blood","MawBank","Red Skull","Happy Flower","SsserpentHead","Pandora\u0027s Box","Chemical X","Art of War","Bag of Preparation","Vajra","Sundial","Ornamental Fan"],"potions_floor_usage":[6,10,14,22,23,27,28],"damage_taken":[{"damage":0,"enemies":"Small Slimes","floor":1,"turns":3},{"damage":0,"enemies":"Cultist","floor":3,"turns":3},{"damage":4,"enemies":"Jaw Worm","floor":4,"turns":5},{"damage":9,"enemies":"Red Slaver","floor":5,"turns":4},{"damage":21,"enemies":"Gremlin Nob","floor":6,"turns":5},{"damage":8,"enemies":"Exordium Thugs","floor":7,"turns":5},{"damage":32,"enemies":"3 Sentries","floor":10,"turns":8},{"damage":6,"enemies":"Looter","floor":11,"turns":3},{"damage":3,"enemies":"Blue Slaver","floor":14,"turns":2},{"damage":48,"enemies":"Slime Boss","floor":16,"turns":6},{"damage":6,"enemies":"3 Byrds","floor":18,"turns":3},{"damage":20,"enemies":"Shell Parasite","floor":21,"turns":4},{"damage":2,"enemies":"Chosen and Byrds","floor":22,"turns":3},{"damage":6,"enemies":"Slavers","floor":23,"turns":2},{"damage":3,"enemies":"Centurion and Healer","floor":27,"turns":2},{"damage":21,"enemies":"Gremlin Leader","floor":28,"turns":4},{"damage":6,"enemies":"Snake Plant","floor":29,"turns":2},{"damage":7,"enemies":"Sentry and Sphere","floor":30,"turns":4},{"damage":67,"enemies":"Automaton","floor":33,"turns":6}],"seed_played":"8454408306246242719","potions_obtained":[{"floor":4,"key":"GamblersBrew"},{"floor":5,"key":"Swift Potion"},{"floor":7,"key":"FearPotion"},{"floor":11,"key":"Energy Potion"},{"floor":14,"key":"SpeedPotion"},{"floor":23,"key":"Swift Potion"},{"floor":27,"key":"Block Potion"},{"floor":29,"key":"FearPotion"}],"is_trial":false,"path_per_floor":["M","?","M","M","M","E","M","R","T","E","M","R","?","M","R","B",null,"M","$","?","M","M","E","?","R","T","M","E","M","M","$","R","B"],"character_chosen":"IRONCLAD","items_purchased":["Chemical X","Art of War","Feed","Ornamental Fan","Inflame"],"campfire_rested":1,"item_purchase_floors":[19,19,19,31,31],"current_hp_per_floor":[86,86,88,88,85,70,68,68,68,42,42,68,68,71,71,29,73,73,73,73,59,66,69,69,69,69,72,57,57,56,56,56,0],"gold":69,"neow_bonus":"TEN_PERCENT_HP_BONUS","is_prod":false,"is_daily":false,"chose_seed":false,"campfire_upgraded":4,"win_rate":0,"timestamp":1568777834,"path_taken":["M","?","?","M","M","E","M","R","T","E","M","R","?","?","R","BOSS","M","$","?","M","M","E","?","R","T","M","E","M","M","$","R","BOSS"],"build_version":"2019-07-17","purchased_purges":1,"victory":false,"max_hp_per_floor":[88,88,88,88,88,88,88,88,88,88,88,88,88,88,88,88,88,88,88,88,88,91,94,94,94,94,94,94,94,94,94,94,94],"card_choices":[{"not_picked":["Heavy Blade","Shrug It Off"],"picked":"Ghostly Armor","floor":1},{"not_picked":["True Grit","Clothesline"],"picked":"Shrug It Off","floor":3},{"not_picked":["Warcry","Clothesline"],"picked":"Flex","floor":4},{"not_picked":["Clothesline","Armaments"],"picked":"Thunderclap","floor":5},{"not_picked":["Anger","Perfected Strike"],"picked":"Double Tap","floor":6},{"not_picked":["Anger","Body Slam"],"picked":"Thunderclap","floor":7},{"not_picked":["Inflame","Burning Pact"],"picked":"Whirlwind","floor":10},{"not_picked":["Twin Strike","Body Slam"],"picked":"Carnage","floor":11},{"not_picked":["Thunderclap","Rupture"],"picked":"Disarm","floor":14},{"not_picked":["Dark Embrace","Barricade"],"picked":"Immolate","floor":16},{"not_picked":["Sword Boomerang","Heavy Blade"],"picked":"Blood for Blood","floor":18},{"not_picked":["True Grit","Sentinel"],"picked":"Iron Wave","floor":21},{"not_picked":["Thunderclap","Dark Embrace"],"picked":"Clash","floor":22},{"not_picked":["Body Slam","Cleave"],"picked":"Rage","floor":23},{"not_picked":["Shrug It Off+1","Burning Pact"],"picked":"Seeing Red+1","floor":27},{"not_picked":["Uppercut","True Grit"],"picked":"Ghostly Armor","floor":28},{"not_picked":["Sentinel","Clash"],"picked":"Warcry+1","floor":29},{"not_picked":["Blood for Blood+1","Pommel Strike"],"picked":"Armaments","floor":30}],"player_experience":239064,"relics_obtained":[{"floor":6,"key":"MawBank"},{"floor":9,"key":"Red Skull"},{"floor":10,"key":"Happy Flower"},{"floor":23,"key":"Bag of Preparation"},{"floor":26,"key":"Vajra"},{"floor":28,"key":"Sundial"}],"event_choices":[{"damage_healed":0,"gold_gain":0,"cards_transformed":["Strike_R"],"player_choice":"Transformed","damage_taken":0,"max_hp_gain":0,"max_hp_loss":0,"event_name":"Transmorgrifier","floor":2,"gold_loss":0,"cards_obtained":["Reckless Charge"]},{"damage_healed":0,"gold_gain":0,"player_choice":"Trade","damage_taken":0,"relics_obtained":["SsserpentHead"],"max_hp_gain":0,"max_hp_loss":0,"event_name":"FaceTrader","floor":13,"gold_loss":0},{"damage_healed":0,"gold_gain":0,"player_choice":"Read","damage_taken":0,"max_hp_gain":0,"max_hp_loss":0,"event_name":"The Library","floor":20,"gold_loss":0,"cards_obtained":["Rage"]},{"damage_healed":0,"gold_gain":99,"player_choice":"Stole From Cult","damage_taken":0,"max_hp_gain":0,"max_hp_loss":0,"event_name":"Nest","floor":24,"gold_loss":0}],"is_beta":false,"boss_relics":[{"not_picked":["Snecko Eye","Runic Pyramid"],"picked":"Pandora\u0027s Box"}],"items_purged_floors":[19],"is_endless":false,"potions_floor_spawned":[4,5,7,11,14,23,27,29],"killed_by":"Automaton","ascension_level":6}