{"gold_per_floor":[214,389,389,389,52,52,75,75,75,75,91,91,40,56,56,175,175,196,210,228,243,343,362,386,400,423,459,471,499,511,541,553,688,700,733,745,757,769,796,831,858,883,895,907],"floor_reached":44,"playtime":968,"items_purged":["Doubt"],"score":458,"play_id":"f02cb962-4692-4de1-a832-03f8e41bb80f","local_time":"20190907231530","is_ascension_mode":false,"campfire_choices":[{"data":"Inflame","floor":6,"key":"SMITH"},{"data":"Flex","floor":8,"key":"SMITH"},{"floor":10,"key":"REST"},{"data":"Anger","floor":12,"key":"SMITH"},{"data":"Heavy Blade","floor":15,"key":"SMITH"},{"data":"Demon Form","floor":28,"key":"SMITH"},{"floor":30,"key":"REST"},{"data":"Heavy Blade","floor":32,"key":"SMITH"}],"neow_cost":"NONE","seed_source_timestamp":696894128740400,"circlet_count":0,"master_deck":["Strike_R","Strike_R","Strike_R","Strike_R","Strike_R","Defend_R","Defend_R","Defend_R","Defend_R","Bash","Flex+1","Inflame+1","Anger+1","Heavy Blade+1","Heavy Blade+1","Demon Form+1","Dropkick","Armaments+1","Cleave","Rage+1","Iron Wave+1","Feed","Dropkick+1","Enlightenment","Havoc+1"],"relics":["Burning Blood","Golden Idol","Oddly Smooth Stone","Brimstone","Calipers","Velvet Choker","MawBank","Busted Crown","Self Forming Clay","Nunchaku"],"potions_floor_usage":[16,16,21,29,33,33,40,42,44],"damage_taken":[{"damage":10,"enemies":"Cultist","floor":1,"turns":4},{"damage":3,"enemies":"Small Slimes","floor":7,"turns":2},{"damage":12,"enemies":"Jaw Worm","floor":11,"turns":3},{"damage":3,"enemies":"Exordium Thugs","floor":14,"turns":3},{"damage":69,"enemies":"Hexaghost","floor":16,"turns":5},{"damage":0,"enemies":"Spheric Guardian","floor":18,"turns":2},{"damage":3,"enemies":"Chosen","floor":19,"turns":3},{"damage":13,"enemies":"Centurion and Healer","floor":20,"turns":3},{"damage":29,"enemies":"Shelled Parasite and Fungi","floor":21,"turns":3},{"damage":7,"enemies":"3 Cultists","floor":23,"turns":3},{"damage":12,"enemies":"Sentry and Sphere","floor":24,"turns":3},{"damage":11,"enemies":"Snecko","floor":25,"turns":3},{"damage":3,"enemies":"Cultist and Chosen","floor":27,"turns":3},{"damage":7,"enemies":"Centurion and Healer","floor":29,"turns":3},{"damage":18,"enemies":"Chosen and Byrds","floor":31,"turns":4},{"damage":21,"enemies":"Collector","floor":33,"turns":4},{"damage":29,"enemies":"3 Shapes","floor":35,"turns":3},{"damage":33,"enemies":"3 Darklings","floor":39,"turns":6},{"damage":15,"enemies":"Jaw Worm Horde","floor":40,"turns":3},{"damage":26,"enemies":"Sphere and 2 Shapes","floor":41,"turns":4},{"damage":28,"enemies":"Spire Growth","floor":42,"turns":3},{"damage":13,"enemies":"Transient","floor":44,"turns":3}],"seed_played":"-2618347859793102530","potions_obtained":[{"floor":7,"key":"FearPotion"},{"floor":14,"key":"Regen Potion"},{"floor":16,"key":"Energy Potion"},{"floor":21,"key":"AttackPotion"},{"floor":25,"key":"Weak Potion"},{"floor":27,"key":"FearPotion"},{"floor":29,"key":"BloodPotion"},{"floor":31,"key":"AttackPotion"},{"floor":39,"key":"SkillPotion"},{"floor":41,"key":"Block Potion"}],"is_trial":false,"path_per_floor":["M","?","?","?","$","R","M","R","T","R","M","R","$","M","R","B",null,"M","M","M","M","?","M","M","M","T","M","R","M","R","M","R","B",null,"M","?","T","?","M","M","M","M","T","M"],"character_chosen":"IRONCLAD","items_purchased":["Inflame","Brimstone","Shrug It Off"],"campfire_rested":2,"item_purchase_floors":[5,5,13],"current_hp_per_floor":[76,76,56,44,44,44,47,47,47,71,65,65,65,68,68,19,80,80,80,73,50,50,49,43,38,38,41,41,40,64,52,52,37,80,60,60,60,60,33,47,30,8,8,0],"gold":907,"neow_bonus":"HUNDRED_GOLD","is_prod":false,"is_daily":false,"chose_seed":false,"campfire_upgraded":6,"win_rate":0,"timestamp":1567890930,"path_taken":["M","?","?","?","?","R","M","R","T","R","M","R","$","?","R","BOSS","M","M","M","?","?","M","M","M","T","?","R","M","R","M","R","BOSS","M","?","?","?","M","?","?","M","T","M"],"build_version":"2019-07-17","purchased_purges":1,"victory":false,"max_hp_per_floor":[80,80,80,80,80,80,80,80,80,80,80,80,80,80,80,80,80,80,80,80,80,80,80,80,80,80,80,80,80,80,80,80,80,80,83,83,83,83,83,86,89,89,89,89],"card_choices":[{"not_picked":["Iron Wave","Perfected Strike"],"picked":"Flex","floor":1},{"not_picked":["Armaments","Wild Strike","Body Slam"],"picked":"SKIP","floor":7},{"not_picked":["Spot Weakness","Sword Boomerang"],"picked":"Anger","floor":11},{"not_picked":["Body Slam","Entrench"],"picked":"Heavy Blade","floor":14},{"not_picked":["Rupture+1","Bloodletting"],"picked":"Heavy Blade","floor":18},{"not_picked":["Rampage","Thunderclap","Shrug It Off"],"picked":"SKIP","floor":19},{"not_picked":["Clothesline+1","Thunderclap"],"picked":"Demon Form","floor":20},{"not_picked":["Combust","Pommel Strike+1"],"picked":"Dropkick","floor":21},{"not_picked":["Combust+1","Armaments","Warcry"],"picked":"SKIP","floor":23},{"not_picked":["Fire Breathing","Feel No Pain"],"picked":"Armaments+1","floor":24},{"not_picked":["True Grit","Sever Soul","Carnage"],"picked":"SKIP","floor":25},{"not_picked":["Pummel","Shrug It Off"],"picked":"Cleave","floor":27},{"not_picked":["Bloodletting","Sever Soul"],"picked":"Rage+1","floor":29},{"not_picked":["Combust+1","Perfected Strike"],"picked":"Iron Wave+1","floor":31},{"not_picked":["Barricade","Brutality"],"picked":"Feed","floor":33},{"not_picked":[],"picked":"Dropkick+1","floor":35},{"not_picked":[],"picked":"Enlightenment","floor":36},{"not_picked":["Wild Strike+1"],"picked":"SKIP","floor":39},{"not_picked":[],"picked":"Havoc+1","floor":40},{"not_picked":["Headbutt"],"picked":"SKIP","floor":41},{"not_picked":["Clothesline+1"],"picked":"SKIP","floor":42}],"player_experience":220536,"relics_obtained":[{"floor":9,"key":"Calipers"},{"floor":26,"key":"MawBank"},{"floor":37,"key":"Self Forming Clay"},{"floor":43,"key":"Nunchaku"}],"event_choices":[{"damage_healed":0,"gold_gain":175,"player_choice":"AGREE","damage_taken":0,"max_hp_gain":0,"max_hp_loss":0,"event_name":"Liars Game","floor":2,"gold_loss":0,"cards_obtained":["Doubt"]},{"damage_healed":0,"gold_gain":0,"player_choice":"Take Damage","damage_taken":20,"relics_obtained":["Golden Idol"],"max_hp_gain":0,"max_hp_loss":0,"event_name":"Golden Idol","floor":3,"gold_loss":0},{"damage_healed":0,"gold_gain":0,"player_choice":"Success","damage_taken":12,"relics_obtained":["Oddly Smooth Stone"],"max_hp_gain":0,"max_hp_loss":0,"event_name":"Scrap Ooze","floor":4,"gold_loss":0},{"damage_healed":0,"gold_gain":100,"player_choice":"Pray","damage_taken":0,"max_hp_gain":0,"max_hp_loss":0,"event_name":"Golden Shrine","floor":22,"gold_loss":0},{"damage_healed":0,"gold_gain":0,"player_choice":"Memory 1","damage_taken":0,"max_hp_gain":0,"max_hp_loss":0,"event_name":"SensoryStone","floor":36,"gold_loss":0},{"cards_removed":["Shrug It Off"],"damage_healed":0,"gold_gain":0,"player_choice":"Removed Skill","damage_taken":0,"max_hp_gain":0,"max_hp_loss":0,"event_name":"Falling","floor":38,"gold_loss":0}],"is_beta":false,"boss_relics":[{"not_picked":["Philosopher\u0027s Stone","White Beast Statue"],"picked":"Velvet Choker"},{"not_picked":["Snecko Eye","Runic Dome"],"picked":"Busted Crown"}],"items_purged_floors":[5],"is_endless":false,"potions_floor_spawned":[7,14,16,21,25,27,29,31,39,41],"killed_by":"Transient","ascension_level":0}