{"gold_per_floor":[111,121,121,121,121,121,136,154,154,188,188,222,3,3,3,96,96,121,146,17,17,30,30,103,103],"floor_reached":25,"playtime":922,"items_purged":["Strike_G"],"score":435,"play_id":"57c0b1ed-b286-4bb0-b444-3b12a0aeb1ab","local_time":"20191005074806","is_ascension_mode":true,"campfire_choices":[{"floor":6.0,"key":"REST"},{"floor":11.0,"key":"REST"},{"data":"Infinite Blades","floor":15.0,"key":"SMITH"},{"floor":23.0,"key":"REST"}],"neow_cost":"NONE","seed_source_timestamp":553628902683599,"circlet_count":0,"master_deck":["AscendersBane","Strike_G+1","Strike_G+1","Strike_G","Strike_G","Defend_G","Defend_G","Defend_G","Defend_G","Defend_G","Survivor","Neutralize","Crippling Poison+1","Infinite Blades+1","Deadly Poison","PiercingWail","Dash","Caltrops","Deflect","Corpse Explosion","Underhanded Strike","Caltrops","Backflip","Noxious Fumes","Terror"],"special_seed":0,"relics":["Ring of the Snake","Golden Idol","Ornamental Fan","Singing Bowl","Bag of Preparation","HoveringKite","Enchiridion","Tiny Chest"],"potions_floor_usage":[24],"damage_taken":[{"damage":7.0,"enemies":"Jaw Worm","floor":1.0,"turns":6.0},{"damage":6.0,"enemies":"2 Louse","floor":2.0,"turns":3.0},{"damage":0.0,"enemies":"Cultist","floor":7.0,"turns":3.0},{"damage":4.0,"enemies":"Blue Slaver","floor":8.0,"turns":4.0},{"damage":2.0,"enemies":"Lagavulin","floor":10.0,"turns":5.0},{"damage":11.0,"enemies":"Gremlin Nob","floor":12.0,"turns":4.0},{"damage":33.0,"enemies":"Hexaghost","floor":16.0,"turns":10.0},{"damage":11.0,"enemies":"Chosen","floor":18.0,"turns":5.0},{"damage":24.0,"enemies":"Shell Parasite","floor":19.0,"turns":6.0},{"damage":6.0,"enemies":"Snake Plant","floor":22.0,"turns":3.0},{"damage":22,"enemies":"Slavers","floor":24,"turns":3}],"seed_played":"8938032125664425346","potions_obtained":[{"floor":1.0,"key":"PowerPotion"},{"floor":10.0,"key":"Block Potion"},{"floor":16.0,"key":"Weak Potion"},{"floor":22.0,"key":"EssenceOfSteel"}],"is_trial":false,"path_per_floor":["M","M","?","?","?","R","M","M","T","E","R","E","$","?","R","B",null,"M","M","$","?","M","R","E","?"],"character_chosen":"THE_SILENT","items_purchased":["GhostInAJar","Caltrops","Deflect","Backflip"],"campfire_rested":3,"item_purchase_floors":[13,13,13,20],"current_hp_per_floor":[58,52,27,27,5,26,26,22,22,20,41,30,30,72,72,39,64,53,29,29,8,2,23,1,0],"gold":103,"neow_bonus":"TEN_PERCENT_HP_BONUS","is_prod":false,"is_daily":false,"chose_seed":false,"campfire_upgraded":1,"win_rate":0,"timestamp":1570254486,"path_taken":["M","M","?","?","?","R","M","M","T","E","R","E","$","?","R","BOSS","M","M","?","?","M","R","E","?"],"build_version":"2019-07-17","purchased_purges":1,"victory":false,"max_hp_per_floor":[72,72,72,72,72,72,72,72,72,72,72,72,72,72,72,72,72,72,72,72,72,72,72,72,72],"card_choices":[{"not_picked":["Deadly Poison","Outmaneuver"],"picked":"Crippling Poison","floor":1.0},{"not_picked":["Blade Dance","Sucker Punch"],"picked":"Skewer","floor":2.0},{"not_picked":["Dodge and Roll","Acrobatics"],"picked":"Infinite Blades","floor":7.0},{"not_picked":["Dagger Throw","Quick Slash"],"picked":"Deadly Poison","floor":8.0},{"not_picked":["All Out Attack","Endless Agony"],"picked":"PiercingWail","floor":10.0},{"not_picked":["Acrobatics","Blur"],"picked":"Dash","floor":12.0},{"not_picked":["Night Terror","Bullet Time"],"picked":"Corpse Explosion","floor":16.0},{"not_picked":["Deflect","Blade Dance"],"picked":"Underhanded Strike","floor":18.0},{"not_picked":["Deflect","Accuracy"],"picked":"Caltrops","floor":19.0},{"not_picked":["Well Laid Plans","Bane"],"picked":"Noxious Fumes","floor":22.0},{"not_picked":["Outmaneuver","Deadly Poison"],"picked":"Terror","floor":24}],"player_experience":423810,"relics_obtained":[{"floor":9.0,"key":"Ornamental Fan"},{"floor":10.0,"key":"Singing Bowl"},{"floor":12.0,"key":"Bag of Preparation"},{"floor":21.0,"key":"Enchiridion"},{"floor":24,"key":"Tiny Chest"}],"event_choices":[{"damage_healed":0.0,"max_hp_gain":0.0,"max_hp_loss":0.0,"gold_gain":0.0,"event_name":"Golden Idol","player_choice":"Take Damage","floor":3.0,"gold_loss":0.0,"damage_taken":25.0,"relics_obtained":["Golden Idol"]},{"damage_healed":0.0,"max_hp_gain":0.0,"max_hp_loss":0.0,"gold_gain":0.0,"event_name":"Living Wall","player_choice":"Grow","floor":4.0,"gold_loss":0.0,"damage_taken":0.0,"cards_upgraded":["Crippling Poison"]},{"damage_healed":0.0,"max_hp_gain":0.0,"max_hp_loss":0.0,"gold_gain":0.0,"event_name":"Shining Light","player_choice":"Entered Light","floor":5.0,"gold_loss":0.0,"damage_taken":22.0,"cards_upgraded":["Strike_G","Strike_G"]},{"cards_removed":["Skewer"],"damage_healed":42.0,"max_hp_gain":0.0,"max_hp_loss":0.0,"gold_gain":0.0,"event_name":"Bonfire Elementals","player_choice":"Offered Uncommon","floor":14.0,"gold_loss":0.0,"damage_taken":0.0},{"damage_healed":0.0,"max_hp_gain":0.0,"max_hp_loss":0.0,"gold_gain":0.0,"event_name":"Cursed Tome","player_choice":"Obtained Book","floor":21.0,"gold_loss":0.0,"damage_taken":21.0}],"is_beta":false,"boss_relics":[{"not_picked":["Snecko Eye","Black Star"],"picked":"HoveringKite"}],"items_purged_floors":[20],"is_endless":false,"potions_floor_spawned":[1,10,16,22],"ascension_level":18}