{"gold_per_floor":[109,109,127,151,162,197,46,76,76,100,113,0,0,19,19,119,119,132,132,147,166,176,176,209,209,209,209],"floor_reached":27,"playtime":1475,"items_purged":["Strike_G"],"score":328,"play_id":"304231aa-fe86-472e-beb8-11ed2dd405bb","local_time":"20190918060204","is_ascension_mode":true,"campfire_choices":[{"floor":13,"key":"REST"},{"floor":15,"key":"REST"},{"floor":23,"key":"REST"},{"floor":25,"key":"REST"}],"neow_cost":"NONE","seed_source_timestamp":3149831509764400,"circlet_count":0,"master_deck":["Strike_G","Strike_G+1","Strike_G+1","Strike_G","Defend_G","Defend_G","Defend_G","Defend_G","Defend_G","Survivor","Neutralize","Escape Plan","Deadly Poison","Deadly Poison","Caltrops","Corpse Explosion","Crippling Poison","Venomology","Terror","PiercingWail","Noxious Fumes","Dodge and Roll","After Image","Heel Hook","Catalyst","Well Laid Plans+1","Crippling Poison","Distraction"],"relics":["Black Star","Omamori","Whetstone","Darkstone Periapt","Boot","Question Card","Pantograph","Odd Mushroom","Sozu","Enchiridion","Singing Bowl","Pear","Orichalcum"],"potions_floor_usage":[8,10,14,16,16,21,22],"damage_taken":[{"damage":0,"enemies":"2 Louse","floor":1,"turns":2},{"damage":0,"enemies":"Jaw Worm","floor":3,"turns":6},{"damage":1,"enemies":"Cultist","floor":5,"turns":4},{"damage":24,"enemies":"Lagavulin","floor":6,"turns":7},{"damage":5,"enemies":"3 Sentries","floor":8,"turns":4},{"damage":23,"enemies":"The Mushroom Lair","floor":10,"turns":3},{"damage":2,"enemies":"2 Fungi Beasts","floor":11,"turns":3},{"damage":8,"enemies":"Exordium Wildlife","floor":14,"turns":4},{"damage":55,"enemies":"Slime Boss","floor":16,"turns":11},{"damage":11,"enemies":"Shell Parasite","floor":18,"turns":6},{"damage":0,"enemies":"3 Byrds","floor":20,"turns":3},{"damage":17,"enemies":"Snake Plant","floor":21,"turns":5},{"damage":1,"enemies":"Shelled Parasite and Fungi","floor":22,"turns":4},{"damage":31,"enemies":"Slavers","floor":24,"turns":5},{"damage":38,"enemies":"Chosen and Byrds","floor":27,"turns":6}],"seed_played":"7957202662104041316","potions_obtained":[{"floor":3,"key":"SpeedPotion"},{"floor":6,"key":"SpeedPotion"},{"floor":10,"key":"GamblersBrew"},{"floor":14,"key":"SpeedPotion"}],"is_trial":false,"path_per_floor":["M","?","M","T","M","E","$","E","T","?","M","$","R","M","R","B",null,"M","?","M","M","M","R","E","R","T","M"],"character_chosen":"THE_SILENT","items_purchased":["Corpse Explosion","Crippling Poison","Noxious Fumes"],"campfire_rested":4,"item_purchase_floors":[7,7,12],"current_hp_per_floor":[63,63,63,63,62,38,38,33,33,10,8,8,29,21,42,12,56,45,29,29,12,11,32,11,35,35,0],"gold":209,"neow_bonus":"BOSS_RELIC","is_prod":false,"is_daily":false,"chose_seed":false,"campfire_upgraded":0,"win_rate":0,"timestamp":1568779324,"path_taken":["M","?","M","?","?","E","$","E","T","?","M","?","R","M","R","BOSS","M","?","M","M","M","R","E","R","T","M"],"build_version":"2019-07-17","purchased_purges":1,"victory":false,"max_hp_per_floor":[70,70,70,70,70,70,70,70,70,70,70,70,70,70,70,70,70,70,70,70,70,70,70,80,80,80,80],"card_choices":[{"not_picked":["Bane","Blade Dance"],"picked":"Escape Plan","floor":1},{"not_picked":["PiercingWail","Outmaneuver"],"picked":"Deadly Poison","floor":3},{"not_picked":["Cloak And Dagger","Dodge and Roll"],"picked":"Deadly Poison","floor":5},{"not_picked":["Well Laid Plans","Deflect"],"picked":"Caltrops","floor":6},{"not_picked":["Infinite Blades","Outmaneuver"],"picked":"Venomology","floor":8},{"not_picked":["PiercingWail","Flying Knee","Backstab"],"picked":"Terror","floor":10},{"not_picked":["Dagger Spray","Prepared","Blade Dance"],"picked":"PiercingWail","floor":11},{"not_picked":["Riddle With Holes","Bullet Time","Reflex"],"picked":"Dodge and Roll","floor":14},{"not_picked":["Night Terror","Tools of the Trade","Grand Finale"],"picked":"After Image","floor":16},{"not_picked":["Outmaneuver+1","Dodge and Roll","Acrobatics"],"picked":"Heel Hook","floor":18},{"not_picked":["Deflect","Quick Slash","Sucker Punch"],"picked":"Catalyst","floor":20},{"not_picked":["Deadly Poison","Prepared+1","Expertise"],"picked":"Well Laid Plans+1","floor":21},{"not_picked":["Choke","Well Laid Plans","Bullet Time"],"picked":"Crippling Poison","floor":22},{"not_picked":["Blade Dance","Calculated Gamble+1","Dagger Spray"],"picked":"Distraction","floor":24}],"player_experience":240838,"relics_obtained":[{"floor":4,"key":"Omamori"},{"floor":6,"key":"Whetstone"},{"floor":6,"key":"Darkstone Periapt"},{"floor":8,"key":"Boot"},{"floor":8,"key":"Question Card"},{"floor":9,"key":"Pantograph"},{"floor":10,"key":"Odd Mushroom"},{"floor":19,"key":"Enchiridion"},{"floor":24,"key":"Singing Bowl"},{"floor":24,"key":"Pear"},{"floor":26,"key":"Orichalcum"}],"event_choices":[{"damage_healed":0,"gold_gain":0,"player_choice":"Leave","damage_taken":0,"max_hp_gain":0,"max_hp_loss":0,"event_name":"The Cleric","floor":2,"gold_loss":0},{"damage_healed":0,"gold_gain":0,"player_choice":"Fought Mushrooms","damage_taken":0,"max_hp_gain":0,"max_hp_loss":0,"event_name":"Mushrooms","floor":10,"gold_loss":0},{"damage_healed":0,"gold_gain":0,"player_choice":"Obtained Book","damage_taken":16,"max_hp_gain":0,"max_hp_loss":0,"event_name":"Cursed Tome","floor":19,"gold_loss":0}],"is_beta":false,"boss_relics":[{"not_picked":["Tiny House","WristBlade"],"picked":"Sozu"}],"items_purged_floors":[12],"is_endless":false,"potions_floor_spawned":[3,6,10,14,22,24],"killed_by":"Chosen and Byrds","ascension_level":7}