{"gold_per_floor":[119,134,134,59,78,90,90,119,119,119,119,131,131,101,101,101],"floor_reached":16,"playtime":945,"items_purged":["Strike_R"],"score":100,"play_id":"66f5865c-4546-423b-86c2-35d35205870d","local_time":"20190906184741","is_ascension_mode":false,"campfire_choices":[{"data":"Dual Wield","floor":7,"key":"SMITH"},{"floor":10,"key":"REST"},{"floor":15,"key":"REST"}],"neow_cost":"NONE","seed_source_timestamp":2159559606394800,"circlet_count":0,"master_deck":["Strike_R","Strike_R","Strike_R","Strike_R","Defend_R","Defend_R","Defend_R","Defend_R","Bash","Dual Wield+1"],"relics":["Burning Blood","Lantern","Dead Branch","Golden Idol"],"potions_floor_usage":[8,16],"damage_taken":[{"damage":3,"enemies":"2 Louse","floor":1,"turns":3},{"damage":2,"enemies":"Small Slimes","floor":2,"turns":4},{"damage":3,"enemies":"Jaw Worm","floor":5,"turns":4},{"damage":8,"enemies":"Large Slime","floor":6,"turns":6},{"damage":57,"enemies":"3 Sentries","floor":8,"turns":14},{"damage":8,"enemies":"Exordium Wildlife","floor":12,"turns":5},{"damage":0,"enemies":"Looter","floor":14,"turns":4},{"damage":57,"enemies":"Hexaghost","floor":16,"turns":9}],"seed_played":"4094461552195108370","potions_obtained":[{"floor":1,"key":"FearPotion"},{"floor":12,"key":"Dexterity Potion"}],"is_trial":false,"path_per_floor":["M","M","?","$","M","M","R","E","T","R","?","M","?","M","R","B"],"character_chosen":"IRONCLAD","items_purchased":[],"campfire_rested":2,"item_purchase_floors":[],"current_hp_per_floor":[88,88,70,70,73,71,71,20,20,46,46,44,22,28,54,0],"gold":101,"neow_bonus":"TEN_PERCENT_HP_BONUS","is_prod":false,"is_daily":false,"chose_seed":false,"campfire_upgraded":1,"win_rate":0,"timestamp":1567788461,"path_taken":["M","M","?","$","M","M","R","E","T","R","?","M","?","?","R","BOSS"],"build_version":"2019-07-17","purchased_purges":1,"victory":false,"max_hp_per_floor":[88,88,88,88,88,88,88,88,88,88,88,88,88,88,88,88],"card_choices":[{"not_picked":["Flame Barrier","Whirlwind"],"picked":"Dual Wield","floor":1},{"not_picked":["Flex","Cleave","Clothesline"],"picked":"SKIP","floor":2},{"not_picked":["Bloodletting","Metallicize","Havoc"],"picked":"SKIP","floor":5},{"not_picked":["Anger","Disarm","Clothesline"],"picked":"SKIP","floor":6},{"not_picked":["Infernal Blade","Seeing Red","Spot Weakness"],"picked":"SKIP","floor":8},{"not_picked":["Rampage","Power Through","Infernal Blade"],"picked":"SKIP","floor":12},{"not_picked":["Perfected Strike","Seeing Red","Armaments"],"picked":"SKIP","floor":14}],"player_experience":86853,"relics_obtained":[{"floor":8,"key":"Dead Branch"}],"event_choices":[{"damage_healed":0,"gold_gain":0,"player_choice":"Success","damage_taken":18,"relics_obtained":["Lantern"],"max_hp_gain":0,"max_hp_loss":0,"event_name":"Scrap Ooze","floor":3,"gold_loss":0},{"damage_healed":0,"gold_gain":0,"player_choice":"Ignored","damage_taken":0,"max_hp_gain":0,"max_hp_loss":0,"event_name":"Shining Light","floor":11,"gold_loss":0},{"damage_healed":0,"gold_gain":0,"player_choice":"Take Damage","damage_taken":22,"relics_obtained":["Golden Idol"],"max_hp_gain":0,"max_hp_loss":0,"event_name":"Golden Idol","floor":13,"gold_loss":0}],"is_beta":false,"boss_relics":[],"items_purged_floors":[4],"is_endless":false,"potions_floor_spawned":[1,12],"killed_by":"Hexaghost","ascension_level":0}