{"gold_per_floor":[109,109,120,138,138,170,183,183,183,212,212,231,231,250,250,327,327,337,356,356,316,316,316],"floor_reached":23,"playtime":1296,"items_purged":[],"score":332,"play_id":"13a4d12e-a618-40ce-ae12-1ea89b76db2a","local_time":"20190928080958","is_ascension_mode":true,"campfire_choices":[{"floor":8.0,"key":"REST"},{"floor":13,"key":"REST"},{"data":"Footwork","floor":15,"key":"SMITH"}],"neow_cost":"PERCENT_DAMAGE","seed_source_timestamp":4021689227866900,"circlet_count":0,"master_deck":["AscendersBane","Strike_G","Strike_G","Strike_G","Strike_G","Strike_G","Defend_G","Defend_G","Defend_G","Defend_G","Defend_G","Survivor","Neutralize","Footwork+1","Dash","Infinite Blades+1","Adrenaline+1","Backflip","Caltrops","Flying Knee","Concentrate","Burst","Cloak And Dagger+1","Backstab","Shame"],"special_seed":0,"relics":["Ring of the Snake","Torii","Orichalcum","Matryoshka","Tingsha","Juzu Bracelet","Black Star","Blood Vial"],"potions_floor_usage":[12,16,23],"damage_taken":[{"damage":1.0,"enemies":"Jaw Worm","floor":1.0,"turns":8.0},{"damage":1.0,"enemies":"Small Slimes","floor":3.0,"turns":5.0},{"damage":0.0,"enemies":"2 Louse","floor":4.0,"turns":3.0},{"damage":34.0,"enemies":"Gremlin Nob","floor":6.0,"turns":6.0},{"damage":1.0,"enemies":"Looter","floor":7.0,"turns":4.0},{"damage":3.0,"enemies":"3 Sentries","floor":10.0,"turns":11.0},{"damage":1,"enemies":"Lots of Slimes","floor":12,"turns":5},{"damage":1,"enemies":"Large Slime","floor":14,"turns":6},{"damage":9,"enemies":"Hexaghost","floor":16,"turns":13},{"damage":18,"enemies":"Shell Parasite","floor":18,"turns":9},{"damage":9,"enemies":"3 Byrds","floor":19,"turns":3},{"damage":31,"enemies":"Gremlin Leader","floor":23,"turns":7}],"seed_played":"8190387198325391620","potions_obtained":[{"floor":1.0,"key":"Energy Potion"},{"floor":6.0,"key":"GhostInAJar"},{"floor":7.0,"key":"SpeedPotion"},{"floor":10.0,"key":"SteroidPotion"},{"floor":19,"key":"PowerPotion"}],"is_trial":false,"path_per_floor":["M","?","M","M","?","E","M","R","T","E","?","M","R","M","R","B",null,"M","M","?","?","?","E"],"character_chosen":"THE_SILENT","items_purchased":[],"campfire_rested":2,"item_purchase_floors":[],"current_hp_per_floor":[44,49,48,48,48,14,13,35,35,32,20,19,41,40,40,31,64,46,37,37,37,23,0],"gold":316,"neow_bonus":"ONE_RARE_RELIC","is_prod":false,"is_daily":false,"chose_seed":false,"campfire_upgraded":1,"win_rate":0,"timestamp":1569650998,"path_taken":["M","?","M","M","?","E","M","R","T","E","?","M","R","M","R","BOSS","M","M","?","?","?","E"],"build_version":"2019-07-17","purchased_purges":0,"victory":false,"max_hp_per_floor":[70,75,75,75,75,75,75,75,75,75,75,75,75,75,75,75,75,75,75,75,75,80,80],"card_choices":[{"not_picked":["Backstab","Cloak And Dagger"],"picked":"Footwork","floor":1.0},{"not_picked":["Flechettes","Endless Agony"],"picked":"Dash","floor":3.0},{"not_picked":["Backflip","Expertise"],"picked":"Infinite Blades","floor":4.0},{"not_picked":["Leg Sweep","Die Die Die"],"picked":"Adrenaline","floor":6.0},{"not_picked":["Slice","Dagger Throw"],"picked":"Backflip","floor":7.0},{"not_picked":["Distraction","Setup"],"picked":"Caltrops","floor":10.0},{"not_picked":["Poisoned Stab","Quick Slash"],"picked":"Flying Knee","floor":12},{"not_picked":["Quick Slash","Underhanded Strike"],"picked":"Concentrate","floor":14},{"not_picked":["Unload","Glass Knife"],"picked":"Burst","floor":16},{"not_picked":["Dagger Spray","Eviscerate+1"],"picked":"Cloak And Dagger+1","floor":18},{"not_picked":["Escape Plan","Deflect"],"picked":"Backstab","floor":19}],"player_experience":365987,"relics_obtained":[{"floor":6.0,"key":"Orichalcum"},{"floor":9.0,"key":"Matryoshka"},{"floor":10.0,"key":"Tingsha"}],"event_choices":[{"damage_healed":0.0,"max_hp_gain":5.0,"max_hp_loss":0.0,"gold_gain":0.0,"event_name":"Big Fish","player_choice":"Donut","floor":2.0,"gold_loss":0.0,"damage_taken":0.0},{"damage_healed":0.0,"max_hp_gain":0.0,"max_hp_loss":0.0,"gold_gain":0.0,"event_name":"Living Wall","player_choice":"Grow","floor":5.0,"gold_loss":0.0,"damage_taken":0.0,"cards_upgraded":["Infinite Blades"]},{"damage_healed":0.0,"max_hp_gain":0.0,"max_hp_loss":0.0,"gold_gain":0.0,"event_name":"Scrap Ooze","player_choice":"Success","floor":11.0,"gold_loss":0.0,"damage_taken":12.0,"relics_obtained":["Juzu Bracelet"]},{"damage_healed":0,"gold_gain":0,"player_choice":"Stole Relic","damage_taken":0,"relics_obtained":["Blood Vial"],"max_hp_gain":0,"max_hp_loss":0,"event_name":"Addict","floor":20,"gold_loss":0,"cards_obtained":["Shame"]},{"damage_healed":0,"gold_gain":0,"player_choice":"Upgrade","damage_taken":0,"max_hp_gain":0,"max_hp_loss":0,"event_name":"Designer","floor":21,"gold_loss":40,"cards_upgraded":["Adrenaline"]},{"damage_healed":0,"gold_gain":0,"player_choice":"Shed Blood","damage_taken":19,"max_hp_gain":5,"max_hp_loss":0,"event_name":"Forgotten Altar","floor":22,"gold_loss":0}],"is_beta":false,"boss_relics":[{"not_picked":["Coffee Dripper","Empty Cage"],"picked":"Black Star"}],"items_purged_floors":[],"is_endless":false,"potions_floor_spawned":[1,6,7,10,19],"killed_by":"Gremlin Leader","ascension_level":13}