{"gold_per_floor":[114,289,389,400,10,10,44,54,106,125,25,25,54,64,64,169,169,180,55,68,68,83,83,112,112,161,173,98,98],"floor_reached":29,"playtime":2374,"items_purged":["Doubt","Strike_G","Strike_G"],"score":348,"play_id":"a6fc58a9-e4eb-4a85-b202-0355e37a5c91","local_time":"20191011183136","is_ascension_mode":true,"campfire_choices":[{"data":"Neutralize","floor":6,"key":"SMITH"},{"data":"Noxious Fumes","floor":15,"key":"SMITH"},{"data":"Dodge and Roll","floor":23,"key":"SMITH"},{"floor":25,"key":"REST"}],"neow_cost":"NONE","seed_source_timestamp":139430102369000,"circlet_count":0,"master_deck":["Strike_G","Strike_G","Defend_G","Defend_G","Defend_G","Defend_G","Defend_G","Survivor","Neutralize+1","Dash+1","Poisoned Stab","Noxious Fumes+1","Poisoned Stab+1","Backflip","Sucker Punch+1","Flying Knee+1","Die Die Die+1","Dodge and Roll+1","Poisoned Stab+1","Quick Slash+1"],"relics":["Ring of the Snake","NeowsBlessing","Molten Egg 2","Regal Pillow","Dream Catcher","Mummified Hand","White Beast Statue","Anchor","Bag of Preparation"],"potions_floor_usage":[13,18,22,24,27,29],"damage_taken":[{"damage":0,"enemies":"Cultist","floor":1,"turns":1},{"damage":0,"enemies":"2 Louse","floor":4,"turns":1},{"damage":0,"enemies":"3 Sentries","floor":7,"turns":1},{"damage":0,"enemies":"Jaw Worm","floor":8,"turns":4},{"damage":3,"enemies":"3 Louse","floor":10,"turns":4},{"damage":6,"enemies":"Gremlin Nob","floor":13,"turns":3},{"damage":0,"enemies":"Large Slime","floor":14,"turns":8},{"damage":7,"enemies":"The Guardian","floor":16,"turns":9},{"damage":15,"enemies":"Chosen","floor":18,"turns":6},{"damage":3,"enemies":"Shell Parasite","floor":20,"turns":11},{"damage":6,"enemies":"Snecko","floor":22,"turns":4},{"damage":46,"enemies":"Slavers","floor":24,"turns":5},{"damage":24,"enemies":"3 Cultists","floor":27,"turns":5},{"damage":15,"enemies":"Sentry and Sphere","floor":29,"turns":5}],"seed_played":"7383902780915206636","potions_obtained":[{"floor":8,"key":"LiquidBronze"},{"floor":10,"key":"Fire Potion"},{"floor":16,"key":"SteroidPotion"},{"floor":18,"key":"Fruit Juice"},{"floor":20,"key":"Ancient Potion"},{"floor":22,"key":"SteroidPotion"},{"floor":24,"key":"GamblersBrew"},{"floor":27,"key":"Energy Potion"}],"is_trial":false,"path_per_floor":["M","?","?","M","$","R","E","M","T","M","$","?","E","M","R","B",null,"M","$","M","?","M","R","E","R","T","M","?","M"],"character_chosen":"THE_SILENT","items_purchased":["Molten Egg 2","Noxious Fumes"],"campfire_rested":1,"item_purchase_floors":[5,5],"current_hp_per_floor":[70,70,70,70,70,70,70,70,70,67,67,67,61,61,61,54,66,56,56,53,53,47,47,1,38,38,14,14,0],"gold":98,"neow_bonus":"THREE_ENEMY_KILL","is_prod":false,"is_daily":false,"chose_seed":false,"campfire_upgraded":3,"win_rate":0,"timestamp":1570836696,"path_taken":["M","?","?","M","$","R","E","?","T","M","$","?","E","M","R","BOSS","M","$","M","?","M","R","E","R","T","M","?","M"],"build_version":"2019-07-17","purchased_purges":3,"victory":false,"max_hp_per_floor":[70,70,70,70,70,70,70,70,70,70,70,70,70,70,70,70,70,75,75,75,75,75,75,75,75,75,75,75,75],"card_choices":[{"not_picked":["Dodge and Roll","Blade Dance"],"picked":"Dash","floor":1},{"not_picked":["Acrobatics","Slice"],"picked":"Poisoned Stab","floor":4},{"not_picked":["Bane+1","Escape Plan"],"picked":"Poisoned Stab+1","floor":7},{"not_picked":["Outmaneuver","Bouncing Flask"],"picked":"Backflip","floor":8},{"not_picked":["Blur","Reflex"],"picked":"Sucker Punch+1","floor":10},{"not_picked":["Corpse Explosion","Bane+1","Terror"],"picked":"SKIP","floor":13},{"not_picked":["Slice+1","Heel Hook+1"],"picked":"Flying Knee+1","floor":14},{"not_picked":["Envenom","Corpse Explosion"],"picked":"Die Die Die+1","floor":16},{"not_picked":["Eviscerate+1","Cloak And Dagger"],"picked":"Dodge and Roll","floor":18},{"not_picked":["Accuracy","Tactician"],"picked":"Poisoned Stab+1","floor":20},{"not_picked":["Slice+1","Underhanded Strike+1","Reflex"],"picked":"SKIP","floor":22},{"not_picked":["Outmaneuver","Choke+1","Flying Knee+1"],"picked":"SKIP","floor":24},{"not_picked":["Reflex","Cloak And Dagger+1"],"picked":"Quick Slash+1","floor":27}],"player_experience":246559,"relics_obtained":[{"floor":7,"key":"Regal Pillow"},{"floor":9,"key":"Dream Catcher"},{"floor":13,"key":"Mummified Hand"},{"floor":24,"key":"Anchor"},{"floor":26,"key":"Bag of Preparation"}],"event_choices":[{"damage_healed":0,"gold_gain":175,"player_choice":"AGREE","damage_taken":0,"max_hp_gain":0,"max_hp_loss":0,"event_name":"Liars Game","floor":2,"gold_loss":0,"cards_obtained":["Doubt"]},{"damage_healed":0,"gold_gain":100,"player_choice":"Gold","damage_taken":0,"max_hp_gain":0,"max_hp_loss":0,"event_name":"Wheel of Change","floor":3,"gold_loss":0},{"damage_healed":0,"gold_gain":0,"player_choice":"Grow","damage_taken":0,"max_hp_gain":0,"max_hp_loss":0,"event_name":"Living Wall","floor":12,"gold_loss":0,"cards_upgraded":["Dash"]},{"cards_removed":["Strike_G"],"damage_healed":0,"gold_gain":0,"player_choice":"Gave Gold","damage_taken":0,"max_hp_gain":0,"max_hp_loss":0,"event_name":"Beggar","floor":28,"gold_loss":75}],"is_beta":false,"boss_relics":[{"not_picked":["Runic Dome","Eternal Feather"],"picked":"White Beast Statue"}],"items_purged_floors":[5,11,19],"is_endless":false,"potions_floor_spawned":[8,10,16,18,20,22,24,27],"killed_by":"Sentry and Sphere","ascension_level":5}