{"gold_per_floor":[115,65,140,151,165,199,199,209,209,243,243,272,292,306,306,306],"floor_reached":16,"playtime":908,"items_purged":[],"score":122,"play_id":"f227203b-1022-4c8b-b8d9-dfeb5f6de732","local_time":"20190908174138","is_ascension_mode":false,"campfire_choices":[{"data":"Second Wind","floor":7,"key":"SMITH"},{"floor":11,"key":"REST"},{"floor":15,"key":"RECALL"}],"neow_cost":"NONE","seed_source_timestamp":763323459782000,"circlet_count":0,"master_deck":["Strike_R+1","Strike_R","Strike_R+1","Strike_R","Defend_R","Defend_R","Defend_R","Defend_R","Bash","Entrench","Second Wind+1","Body Slam","Rage","Metallicize","Shrug It Off+1","Bloodletting+1","Exhume+1"],"relics":["Burning Blood","Lantern","Whetstone","Toxic Egg 2","Anchor"],"potions_floor_usage":[6,10,12,16],"damage_taken":[{"damage":5,"enemies":"2 Louse","floor":1,"turns":2},{"damage":11,"enemies":"Jaw Worm","floor":4,"turns":2},{"damage":6,"enemies":"Cultist","floor":5,"turns":3},{"damage":25,"enemies":"3 Sentries","floor":6,"turns":10},{"damage":15,"enemies":"Large Slime","floor":8,"turns":5},{"damage":15,"enemies":"Gremlin Nob","floor":10,"turns":4},{"damage":3,"enemies":"3 Sentries","floor":12,"turns":10},{"damage":0,"enemies":"3 Louse","floor":13,"turns":4},{"damage":20,"enemies":"Exordium Thugs","floor":14,"turns":8},{"damage":49,"enemies":"Hexaghost","floor":16,"turns":15}],"seed_played":"-5287308392653379838","potions_obtained":[{"floor":1,"key":"Fire Potion"},{"floor":8,"key":"LiquidBronze"},{"floor":10,"key":"Fire Potion"},{"floor":14,"key":"SkillPotion"}],"is_trial":false,"path_per_floor":["M","?","?","M","M","E","R","M","T","E","R","E","M","M","R","B"],"character_chosen":"IRONCLAD","items_purchased":[],"campfire_rested":1,"item_purchase_floors":[],"current_hp_per_floor":[80,80,69,64,64,45,45,36,36,27,51,54,60,46,46,0],"gold":306,"neow_bonus":"RANDOM_COMMON_RELIC","is_prod":false,"is_daily":false,"chose_seed":false,"campfire_upgraded":1,"win_rate":0,"timestamp":1567957298,"path_taken":["M","?","?","M","?","E","R","M","T","E","R","E","M","M","R","BOSS"],"build_version":"2019-07-17","purchased_purges":0,"victory":false,"max_hp_per_floor":[80,80,80,80,80,80,80,80,80,80,80,80,80,80,80,80],"card_choices":[{"not_picked":["Evolve","Shrug It Off"],"picked":"Entrench","floor":1},{"not_picked":["Clothesline","Warcry"],"picked":"Second Wind","floor":4},{"not_picked":["Perfected Strike","Sentinel"],"picked":"Body Slam","floor":5},{"not_picked":["True Grit","Carnage"],"picked":"Rage","floor":6},{"not_picked":["Cleave","Thunderclap"],"picked":"Metallicize","floor":8},{"not_picked":["Heavy Blade","Anger"],"picked":"Shrug It Off","floor":10},{"not_picked":["Blood for Blood","Disarm+1"],"picked":"Bloodletting+1","floor":12},{"not_picked":["Pommel Strike","Rampage"],"picked":"Exhume+1","floor":13},{"not_picked":["Clash","Thunderclap","Clothesline"],"picked":"SKIP","floor":14}],"player_experience":231510,"relics_obtained":[{"floor":6,"key":"Whetstone"},{"floor":10,"key":"Toxic Egg 2"},{"floor":12,"key":"Anchor"}],"event_choices":[{"cards_removed":["Strike_R"],"damage_healed":0,"gold_gain":0,"player_choice":"Card Removal","damage_taken":0,"max_hp_gain":0,"max_hp_loss":0,"event_name":"The Cleric","floor":2,"gold_loss":50},{"damage_healed":0,"gold_gain":75,"player_choice":"Gather Gold","damage_taken":11,"max_hp_gain":0,"max_hp_loss":0,"event_name":"World of Goop","floor":3,"gold_loss":0}],"is_beta":false,"boss_relics":[],"items_purged_floors":[],"is_endless":false,"potions_floor_spawned":[1,8,10,14],"killed_by":"Hexaghost","ascension_level":0}