{"gold_per_floor":[118,193,45,60,21,56,56,83,106,137,151,164,175,275,275,379,379,391,91,108,121,139,139,167,167,167,267,267,267,14,27,27,131,131,141,141,196,213,227,227],"floor_reached":40,"playtime":4916,"items_purged":["Evolve","Strike_R"],"score":547,"play_id":"360c661e-8795-41dc-8c90-cc21b41693fd","local_time":"20191006145418","is_ascension_mode":true,"campfire_choices":[{"data":"Cleave","floor":7.0,"key":"SMITH"},{"floor":15.0,"key":"REST"},{"data":"Spot Weakness","floor":23,"key":"SMITH"},{"data":"Disarm","floor":25,"key":"SMITH"},{"data":"Clothesline","floor":29,"key":"SMITH"},{"data":"Iron Wave","floor":32,"key":"SMITH"}],"neow_cost":"NONE","seed_source_timestamp":0,"circlet_count":0,"master_deck":["Strike_R","Strike_R","Strike_R","Defend_R","Defend_R","Defend_R","Bash","Disarm+1","Cleave+1","Shockwave","Iron Wave+1","Clothesline+1","Reaper","Impervious","Spot Weakness+1","Spot Weakness+1","Heavy Blade+1","Iron Wave+1","Reaper"],"special_seed":0,"relics":["Burning Blood","NeowsBlessing","Lantern","Dream Catcher","Anchor","Juzu Bracelet","Kunai","Mark of Pain","Red Skull","Bag of Marbles","Meat on the Bone","Strawberry","Empty Cage","Calipers"],"potions_floor_usage":[16,16,33,33],"damage_taken":[{"damage":0.0,"enemies":"Jaw Worm","floor":1.0,"turns":1.0},{"damage":0.0,"enemies":"Cultist","floor":4.0,"turns":1.0},{"damage":0.0,"enemies":"Gremlin Nob","floor":6.0,"turns":1.0},{"damage":35.0,"enemies":"Lagavulin","floor":8.0,"turns":9.0},{"damage":46.0,"enemies":"Gremlin Nob","floor":10.0,"turns":5.0},{"damage":0.0,"enemies":"2 Louse","floor":11.0,"turns":1.0},{"damage":4.0,"enemies":"Lots of Slimes","floor":12.0,"turns":3.0},{"damage":1.0,"enemies":"Looter","floor":13.0,"turns":3.0},{"damage":32,"enemies":"The Guardian","floor":16,"turns":9},{"damage":36,"enemies":"Spheric Guardian","floor":18,"turns":6},{"damage":11,"enemies":"Shell Parasite","floor":20,"turns":5},{"damage":29,"enemies":"Snecko","floor":21,"turns":7},{"damage":7,"enemies":"Snake Plant","floor":22,"turns":4},{"damage":10,"enemies":"Book of Stabbing","floor":24,"turns":4},{"damage":9,"enemies":"Centurion and Healer","floor":31,"turns":4},{"damage":39,"enemies":"Collector","floor":33,"turns":10},{"damage":46,"enemies":"3 Darklings","floor":35,"turns":5},{"damage":39,"enemies":"2 Orb Walkers","floor":37,"turns":5},{"damage":2,"enemies":"3 Shapes","floor":38,"turns":5},{"damage":27,"enemies":"Sphere and 2 Shapes","floor":39,"turns":6},{"damage":97,"enemies":"Nemesis","floor":40,"turns":9}],"seed_played":"7144283870185999906","potions_obtained":[{"floor":4.0,"key":"Weak Potion"},{"floor":10.0,"key":"LiquidBronze"},{"floor":13.0,"key":"PowerPotion"},{"floor":16,"key":"SkillPotion"},{"floor":22,"key":"PowerPotion"},{"floor":24,"key":"FearPotion"},{"floor":33,"key":"SteroidPotion"},{"floor":39,"key":"Weak Potion"}],"is_trial":false,"path_per_floor":["M","?","$","M","$","E","R","E","T","E","M","M","M","?","R","B",null,"M","$","M","M","M","R","E","R","T","?","?","R","$","M","R","B",null,"M","?","?","M","M","E"],"character_chosen":"IRONCLAD","items_purchased":["Lantern","Evolve","Spot Weakness","Red Skull","Strawberry"],"campfire_rested":1,"item_purchase_floors":[3,5,19,19,30],"current_hp_per_floor":[80,72,72,78,78,80,80,51,51,11,17,19,24,24,48,28,80,50,50,59,43,55,55,51,51,51,51,51,51,58,63,63,61,87,85,85,81,87,66,0],"gold":227,"neow_bonus":"THREE_ENEMY_KILL","is_prod":false,"is_daily":false,"chose_seed":false,"campfire_upgraded":5,"win_rate":0,"timestamp":1570391658,"path_taken":["M","?","?","M","$","E","R","E","T","E","M","M","M","?","R","BOSS","M","$","M","M","M","R","E","R","T","?","?","R","$","M","R","BOSS","M","?","?","M","M","E"],"build_version":"2019-07-17","purchased_purges":2,"victory":false,"max_hp_per_floor":[80,80,80,80,80,80,80,80,80,80,80,80,80,80,80,80,80,80,80,80,80,80,80,80,80,80,80,80,80,87,87,87,87,87,87,87,87,87,87,87],"card_choices":[{"not_picked":["Body Slam","Reckless Charge"],"picked":"Disarm","floor":1.0},{"not_picked":["Flex","Clash"],"picked":"Cleave","floor":4.0},{"not_picked":["Flex","Pommel Strike","Sword Boomerang"],"picked":"SKIP","floor":6.0},{"not_picked":["Rage","Pommel Strike","Burning Pact"],"picked":"SKIP","floor":8.0},{"not_picked":["Flex","Sword Boomerang"],"picked":"Shockwave","floor":10.0},{"not_picked":["Cleave","Perfected Strike"],"picked":"Iron Wave","floor":11.0},{"not_picked":["Evolve","Power Through","Bludgeon"],"picked":"SKIP","floor":12.0},{"not_picked":["Pommel Strike","Warcry"],"picked":"Clothesline","floor":13.0},{"not_picked":["Rage","Armaments"],"picked":"Reaper","floor":15.0},{"not_picked":["Reaper","Juggernaut"],"picked":"Impervious","floor":16},{"not_picked":["Headbutt","Clothesline","Anger"],"picked":"SKIP","floor":18},{"not_picked":["Warcry+1","Dropkick+1"],"picked":"Spot Weakness+1","floor":20},{"not_picked":["Perfected Strike","Rupture+1"],"picked":"Heavy Blade+1","floor":21},{"not_picked":["Sword Boomerang","Twin Strike","Thunderclap"],"picked":"SKIP","floor":22},{"not_picked":["Heavy Blade+1","Fiend Fire","Brutality"],"picked":"SKIP","floor":24},{"not_picked":["Perfected Strike+1","True Grit","Sword Boomerang"],"picked":"SKIP","floor":31},{"not_picked":["True Grit+1","Uppercut+1"],"picked":"Iron Wave+1","floor":35},{"not_picked":["Evolve+1","Perfected Strike","Metallicize+1"],"picked":"SKIP","floor":38},{"not_picked":["Fire Breathing","Anger+1","Cleave+1"],"picked":"SKIP","floor":39}],"player_experience":188991,"relics_obtained":[{"floor":6.0,"key":"Dream Catcher"},{"floor":8.0,"key":"Anchor"},{"floor":9.0,"key":"Juzu Bracelet"},{"floor":10.0,"key":"Kunai"},{"floor":24,"key":"Bag of Marbles"},{"floor":26,"key":"Meat on the Bone"},{"floor":37,"key":"Calipers"}],"event_choices":[{"damage_healed":0.0,"max_hp_gain":0.0,"max_hp_loss":0.0,"gold_gain":75.0,"event_name":"FaceTrader","player_choice":"Touch","floor":2.0,"gold_loss":0.0,"damage_taken":8.0},{"damage_healed":0.0,"max_hp_gain":0.0,"max_hp_loss":0.0,"gold_gain":100.0,"event_name":"Golden Shrine","player_choice":"Pray","floor":14.0,"gold_loss":0.0,"damage_taken":0.0},{"damage_healed":0,"gold_gain":100,"player_choice":"Pray","damage_taken":0,"max_hp_gain":0,"max_hp_loss":0,"event_name":"Golden Shrine","floor":27,"gold_loss":0},{"damage_healed":0,"gold_gain":0,"player_choice":"Ignored","damage_taken":0,"max_hp_gain":0,"max_hp_loss":0,"event_name":"Vampires","floor":28,"gold_loss":0},{"damage_healed":0,"gold_gain":0,"player_choice":"Copied","damage_taken":0,"max_hp_gain":0,"max_hp_loss":0,"event_name":"Duplicator","floor":36,"gold_loss":0,"cards_obtained":["Reaper"]},{"damage_healed":0,"gold_gain":0,"player_choice":"Fight","damage_taken":0,"max_hp_gain":0,"max_hp_loss":0,"event_name":"Mysterious Sphere","floor":37,"gold_loss":0}],"is_beta":false,"boss_relics":[{"not_picked":["Eternal Feather","Busted Crown"],"picked":"Mark of Pain"},{"not_picked":["Black Blood","Coffee Dripper"],"picked":"Empty Cage"}],"items_purged_floors":[19,30],"is_endless":false,"potions_floor_spawned":[4,10,13,16,22,24,33,39],"killed_by":"Nemesis","ascension_level":3}