{"gold_per_floor":[14,30,49,49,49,49,81,81,81,114,174,185,335,351,351,426,426,438,16,27,27,43,43,69,89,171,171,189,220,220,240,240,318,318,333,333,353,367,387,387,417,52,52,52,52,66,66,98,98,98],"floor_reached":51,"playtime":3864,"items_purged":["Doubt"],"score":1379,"play_id":"36448c09-0d56-44cf-8858-e0bec12afb8b","local_time":"20191004231556","is_ascension_mode":true,"campfire_choices":[{"data":"Poisoned Stab","floor":6.0,"key":"SMITH"},{"data":"Crippling Poison","floor":8.0,"key":"SMITH"},{"data":"Tactician","floor":15.0,"key":"SMITH"},{"floor":23.0,"key":"DIG"},{"floor":27.0,"key":"DIG"},{"data":"Infinite Blades","floor":30.0,"key":"SMITH"},{"floor":32.0,"key":"DIG"},{"floor":40.0,"key":"DIG"},{"floor":45.0,"key":"REST"},{"floor":47.0,"key":"DIG"},{"floor":49.0,"key":"REST"}],"neow_cost":"NO_GOLD","seed_source_timestamp":519939079590000,"circlet_count":0,"master_deck":["AscendersBane","Strike_G+1","Strike_G","Defend_G","Defend_G","Defend_G","Defend_G","Survivor","Neutralize","Venomology","Adrenaline","Caltrops","Poisoned Stab+1","Deflect","Crippling Poison+1","Tools of the Trade","Tactician+1","Backstab","Underhanded Strike","Slice","Backflip","Tools of the Trade","Quick Slash+1","Poisoned Stab","Well Laid Plans+1","Riddle With Holes","Terror","Infinite Blades","Corpse Explosion","Cloak And Dagger","Infinite Blades+1","Unload","Underhanded Strike+1","Catalyst","A Thousand Cuts","Tactician","PiercingWail","Prepared+1","Slice","Blade Dance+1","Slice+1","Accuracy+1","Backflip+1","Heel Hook+1"],"special_seed":0,"relics":["Ring of the Snake","Bird Faced Urn","Prayer Wheel","Mummified Hand","Paper Crane","Lizard Tail","Shovel","NlothsMask","Kunai","Pantograph","Question Card","Pear","Pen Nib","Busted Crown","Blue Candle","Girya","Ninja Scroll","Pocketwatch","Whetstone","Juzu Bracelet"],"potions_floor_usage":[50,50],"damage_taken":[{"damage":0.0,"enemies":"Small Slimes","floor":1.0,"turns":8.0},{"damage":0.0,"enemies":"Jaw Worm","floor":2.0,"turns":7.0},{"damage":2.0,"enemies":"Cultist","floor":3.0,"turns":4.0},{"damage":12.0,"enemies":"3 Sentries","floor":7.0,"turns":12.0},{"damage":3.0,"enemies":"Lagavulin","floor":10.0,"turns":7.0},{"damage":13.0,"enemies":"3 Sentries","floor":11.0,"turns":6.0},{"damage":0.0,"enemies":"Exordium Wildlife","floor":12.0,"turns":3.0},{"damage":0.0,"enemies":"2 Fungi Beasts","floor":14.0,"turns":3.0},{"damage":2.0,"enemies":"Hexaghost","floor":16.0,"turns":8.0},{"damage":1.0,"enemies":"Chosen","floor":18.0,"turns":5.0},{"damage":12.0,"enemies":"2 Thieves","floor":20.0,"turns":4.0},{"damage":4.0,"enemies":"Centurion and Healer","floor":22.0,"turns":6.0},{"damage":16.0,"enemies":"Slavers","floor":24.0,"turns":5.0},{"damage":22.0,"enemies":"Snake Plant","floor":25.0,"turns":4.0},{"damage":10.0,"enemies":"Chosen and Byrds","floor":28.0,"turns":5.0},{"damage":28.0,"enemies":"Book of Stabbing","floor":29.0,"turns":5.0},{"damage":2.0,"enemies":"Centurion and Healer","floor":31.0,"turns":4.0},{"damage":8.0,"enemies":"Champ","floor":33.0,"turns":11.0},{"damage":0.0,"enemies":"Orb Walker","floor":35.0,"turns":3.0},{"damage":8.0,"enemies":"3 Shapes","floor":37.0,"turns":4.0},{"damage":8.0,"enemies":"Maw","floor":38.0,"turns":6.0},{"damage":11.0,"enemies":"Transient","floor":39.0,"turns":6.0},{"damage":41.0,"enemies":"Giant Head","floor":41.0,"turns":9.0},{"damage":10.0,"enemies":"Spire Growth","floor":46.0,"turns":5.0},{"damage":59.0,"enemies":"Nemesis","floor":48.0,"turns":7.0},{"damage":89,"enemies":"Donu and Deca","floor":50,"turns":6}],"seed_played":"-9180721101947426725","potions_obtained":[{"floor":1.0,"key":"LiquidBronze"},{"floor":10.0,"key":"LiquidBronze"},{"floor":11.0,"key":"Explosive Potion"},{"floor":14.0,"key":"GhostInAJar"},{"floor":16.0,"key":"Swift Potion"},{"floor":18.0,"key":"Swift Potion"},{"floor":25.0,"key":"Energy Potion"},{"floor":29.0,"key":"Swift Potion"},{"floor":31.0,"key":"Poison Potion"},{"floor":38.0,"key":"SkillPotion"},{"floor":48.0,"key":"Explosive Potion"}],"is_trial":false,"path_per_floor":["M","M","M","?","$","R","E","R","T","E","?","M","?","M","R","B",null,"M","$","M","?","M","R","E","M","T","R","M","E","R","M","R","B",null,"M","?","M","M","M","R","E","$","T","?","R","M","R","E","R","B",null],"character_chosen":"THE_SILENT","items_purchased":["Shovel","Accuracy","Ninja Scroll"],"campfire_rested":2,"item_purchase_floors":[19,42,42],"current_hp_per_floor":[59,59,57,50,50,50,38,38,38,37,28,30,30,30,30,32,58,63,63,54,54,58,58,50,34,34,34,32,22,22,32,32,61,72,76,76,72,71,71,71,37,37,37,37,59,63,63,20,42,5],"gold":98,"neow_bonus":"TRANSFORM_TWO_CARDS","is_prod":false,"is_daily":false,"chose_seed":false,"campfire_upgraded":4,"win_rate":0,"timestamp":1570223756,"path_taken":["M","M","M","?","$","R","E","R","T","E","?","M","?","M","R","BOSS","M","$","M","?","?","R","E","M","T","R","M","E","R","M","R","BOSS","M","?","M","M","M","R","E","$","T","?","R","?","R","E","R","BOSS"],"build_version":"2019-07-17","purchased_purges":1,"victory":true,"max_hp_per_floor":[66,66,66,66,66,66,66,66,66,66,66,66,66,66,66,66,66,66,66,66,66,66,66,66,66,66,66,66,76,76,76,76,76,76,76,76,76,76,76,76,76,76,76,76,76,76,76,76,76,76],"card_choices":[{"not_picked":["Bane","PiercingWail"],"picked":"Caltrops","floor":1.0},{"not_picked":["Underhanded Strike","Dagger Spray"],"picked":"Poisoned Stab","floor":2.0},{"not_picked":["Predator","Eviscerate"],"picked":"Deflect","floor":3.0},{"not_picked":["Cloak And Dagger","PiercingWail"],"picked":"Crippling Poison","floor":7.0},{"not_picked":["Backstab","Acrobatics"],"picked":"Tools of the Trade","floor":10.0},{"not_picked":["Dagger Throw","Finisher"],"picked":"Tactician","floor":11.0},{"not_picked":["All Out Attack","Escape Plan"],"picked":"Backstab","floor":12.0},{"not_picked":["Accuracy","Flying Knee"],"picked":"Underhanded Strike","floor":12.0},{"not_picked":["Outmaneuver","Flying Knee"],"picked":"Slice","floor":14.0},{"not_picked":["Expertise","Caltrops"],"picked":"Backflip","floor":14.0},{"not_picked":["Adrenaline","Doppelganger"],"picked":"Tools of the Trade","floor":16.0},{"not_picked":["Prepared","Blade Dance"],"picked":"Quick Slash+1","floor":18.0},{"not_picked":["Choke","Expertise"],"picked":"Poisoned Stab","floor":18.0},{"not_picked":["Flechettes","Dagger Spray"],"picked":"Well Laid Plans+1","floor":20.0},{"not_picked":["Quick Slash","Prepared"],"picked":"Riddle With Holes","floor":20.0},{"not_picked":["Expertise+1","Caltrops"],"picked":"Terror","floor":22.0},{"not_picked":["Flechettes","Flying Knee","Choke"],"picked":"SKIP","floor":22.0},{"not_picked":["Masterful Stab","Expertise","Acrobatics"],"picked":"SKIP","floor":24.0},{"not_picked":["Flying Knee+1","Dagger Throw"],"picked":"Infinite Blades","floor":25.0},{"not_picked":["Expertise","Endless Agony"],"picked":"Corpse Explosion","floor":25.0},{"not_picked":["Flechettes","Acrobatics","Outmaneuver"],"picked":"Cloak And Dagger","floor":28.0},{"not_picked":["Accuracy","Acrobatics","Slice+1"],"picked":"Infinite Blades","floor":28.0},{"not_picked":["Outmaneuver","Expertise","Dagger Spray"],"picked":"Unload","floor":29.0},{"not_picked":["Distraction","Heel Hook","Calculated Gamble"],"picked":"Underhanded Strike","floor":31.0},{"not_picked":["Deflect","Blade Dance","Cloak And Dagger"],"picked":"Catalyst","floor":31.0},{"not_picked":["Corpse Explosion","Grand Finale","Glass Knife"],"picked":"A Thousand Cuts","floor":33.0},{"not_picked":["Dagger Throw+1"],"picked":"Tactician","floor":35.0},{"not_picked":["Bane"],"picked":"PiercingWail","floor":35.0},{"not_picked":["Acrobatics"],"picked":"Prepared+1","floor":37.0},{"not_picked":["Setup","All Out Attack"],"picked":"SKIP","floor":37.0},{"not_picked":["Quick Slash"],"picked":"Slice","floor":38.0},{"not_picked":["Setup","Flying Knee"],"picked":"SKIP","floor":38.0},{"not_picked":["Prepared"],"picked":"Blade Dance+1","floor":39.0},{"not_picked":["Outmaneuver","Slice"],"picked":"SKIP","floor":39.0},{"not_picked":["Dagger Spray"],"picked":"Slice+1","floor":41.0},{"not_picked":["Setup"],"picked":"Backflip+1","floor":46.0},{"not_picked":["Prepared"],"picked":"Heel Hook+1","floor":46.0},{"not_picked":["Prepared","Poisoned Stab"],"picked":"SKIP","floor":48.0}],"player_experience":419104,"relics_obtained":[{"floor":7.0,"key":"Bird Faced Urn"},{"floor":9.0,"key":"Prayer Wheel"},{"floor":10.0,"key":"Mummified Hand"},{"floor":11.0,"key":"Paper Crane"},{"floor":23.0,"key":"Kunai"},{"floor":24.0,"key":"Pantograph"},{"floor":27.0,"key":"Question Card"},{"floor":29.0,"key":"Pear"},{"floor":32.0,"key":"Pen Nib"},{"floor":40.0,"key":"Blue Candle"},{"floor":41.0,"key":"Girya"},{"floor":43.0,"key":"Pocketwatch"},{"floor":47.0,"key":"Whetstone"},{"floor":48.0,"key":"Juzu Bracelet"}],"event_choices":[{"cards_removed":["Strike_G"],"damage_healed":0.0,"max_hp_gain":0.0,"max_hp_loss":0.0,"gold_gain":0.0,"event_name":"Golden Wing","player_choice":"Card Removal","floor":4.0,"gold_loss":0.0,"damage_taken":7.0},{"damage_healed":0.0,"max_hp_gain":0.0,"max_hp_loss":0.0,"gold_gain":30.0,"event_name":"Dead Adventurer","player_choice":"Searched \u00272\u0027 times","floor":11.0,"gold_loss":0.0,"damage_taken":0.0},{"damage_healed":0.0,"max_hp_gain":0.0,"max_hp_loss":0.0,"gold_gain":150.0,"event_name":"Liars Game","player_choice":"AGREE","floor":13.0,"gold_loss":0.0,"damage_taken":0.0,"cards_obtained":["Doubt"]},{"damage_healed":0.0,"max_hp_gain":0.0,"max_hp_loss":0.0,"gold_gain":0.0,"event_name":"FaceTrader","player_choice":"Trade","floor":21.0,"gold_loss":0.0,"damage_taken":0.0,"relics_obtained":["NlothsMask"]},{"cards_removed":["Defend_G"],"damage_healed":0.0,"max_hp_gain":0.0,"max_hp_loss":0.0,"gold_gain":0.0,"event_name":"Falling","player_choice":"Removed Skill","floor":36.0,"gold_loss":0.0,"damage_taken":0.0},{"damage_healed":0.0,"max_hp_gain":0.0,"max_hp_loss":0.0,"gold_gain":0.0,"event_name":"Upgrade Shrine","player_choice":"Upgraded","floor":44.0,"gold_loss":0.0,"damage_taken":0.0,"cards_upgraded":["Accuracy"]}],"is_beta":false,"boss_relics":[{"not_picked":["Runic Pyramid","White Beast Statue"],"picked":"Lizard Tail"},{"not_picked":["Runic Dome","Cursed Key"],"picked":"Busted Crown"}],"items_purged_floors":[19],"is_endless":false,"potions_floor_spawned":[1,10,11,12,14,16,18,25,29,31,35,38,39,48],"ascension_level":17}