{"gold_per_floor":[18,29,45,120,135,135,170,58,58,58,58,70,70,96,96,199,199,213,71,90,107,107,137,137,148,148,148,3,16,16,34,34,138,138,157,257,273,16,27,27,44,44,68,68,81,81,161,179,179,179],"floor_reached":50,"playtime":4018,"items_purged":[],"score":524,"play_id":"4e56eb1c-7857-44fc-a69c-540ef8415261","local_time":"20190705234441","is_ascension_mode":false,"campfire_choices":[{"data":"Bash","floor":6,"key":"SMITH"},{"floor":11,"key":"REST"},{"data":"Armaments","floor":13,"key":"SMITH"},{"data":"Flame Barrier","floor":15,"key":"SMITH"},{"data":"Barricade","floor":24,"key":"SMITH"},{"floor":27,"key":"REST"},{"data":"Rage","floor":30,"key":"SMITH"},{"floor":32,"key":"REST"},{"floor":40,"key":"REST"},{"floor":42,"key":"REST"},{"floor":46,"key":"REST"},{"floor":49,"key":"REST"}],"neow_cost":"NO_GOLD","seed_source_timestamp":161572765655603,"circlet_count":0,"master_deck":["Strike_R","Strike_R","Strike_R","Strike_R","Strike_R","Defend_R","Defend_R","Defend_R","Defend_R","Bash+1","Reaper","Headbutt","Flame Barrier+1","Rampage","Cleave","Thunderclap+1","Rampage","Armaments+1","Reaper","Thunderclap+1","Bludgeon","Clothesline+1","Cleave","Good Instincts","Rampage","Rage+1","Barricade+1","Dual Wield","Headbutt","Seeing Red","Bludgeon","Shockwave","Anger","Shrug It Off+1","Berserk","Metallicize","Shrug It Off+1","Ghostly Armor","Cleave+1","Body Slam","Iron Wave+1","Madness+1","Madness+1","Rage+1","Ghostly Armor+1"],"relics":["Burning Blood","MawBank","Mercury Hourglass","Matryoshka","Sozu","Pen Nib","Happy Flower","Mummified Hand","Whetstone","Orrery","StoneCalendar","Toxic Egg 2","Juzu Bracelet","Oddly Smooth Stone","Gremlin Horn"],"potions_floor_usage":[16,16,33],"damage_taken":[{"damage":5,"enemies":"2 Louse","floor":1,"turns":4},{"damage":18,"enemies":"Jaw Worm","floor":2,"turns":3},{"damage":6,"enemies":"Cultist","floor":3,"turns":3},{"damage":10,"enemies":"Looter","floor":5,"turns":2},{"damage":20,"enemies":"Gremlin Nob","floor":7,"turns":4},{"damage":12,"enemies":"Blue Slaver","floor":12,"turns":2},{"damage":27,"enemies":"3 Sentries","floor":14,"turns":6},{"damage":16,"enemies":"Slime Boss","floor":16,"turns":8},{"damage":14,"enemies":"Shell Parasite","floor":18,"turns":4},{"damage":0,"enemies":"Chosen","floor":20,"turns":4},{"damage":14,"enemies":"3 Cultists","floor":21,"turns":4},{"damage":32,"enemies":"Gremlin Leader","floor":23,"turns":7},{"damage":35,"enemies":"Snecko","floor":25,"turns":5},{"damage":15,"enemies":"Sentry and Sphere","floor":29,"turns":4},{"damage":10,"enemies":"3 Cultists","floor":31,"turns":4},{"damage":50,"enemies":"Champ","floor":33,"turns":10},{"damage":14,"enemies":"3 Shapes","floor":35,"turns":3},{"damage":3,"enemies":"Mind Bloom Boss Battle","floor":36,"turns":5},{"damage":0,"enemies":"Orb Walker","floor":37,"turns":1},{"damage":82,"enemies":"Maw","floor":39,"turns":9},{"damage":14,"enemies":"Transient","floor":41,"turns":5},{"damage":15,"enemies":"3 Darklings","floor":45,"turns":4},{"damage":49,"enemies":"4 Shapes","floor":48,"turns":4},{"damage":102,"enemies":"Awakened One","floor":50,"turns":10}],"seed_played":"-3500071733253791694","potions_obtained":[{"floor":1,"key":"GamblersBrew"},{"floor":2,"key":"Weak Potion"},{"floor":7,"key":"SpeedPotion"},{"floor":14,"key":"Energy Potion"},{"floor":16,"key":"Poison Potion"}],"is_trial":false,"path_per_floor":["M","M","M","?","M","R","E","$","T","?","R","M","R","E","R","B",null,"M","$","M","M","?","E","R","M","T","R","$","M","R","M","R","B",null,"M","?","M","$","M","R","M","R","T","?","M","R","T","M","R","B"],"character_chosen":"IRONCLAD","items_purchased":["Rampage","Armaments","Cleave","Good Instincts","Whetstone","Toxic Egg 2"],"campfire_rested":7,"item_purchase_floors":[8,8,19,19,28,38],"current_hp_per_floor":[80,68,72,61,57,57,43,43,43,48,73,67,67,59,59,59,85,77,77,85,82,82,64,64,43,43,68,68,59,59,55,80,40,85,77,80,85,85,13,38,30,55,55,44,49,74,74,47,72,0],"gold":179,"neow_bonus":"THREE_RARE_CARDS","is_prod":false,"is_daily":false,"chose_seed":false,"campfire_upgraded":5,"win_rate":0.0,"timestamp":1562363081,"path_taken":["M","M","M","?","M","R","E","$","T","?","R","M","R","E","R","BOSS","M","$","M","M","?","E","R","M","T","R","$","M","R","M","R","BOSS","M","?","M","$","M","R","M","R","T","?","M","R","?","M","R","BOSS"],"build_version":"2019-07-01","purchased_purges":0,"victory":false,"max_hp_per_floor":[80,80,80,80,80,80,80,80,80,85,85,85,85,85,85,85,85,85,85,85,85,85,85,85,85,85,85,85,85,85,85,85,85,85,85,85,85,85,85,85,85,85,85,85,85,85,85,85,85,85],"card_choices":[{"not_picked":["Fiend Fire","Impervious"],"picked":"Reaper","floor":0},{"not_picked":["Clash","Disarm"],"picked":"Headbutt","floor":1},{"not_picked":["Dropkick","Carnage"],"picked":"Flame Barrier","floor":2},{"not_picked":["True Grit","Heavy Blade"],"picked":"Rampage","floor":3},{"not_picked":["Rampage","Sword Boomerang"],"picked":"Cleave","floor":5},{"not_picked":["Iron Wave","Inflame"],"picked":"Thunderclap","floor":7},{"not_picked":["Perfected Strike","Clothesline"],"picked":"Reaper","floor":12},{"not_picked":["Warcry","Infernal Blade"],"picked":"Thunderclap","floor":14},{"not_picked":["Berserk","Brutality"],"picked":"Bludgeon","floor":16},{"not_picked":["Shockwave","Combust"],"picked":"Clothesline+1","floor":18},{"not_picked":["Bloodletting","Infernal Blade+1"],"picked":"Rampage","floor":20},{"not_picked":["Reckless Charge+1","Warcry"],"picked":"Rage","floor":21},{"not_picked":["Perfected Strike+1","Blood for Blood+1"],"picked":"Barricade","floor":23},{"not_picked":["True Grit","Combust"],"picked":"Dual Wield","floor":25},{"not_picked":["Infernal Blade","Clothesline"],"picked":"Headbutt","floor":29},{"not_picked":["Clash+1","Spot Weakness"],"picked":"Seeing Red","floor":31},{"not_picked":["Limit Break","Impervious"],"picked":"Bludgeon","floor":33},{"not_picked":["Inflame+1","Shrug It Off"],"picked":"Shockwave","floor":34},{"not_picked":["Sword Boomerang","Clothesline"],"picked":"Anger","floor":34},{"not_picked":["Perfected Strike","Corruption"],"picked":"Shrug It Off+1","floor":34},{"not_picked":["Flex+1","Shockwave"],"picked":"Berserk","floor":34},{"not_picked":["Disarm+1","Corruption"],"picked":"Metallicize","floor":34},{"not_picked":["True Grit+1","Metallicize"],"picked":"Shrug It Off+1","floor":35},{"not_picked":["Perfected Strike","Flex"],"picked":"Ghostly Armor","floor":36},{"not_picked":["Heavy Blade+1","Clash+1"],"picked":"Cleave+1","floor":37},{"not_picked":["Intimidate+1","Inflame"],"picked":"Body Slam","floor":39},{"not_picked":["Cleave+1","Clothesline"],"picked":"Iron Wave+1","floor":41},{"not_picked":["Body Slam+1","Searing Blow+1"],"picked":"Rage+1","floor":45},{"not_picked":["Dual Wield+1","Searing Blow"],"picked":"Ghostly Armor+1","floor":48}],"player_experience":6641,"relics_obtained":[{"floor":7,"key":"MawBank"},{"floor":9,"key":"Mercury Hourglass"},{"floor":14,"key":"Matryoshka"},{"floor":23,"key":"Pen Nib"},{"floor":26,"key":"Happy Flower"},{"floor":26,"key":"Mummified Hand"},{"floor":36,"key":"StoneCalendar"},{"floor":43,"key":"Juzu Bracelet"},{"floor":43,"key":"Oddly Smooth Stone"},{"floor":47,"key":"Gremlin Horn"}],"event_choices":[{"damage_healed":0,"gold_gain":75,"player_choice":"Gather Gold","damage_taken":11,"max_hp_gain":0,"max_hp_loss":0,"event_name":"World of Goop","floor":4,"gold_loss":0},{"damage_healed":0,"gold_gain":0,"player_choice":"Donut","damage_taken":0,"max_hp_gain":5,"max_hp_loss":0,"event_name":"Big Fish","floor":10,"gold_loss":0},{"damage_healed":0,"gold_gain":0,"player_choice":"Ignored","damage_taken":0,"max_hp_gain":0,"max_hp_loss":0,"event_name":"Vampires","floor":22,"gold_loss":0},{"damage_healed":0,"gold_gain":0,"player_choice":"Fight","damage_taken":0,"max_hp_gain":0,"max_hp_loss":0,"event_name":"MindBloom","floor":36,"gold_loss":0},{"damage_healed":0,"gold_gain":0,"player_choice":"Embrace Madness","damage_taken":11,"max_hp_gain":0,"max_hp_loss":0,"event_name":"Winding Halls","floor":44,"gold_loss":0,"cards_obtained":["Madness","Madness"]}],"is_beta":false,"boss_relics":[{"not_picked":["Empty Cage","Runic Dome"],"picked":"Sozu"},{"not_picked":["Astrolabe","White Beast Statue"],"picked":"Orrery"}],"items_purged_floors":[],"is_endless":false,"potions_floor_spawned":[1,2,7,14,16,20,23,31,33,37,45,48],"killed_by":"Awakened One","ascension_level":0}