{"gold_per_floor":[15,25,42,42,317,343,343,369,419,433,433],"floor_reached":11,"playtime":504,"items_purged":[],"score":100,"play_id":"70ac73a8-b29f-4f1b-ba2e-e182ec690ee7","local_time":"20190915105422","is_ascension_mode":true,"campfire_choices":[{"floor":7,"key":"REST"}],"neow_cost":"NO_GOLD","seed_source_timestamp":2909202378845500,"circlet_count":0,"master_deck":["Strike_B","Strike_B","Defend_B","Defend_B","Defend_B","Defend_B","Zap","Dualcast","Echo Form","Heatsinks","Lockon","Loop","Capacitor","Regret","Loop","Electrodynamics","Gash"],"relics":["Cracked Core","Pantograph","Dream Catcher","Ancient Tea Set"],"potions_floor_usage":[6,8],"damage_taken":[{"damage":6,"enemies":"Cultist","floor":1,"turns":3},{"damage":8,"enemies":"2 Louse","floor":2,"turns":3},{"damage":7,"enemies":"Small Slimes","floor":3,"turns":4},{"damage":32,"enemies":"3 Sentries","floor":6,"turns":9},{"damage":32,"enemies":"Lagavulin","floor":8,"turns":8},{"damage":18,"enemies":"Exordium Wildlife","floor":10,"turns":3},{"damage":8,"enemies":"Blue Slaver","floor":11,"turns":1}],"seed_played":"2936925201979982775","potions_obtained":[{"floor":2,"key":"AttackPotion"},{"floor":6,"key":"Dexterity Potion"},{"floor":8,"key":"SpeedPotion"}],"is_trial":false,"path_per_floor":["M","M","M","?","?","E","R","E","T","M","M"],"character_chosen":"DEFECT","items_purchased":[],"campfire_rested":1,"item_purchase_floors":[],"current_hp_per_floor":[69,61,54,59,59,27,51,19,19,1,0],"gold":433,"neow_bonus":"TRANSFORM_TWO_CARDS","is_prod":false,"is_daily":false,"chose_seed":false,"campfire_upgraded":0,"win_rate":0,"timestamp":1568537662,"path_taken":["M","M","M","?","?","E","R","E","T","M","?"],"build_version":"2019-07-17","purchased_purges":0,"victory":false,"max_hp_per_floor":[75,75,75,80,80,80,80,80,80,80,80],"card_choices":[{"not_picked":["Coolheaded","Barrage"],"picked":"Lockon","floor":1},{"not_picked":["Chaos","Rebound"],"picked":"Loop","floor":2},{"not_picked":["Chaos","Gash"],"picked":"Capacitor","floor":3},{"not_picked":["Chill","Coolheaded"],"picked":"Loop","floor":6},{"not_picked":["Streamline","Core Surge"],"picked":"Electrodynamics","floor":8},{"not_picked":["Recycle","Compile Driver"],"picked":"Gash","floor":10}],"player_experience":205995,"relics_obtained":[{"floor":6,"key":"Pantograph"},{"floor":8,"key":"Dream Catcher"},{"floor":9,"key":"Ancient Tea Set"}],"event_choices":[{"damage_healed":0,"gold_gain":0,"player_choice":"Donut","damage_taken":0,"max_hp_gain":5,"max_hp_loss":0,"event_name":"Big Fish","floor":4,"gold_loss":0},{"damage_healed":0,"gold_gain":275,"player_choice":"Desecrate","damage_taken":0,"max_hp_gain":0,"max_hp_loss":0,"event_name":"Golden Shrine","floor":5,"gold_loss":0,"cards_obtained":["Regret"]}],"is_beta":false,"boss_relics":[],"items_purged_floors":[],"is_endless":false,"potions_floor_spawned":[2,6,8],"killed_by":"Blue Slaver","ascension_level":4}