{"gold_per_floor":[116,127,145,157,174,209,209,240,267,267,302,331,331,351,351,351],"floor_reached":16,"playtime":878,"items_purged":[],"score":191,"play_id":"1f0c8bc3-a125-4b88-8bbd-9fca9cb2b222","local_time":"20190927184255","is_ascension_mode":true,"campfire_choices":[{"data":"Flex","floor":7,"key":"SMITH"},{"floor":10,"key":"REST"},{"data":"Metallicize","floor":15,"key":"SMITH"}],"neow_cost":"NONE","seed_source_timestamp":3973704605392700,"circlet_count":0,"master_deck":["Strike_R","Strike_R","Strike_R","Strike_R","Strike_R","Defend_R","Defend_R","Defend_R","Defend_R","Bash","Shrug It Off","Shrug It Off","Flex+1","Metallicize+1","True Grit","Flex","Iron Wave","Iron Wave","Cleave","Ghostly Armor"],"special_seed":0,"relics":["Burning Blood","Lantern","Bag of Preparation","Oddly Smooth Stone","Potion Belt","Blood Vial","Odd Mushroom"],"potions_floor_usage":[6,8,11,16],"damage_taken":[{"damage":7,"enemies":"Jaw Worm","floor":1,"turns":4},{"damage":1,"enemies":"Cultist","floor":2,"turns":3},{"damage":2,"enemies":"Small Slimes","floor":3,"turns":6},{"damage":13,"enemies":"Looter","floor":4,"turns":4},{"damage":0,"enemies":"Red Slaver","floor":5,"turns":7},{"damage":25,"enemies":"Gremlin Nob","floor":6,"turns":4},{"damage":27,"enemies":"Lagavulin","floor":8,"turns":9},{"damage":0,"enemies":"Gremlin Nob","floor":11,"turns":2},{"damage":12,"enemies":"The Mushroom Lair","floor":12,"turns":6},{"damage":0,"enemies":"3 Louse","floor":14,"turns":3},{"damage":102,"enemies":"Hexaghost","floor":16,"turns":16}],"seed_played":"373519861684392827","potions_obtained":[{"floor":4,"key":"Ancient Potion"},{"floor":5,"key":"Strength Potion"},{"floor":6,"key":"SteroidPotion"},{"floor":8,"key":"AttackPotion"},{"floor":12,"key":"BloodPotion"}],"is_trial":false,"path_per_floor":["M","M","M","M","M","E","R","E","T","R","E","?","?","M","R","B"],"character_chosen":"IRONCLAD","items_purchased":[],"campfire_rested":1,"item_purchase_floors":[],"current_hp_per_floor":[71,76,80,73,79,60,60,39,39,63,69,65,80,80,80,0],"gold":351,"neow_bonus":"RANDOM_COMMON_RELIC","is_prod":false,"is_daily":false,"chose_seed":false,"campfire_upgraded":2,"win_rate":0,"timestamp":1569602575,"path_taken":["M","M","M","M","M","E","R","E","T","R","E","?","?","?","R","BOSS"],"build_version":"2019-07-17","purchased_purges":0,"victory":false,"max_hp_per_floor":[80,80,80,80,80,80,80,80,80,80,80,80,80,80,80,80],"card_choices":[{"not_picked":["Twin Strike","Cleave"],"picked":"Shrug It Off","floor":1},{"not_picked":["Rage","Searing Blow"],"picked":"Shrug It Off","floor":2},{"not_picked":["Rage","Headbutt"],"picked":"Flex","floor":3},{"not_picked":["Warcry","True Grit"],"picked":"Metallicize","floor":4},{"not_picked":["Sword Boomerang","Impervious"],"picked":"True Grit","floor":5},{"not_picked":["Rage","Clothesline"],"picked":"Flex","floor":6},{"not_picked":["Perfected Strike","Pommel Strike"],"picked":"Iron Wave","floor":8},{"not_picked":["Rage","Pommel Strike"],"picked":"Iron Wave","floor":11},{"not_picked":["Sentinel","Rampage"],"picked":"Cleave","floor":12},{"not_picked":["Berserk","Warcry"],"picked":"Ghostly Armor","floor":14}],"player_experience":355976,"relics_obtained":[{"floor":6,"key":"Bag of Preparation"},{"floor":8,"key":"Oddly Smooth Stone"},{"floor":9,"key":"Potion Belt"},{"floor":11,"key":"Blood Vial"},{"floor":12,"key":"Odd Mushroom"}],"event_choices":[{"damage_healed":0,"gold_gain":0,"player_choice":"Fought Mushrooms","damage_taken":0,"max_hp_gain":0,"max_hp_loss":0,"event_name":"Mushrooms","floor":12,"gold_loss":0},{"damage_healed":15,"gold_gain":0,"player_choice":"Full Heal","damage_taken":0,"max_hp_gain":0,"max_hp_loss":0,"event_name":"Wheel of Change","floor":13,"gold_loss":0}],"is_beta":false,"boss_relics":[],"items_purged_floors":[],"is_endless":false,"potions_floor_spawned":[4,5,6,8,12],"killed_by":"Hexaghost","ascension_level":6}