{"gold_per_floor":[117,192,192,212,222,222,238,253,333,333,333,333,333,351,351,454,454,470,480,480,47,47,47,62,82,107,107,107,117,131,143,143,245,245,257,272,272,272,272,272,289,289,289,33,53,73,93,110,110,110],"floor_reached":50,"playtime":1311,"items_purged":["Regret"],"score":565,"play_id":"b3362268-fcdd-4955-9139-a7ea4225062f","local_time":"20190908002535","is_ascension_mode":false,"campfire_choices":[{"data":"Rage","floor":6,"key":"SMITH"},{"data":"Perfected Strike","floor":10,"key":"SMITH"},{"data":"Flex","floor":13,"key":"SMITH"},{"data":"Heavy Blade","floor":15,"key":"SMITH"},{"data":"Demon Form","floor":28,"key":"SMITH"},{"data":"Heavy Blade","floor":32,"key":"SMITH"},{"floor":40,"key":"REST"},{"floor":42,"key":"RECALL"},{"data":"Inflame","floor":49,"key":"SMITH"}],"neow_cost":"NONE","seed_source_timestamp":700755339848900,"circlet_count":0,"master_deck":["Strike_R+1","Strike_R+1","Strike_R+1","Strike_R+1","Strike_R+1","Defend_R+1","Defend_R+1","Defend_R+1","Defend_R+1","Bash+1","Rage+1","Perfected Strike+1","Flex+1","Heavy Blade+1","Demon Form+1","Spot Weakness+1","Armaments+1","Wild Strike+1","Pommel Strike+1","Ghostly+1","Ghostly+1","Ghostly+1","Ghostly+1","Ghostly+1","Heavy Blade+1","Spot Weakness+1","Doubt","Parasite","Writhe","Seeing Red+1","Spot Weakness+1","Madness+1","Madness+1","Flex+1","Flex+1","Impervious+1","Inflame+1","Anger+1","Flex+1"],"relics":["Burning Blood","Incense Burner","Toxic Egg 2","Happy Flower","Philosopher\u0027s Stone","Singing Bowl","Whetstone","Calling Bell","Boot","Matryoshka","Nunchaku","Mark of the Bloom","Omamori","Mercury Hourglass"],"potions_floor_usage":[16,16,19,24,31,41,46,48,50],"damage_taken":[{"damage":0,"enemies":"2 Louse","floor":1,"turns":2},{"damage":12,"enemies":"Jaw Worm","floor":4,"turns":4},{"damage":2,"enemies":"Small Slimes","floor":5,"turns":3},{"damage":15,"enemies":"Blue Slaver","floor":7,"turns":4},{"damage":24,"enemies":"Lots of Slimes","floor":8,"turns":5},{"damage":6,"enemies":"Large Slime","floor":14,"turns":3},{"damage":77,"enemies":"The Guardian","floor":16,"turns":9},{"damage":24,"enemies":"Chosen","floor":18,"turns":4},{"damage":39,"enemies":"3 Byrds","floor":19,"turns":5},{"damage":46,"enemies":"3 Cultists","floor":24,"turns":6},{"damage":37,"enemies":"Snake Plant","floor":25,"turns":4},{"damage":1,"enemies":"Snecko","floor":29,"turns":4},{"damage":11,"enemies":"Chosen and Byrds","floor":30,"turns":7},{"damage":2,"enemies":"Centurion and Healer","floor":31,"turns":4},{"damage":1,"enemies":"Champ","floor":33,"turns":8},{"damage":8,"enemies":"3 Darklings","floor":35,"turns":5},{"damage":1,"enemies":"Orb Walker","floor":36,"turns":3},{"damage":19,"enemies":"Writhing Mass","floor":41,"turns":7},{"damage":4,"enemies":"Sphere and 2 Shapes","floor":45,"turns":4},{"damage":1,"enemies":"Transient","floor":46,"turns":5},{"damage":2,"enemies":"Jaw Worm Horde","floor":47,"turns":6},{"damage":2,"enemies":"Spire Growth","floor":48,"turns":6},{"damage":21,"enemies":"Awakened One","floor":50,"turns":1}],"seed_played":"6201117956698644812","potions_obtained":[{"floor":1,"key":"Dexterity Potion"},{"floor":7,"key":"AttackPotion"},{"floor":14,"key":"BloodPotion"},{"floor":16,"key":"SkillPotion"},{"floor":18,"key":"Regen Potion"},{"floor":25,"key":"Swift Potion"},{"floor":30,"key":"SpeedPotion"},{"floor":31,"key":"Dexterity Potion"},{"floor":45,"key":"Regen Potion"},{"floor":46,"key":"Poison Potion"},{"floor":47,"key":"Dexterity Potion"}],"is_trial":false,"path_per_floor":["M","?","?","M","M","R","M","M","T","R","?","T","R","M","R","B",null,"M","M","?","$","?","$","M","M","T","?","R","M","M","M","R","B",null,"M","M","?","?","?","R","M","R","T","$","M","M","M","M","R","B"],"character_chosen":"IRONCLAD","items_purchased":["Armaments+1","Singing Bowl","Wild Strike","Flex+1","Impervious+1","Inflame"],"campfire_rested":1,"item_purchase_floors":[21,21,21,44,44,44],"current_hp_per_floor":[80,69,69,67,71,71,62,59,59,59,59,59,59,59,59,14,80,68,57,57,57,90,90,52,21,21,21,21,26,23,27,27,34,50,48,50,50,50,44,44,25,25,25,25,21,20,18,16,16,0],"gold":110,"neow_bonus":"ONE_RANDOM_RARE_CARD","is_prod":false,"is_daily":false,"chose_seed":false,"campfire_upgraded":7,"win_rate":0,"timestamp":1567895135,"path_taken":["M","?","?","?","M","R","M","M","T","R","?","?","R","M","R","BOSS","M","?","?","$","?","$","M","?","T","?","R","M","M","M","R","BOSS","M","M","?","?","?","R","M","R","T","$","M","?","M","?","R","BOSS"],"build_version":"2019-07-17","purchased_purges":1,"victory":false,"max_hp_per_floor":[80,80,80,80,80,80,80,80,80,80,80,80,80,80,80,80,80,80,80,80,80,90,90,92,92,92,46,46,46,48,48,48,50,50,50,50,50,50,50,50,50,50,50,50,52,52,54,54,54,54],"card_choices":[{"not_picked":["Iron Wave","Sword Boomerang"],"picked":"Rage","floor":1},{"not_picked":["Body Slam","Sword Boomerang"],"picked":"Perfected Strike","floor":4},{"not_picked":["Hemokinesis","Burning Pact","Sword Boomerang"],"picked":"SKIP","floor":5},{"not_picked":["Sword Boomerang","Warcry","Brutality"],"picked":"SKIP","floor":7},{"not_picked":["Clothesline","Corruption"],"picked":"Flex","floor":8},{"not_picked":["Combust","Shrug It Off+1"],"picked":"Heavy Blade","floor":14},{"not_picked":["Clothesline","Thunderclap+1"],"picked":"Twin Strike+1","floor":18},{"not_picked":["Anger+1","Combust"],"picked":"Demon Form","floor":19},{"not_picked":["Power Through+1","Combust","Iron Wave"],"picked":"Singing Bowl","floor":24},{"not_picked":["Hemokinesis+1","Dropkick+1"],"picked":"Pommel Strike","floor":25},{"not_picked":["Warcry+1","Iron Wave"],"picked":"Heavy Blade","floor":29},{"not_picked":["Iron Wave","Feel No Pain","Shrug It Off+1"],"picked":"Singing Bowl","floor":30},{"not_picked":["Feel No Pain","Flame Barrier+1"],"picked":"Spot Weakness+1","floor":31},{"not_picked":["Barricade","Juggernaut","Fiend Fire"],"picked":"Singing Bowl","floor":33},{"not_picked":["Thunderclap+1","Shrug It Off+1"],"picked":"Seeing Red+1","floor":35},{"not_picked":["Pommel Strike","Sentinel+1"],"picked":"Spot Weakness+1","floor":36},{"not_picked":["Warcry+1","Evolve"],"picked":"Flex+1","floor":41},{"not_picked":["Shrug It Off+1","Havoc+1","Clothesline"],"picked":"Singing Bowl","floor":45},{"not_picked":["Thunderclap+1","True Grit+1"],"picked":"Anger+1","floor":46},{"not_picked":["Exhume+1","Clash+1","Body Slam"],"picked":"Singing Bowl","floor":47},{"not_picked":["Anger+1","Whirlwind+1"],"picked":"Flex+1","floor":48}],"player_experience":224321,"relics_obtained":[{"floor":9,"key":"Toxic Egg 2"},{"floor":12,"key":"Happy Flower"},{"floor":26,"key":"Whetstone"},{"floor":34,"key":"Boot"},{"floor":34,"key":"Matryoshka"},{"floor":34,"key":"Nunchaku"},{"floor":43,"key":"Omamori"},{"floor":43,"key":"Mercury Hourglass"}],"event_choices":[{"damage_healed":0,"gold_gain":75,"player_choice":"Gather Gold","damage_taken":11,"max_hp_gain":0,"max_hp_loss":0,"event_name":"World of Goop","floor":2,"gold_loss":0},{"damage_healed":0,"gold_gain":0,"player_choice":"Box","damage_taken":0,"relics_obtained":["Incense Burner"],"max_hp_gain":0,"max_hp_loss":0,"event_name":"Big Fish","floor":3,"gold_loss":0,"cards_obtained":["Regret"]},{"damage_healed":0,"gold_gain":0,"player_choice":"Grow","damage_taken":0,"max_hp_gain":0,"max_hp_loss":0,"event_name":"Living Wall","floor":11,"gold_loss":0,"cards_upgraded":["Bash"]},{"damage_healed":0,"gold_gain":0,"player_choice":"Read","damage_taken":0,"max_hp_gain":0,"max_hp_loss":0,"event_name":"The Library","floor":20,"gold_loss":0,"cards_obtained":["Spot Weakness"]},{"cards_removed":["Reaper"],"damage_healed":23,"gold_gain":0,"player_choice":"Offered Rare","damage_taken":0,"max_hp_gain":10,"max_hp_loss":0,"event_name":"Bonfire Elementals","floor":22,"gold_loss":0},{"damage_healed":0,"gold_gain":0,"player_choice":"Became a Ghost","damage_taken":0,"max_hp_gain":0,"max_hp_loss":46,"event_name":"Ghosts","floor":27,"gold_loss":0,"cards_obtained":["Ghostly","Ghostly","Ghostly","Ghostly","Ghostly"]},{"damage_healed":0,"gold_gain":0,"player_choice":"Upgrade","damage_taken":0,"relics_obtained":["Mark of the Bloom"],"max_hp_gain":0,"max_hp_loss":0,"event_name":"MindBloom","floor":37,"gold_loss":0,"cards_upgraded":["Strike_R","Strike_R","Strike_R","Defend_R","Defend_R","Defend_R","Defend_R","Wild Strike","Pommel Strike"]},{"cards_removed":["Twin Strike"],"damage_healed":0,"gold_gain":0,"player_choice":"Removed Attack","damage_taken":0,"max_hp_gain":0,"max_hp_loss":0,"event_name":"Falling","floor":38,"gold_loss":0},{"damage_healed":0,"gold_gain":0,"player_choice":"Embrace Madness","damage_taken":6,"max_hp_gain":0,"max_hp_loss":0,"event_name":"Winding Halls","floor":39,"gold_loss":0,"cards_obtained":["Madness","Madness"]}],"is_beta":false,"boss_relics":[{"not_picked":["Sozu","Cursed Key"],"picked":"Philosopher\u0027s Stone"},{"not_picked":["Empty Cage","Black Blood"],"picked":"Calling Bell"}],"items_purged_floors":[21],"is_endless":false,"potions_floor_spawned":[1,7,14,16,18,25,30,31,33,45,46,47],"killed_by":"Awakened One","ascension_level":0}