{"gold_per_floor":[214,228,278,31,31,31,64,239,288,316,316,281,281,298,298,399,399,418,418,436,125,125],"floor_reached":22,"playtime":515,"items_purged":[],"score":190,"play_id":"87a54706-65c7-41a4-9eb7-154731c0364b","local_time":"20190908000333","is_ascension_mode":false,"campfire_choices":[{"data":"Searing Blow+1","floor":6,"key":"SMITH"},{"floor":11,"key":"REST"},{"data":"Searing Blow+2","floor":13,"key":"SMITH"},{"data":"Searing Blow+3","floor":15,"key":"SMITH"}],"neow_cost":"NONE","seed_source_timestamp":700230483362100,"circlet_count":0,"master_deck":["Bash","Searing Blow+4","Thunderclap","Limit Break+1","Doubt","Spot Weakness+1","Shrug It Off+1","Offering+1","Feed","Pummel","Impervious+1","Pommel Strike","Searing Blow","Rupture","Flame Barrier+1","Ghostly Armor+1","Reaper","Headbutt+1","Flame Barrier+1","Flex+1","Havoc+1"],"relics":["Burning Blood","Toxic Egg 2","Orichalcum","Strawberry","Mummified Hand","Pandora\u0027s Box","Enchiridion","Bottled Tornado"],"potions_floor_usage":[7,7,16],"damage_taken":[{"damage":8,"enemies":"Small Slimes","floor":1,"turns":3},{"damage":25,"enemies":"Jaw Worm","floor":2,"turns":4},{"damage":45,"enemies":"3 Sentries","floor":7,"turns":8},{"damage":24,"enemies":"Lagavulin","floor":10,"turns":5},{"damage":0,"enemies":"Cultist","floor":14,"turns":2},{"damage":29,"enemies":"Hexaghost","floor":16,"turns":9},{"damage":17,"enemies":"2 Thieves","floor":18,"turns":4},{"damage":4,"enemies":"Chosen","floor":20,"turns":3},{"damage":34,"enemies":"Shelled Parasite and Fungi","floor":22,"turns":4}],"seed_played":"4112887932044546379","potions_obtained":[{"floor":1,"key":"Poison Potion"},{"floor":2,"key":"FearPotion"},{"floor":14,"key":"Block Potion"}],"is_trial":false,"path_per_floor":["M","M","?","$","?","R","E","?","T","E","R","?","R","M","R","B",null,"M","?","M","$","M"],"character_chosen":"IRONCLAD","items_purchased":["Toxic Egg 2","Flex+1","Bottled Tornado","Havoc+1"],"campfire_rested":1,"item_purchase_floors":[4,21,21,21],"current_hp_per_floor":[78,59,59,59,59,59,20,20,27,9,35,56,56,62,62,39,87,76,60,62,62,31],"gold":125,"neow_bonus":"HUNDRED_GOLD","is_prod":false,"is_daily":false,"chose_seed":false,"campfire_upgraded":3,"win_rate":0,"timestamp":1567893813,"path_taken":["M","M","?","$","?","R","E","?","T","E","R","?","R","M","R","BOSS","M","?","M","$","M"],"build_version":"2019-07-17","purchased_purges":0,"victory":false,"max_hp_per_floor":[80,80,80,80,80,80,80,80,87,87,87,87,87,87,87,87,87,87,87,87,87,90],"card_choices":[{"not_picked":["Fire Breathing","Dual Wield"],"picked":"Searing Blow","floor":1},{"not_picked":["Dual Wield","Warcry"],"picked":"Thunderclap","floor":2},{"not_picked":["Rupture","Body Slam"],"picked":"Limit Break+1","floor":7},{"not_picked":["Ghostly Armor+1","Dropkick"],"picked":"Spot Weakness+1","floor":10},{"not_picked":["Hemokinesis","Heavy Blade"],"picked":"Shrug It Off+1","floor":14},{"not_picked":["Demon Form","Limit Break+1"],"picked":"Offering+1","floor":16},{"not_picked":["Perfected Strike","Wild Strike"],"picked":"Headbutt+1","floor":18},{"not_picked":["Twin Strike+1","Heavy Blade+1"],"picked":"Flame Barrier+1","floor":20}],"player_experience":223806,"relics_obtained":[{"floor":7,"key":"Orichalcum"},{"floor":9,"key":"Strawberry"},{"floor":10,"key":"Mummified Hand"},{"floor":19,"key":"Enchiridion"}],"event_choices":[{"damage_healed":0,"gold_gain":50,"player_choice":"Gained Gold","damage_taken":0,"max_hp_gain":0,"max_hp_loss":0,"event_name":"Golden Wing","floor":3,"gold_loss":0},{"damage_healed":0,"gold_gain":0,"player_choice":"Grow","damage_taken":0,"max_hp_gain":0,"max_hp_loss":0,"event_name":"Living Wall","floor":5,"gold_loss":0,"cards_upgraded":["Searing Blow"]},{"damage_healed":0,"gold_gain":175,"player_choice":"AGREE","damage_taken":0,"max_hp_gain":0,"max_hp_loss":0,"event_name":"Liars Game","floor":8,"gold_loss":0,"cards_obtained":["Doubt"]},{"damage_healed":21,"gold_gain":0,"player_choice":"Healed","damage_taken":0,"max_hp_gain":0,"max_hp_loss":0,"event_name":"The Cleric","floor":12,"gold_loss":35},{"damage_healed":0,"gold_gain":0,"player_choice":"Obtained Book","damage_taken":16,"max_hp_gain":0,"max_hp_loss":0,"event_name":"Cursed Tome","floor":19,"gold_loss":0}],"is_beta":false,"boss_relics":[{"not_picked":["Black Star","Calling Bell"],"picked":"Pandora\u0027s Box"}],"items_purged_floors":[],"is_endless":false,"potions_floor_spawned":[1,2,14],"killed_by":"Shelled Parasite and Fungi","ascension_level":0}