{"gold_per_floor":[366,381,393,416,416,416,449,449,476,487,487,513,513,22,22,99,99,112,129,149,166,166,183,183,193,193,468,468,494,594,619,619,690,690,710,725,294,1293,1293,1293,155,174,174,202,214,232,252,252,252,252],"floor_reached":51,"playtime":2993,"items_purged":["Strike_B","Strike_B","Normality"],"score":1420,"play_id":"10ec2121-0c08-4566-8595-4df7d552d02e","local_time":"20191006195524","is_ascension_mode":true,"campfire_choices":[{"floor":6.0,"key":"REST"},{"floor":8.0,"key":"REST"},{"data":"Defragment","floor":13.0,"key":"SMITH"},{"data":"Apotheosis","floor":15.0,"key":"SMITH"},{"floor":24.0,"key":"REST"},{"floor":28.0,"key":"REST"},{"data":"Strike_B","floor":32.0,"key":"PURGE"},{"floor":40.0,"key":"REST"},{"floor":49.0,"key":"REST"}],"neow_cost":"PERCENT_DAMAGE","seed_source_timestamp":681351575155700,"circlet_count":0,"master_deck":["AscendersBane","Defend_B","Defend_B","Defend_B","Defend_B+1","Zap","Dualcast","Auto Shields","Streamline+1","Conserve Battery","Defragment","Defragment+1","Apotheosis+1","Coolheaded","Buffer","White Noise","Hologram","Conserve Battery","Go for the Eyes","Chill","Streamline+1","Force Field+1","Self Repair","Rainbow","Hologram","Echo Form","Echo Form","Stack","Leap","Storm","Leap","Parasite","Seek"],"special_seed":0,"relics":["Cracked Core","Omamori","Peace Pipe","PreservedInsect","Blood Vial","Strawberry","Dream Catcher","Velvet Choker","Symbiotic Virus","Juzu Bracelet","Turnip","Mercury Hourglass","Centennial Puzzle","Inserter","DataDisk","Tiny Chest","Thread and Needle","Singing Bowl","Lee\u0027s Waffle","Anchor","Pocketwatch"],"potions_floor_usage":[50],"damage_taken":[{"damage":1.0,"enemies":"Cultist","floor":1.0,"turns":3.0},{"damage":2.0,"enemies":"Jaw Worm","floor":2.0,"turns":3.0},{"damage":0.0,"enemies":"2 Louse","floor":3.0,"turns":2.0},{"damage":27.0,"enemies":"Lagavulin","floor":7.0,"turns":7.0},{"damage":4.0,"enemies":"Red Slaver","floor":10.0,"turns":3.0},{"damage":11.0,"enemies":"3 Sentries","floor":12.0,"turns":6.0},{"damage":20.0,"enemies":"Hexaghost","floor":16.0,"turns":11.0},{"damage":11.0,"enemies":"Shell Parasite","floor":18.0,"turns":5.0},{"damage":9.0,"enemies":"Chosen","floor":19.0,"turns":5.0},{"damage":24.0,"enemies":"Snake Plant","floor":20.0,"turns":5.0},{"damage":0.0,"enemies":"Snecko","floor":21.0,"turns":6.0},{"damage":10.0,"enemies":"Centurion and Healer","floor":23.0,"turns":10.0},{"damage":1.0,"enemies":"3 Cultists","floor":25.0,"turns":5.0},{"damage":27.0,"enemies":"Slavers","floor":29.0,"turns":6.0},{"damage":5.0,"enemies":"Colosseum Slavers","floor":30.0,"turns":6.0},{"damage":0.0,"enemies":"Colosseum Nobs","floor":30.0,"turns":4.0},{"damage":1.0,"enemies":"Book of Stabbing","floor":31.0,"turns":6.0},{"damage":51.0,"enemies":"Automaton","floor":33.0,"turns":9.0},{"damage":0.0,"enemies":"Orb Walker","floor":35.0,"turns":6.0},{"damage":48.0,"enemies":"3 Darklings","floor":36.0,"turns":4.0},{"damage":0.0,"enemies":"Maw","floor":42.0,"turns":6.0},{"damage":46.0,"enemies":"Reptomancer","floor":44.0,"turns":4.0},{"damage":24.0,"enemies":"Writhing Mass","floor":45.0,"turns":5.0},{"damage":0.0,"enemies":"Transient","floor":46.0,"turns":6.0},{"damage":0.0,"enemies":"Sphere and 2 Shapes","floor":47.0,"turns":6.0},{"damage":38,"enemies":"Time Eater","floor":50,"turns":10}],"seed_played":"3279181115051802921","potions_obtained":[{"floor":2.0,"key":"Fire Potion"},{"floor":7.0,"key":"SkillPotion"},{"floor":12.0,"key":"SteroidPotion"},{"floor":20.0,"key":"Dexterity Potion"},{"floor":23.0,"key":"FocusPotion"},{"floor":25.0,"key":"Ancient Potion"},{"floor":30.0,"key":"Strength Potion"},{"floor":33.0,"key":"AttackPotion"},{"floor":45.0,"key":"Explosive Potion"},{"floor":46.0,"key":"SteroidPotion"}],"is_trial":false,"path_per_floor":["M","M","M","T","?","R","E","R","T","M","T","E","R","$","R","B",null,"M","M","M","M","?","M","R","M","T","?","R","E","?","E","R","B",null,"M","M","$","?","?","R","$","M","T","E","M","M","M","?","R","B",null],"character_chosen":"DEFECT","items_purchased":["Dream Catcher","Apotheosis","Coolheaded","DataDisk","Tiny Chest","Leap","Thread and Needle","Storm","Singing Bowl","Lee\u0027s Waffle","Leap","Dexterity Potion"],"campfire_rested":6,"item_purchase_floors":[14,14,14,37,37,37,41,41,41,41,41,41],"current_hp_per_floor":[45,43,43,43,22,43,16,37,37,33,33,31,31,31,31,13,62,53,46,24,26,26,18,41,42,42,42,65,50,66,67,67,38,68,78,40,40,40,40,63,85,87,87,43,21,35,39,39,68,39],"gold":252,"neow_bonus":"TWO_FIFTY_GOLD","is_prod":false,"is_daily":false,"chose_seed":false,"campfire_upgraded":2,"win_rate":0,"timestamp":1570384524,"path_taken":["M","M","M","?","?","R","E","R","T","M","?","E","R","$","R","BOSS","M","?","M","M","?","?","R","M","T","?","R","E","?","E","R","BOSS","M","M","$","?","?","R","$","M","T","E","M","M","M","?","R","BOSS"],"build_version":"2019-07-17","purchased_purges":3,"victory":true,"max_hp_per_floor":[71,71,71,71,71,71,71,71,71,71,71,78,78,78,78,78,78,78,78,78,78,78,78,78,78,78,78,78,78,78,78,78,78,78,78,78,78,78,78,78,85,87,87,89,89,91,93,93,95,95],"card_choices":[{"not_picked":["Go for the Eyes","Undo"],"picked":"Auto Shields","floor":1.0},{"not_picked":["Ball Lightning","Blizzard"],"picked":"Streamline","floor":2.0},{"not_picked":["Blizzard","Barrage"],"picked":"Conserve Battery","floor":3.0},{"not_picked":["Meteor Strike","Hologram"],"picked":"Defragment","floor":7.0},{"not_picked":["Rebound","Compile Driver"],"picked":"Defragment","floor":10.0},{"not_picked":["Redo","Compile Driver","Sweeping Beam"],"picked":"SKIP","floor":12.0},{"not_picked":["Core Surge","Biased Cognition"],"picked":"Buffer","floor":16.0},{"not_picked":["Sweeping Beam+1","Go for the Eyes"],"picked":"White Noise","floor":18.0},{"not_picked":["Rebound","Force Field"],"picked":"Hologram","floor":19.0},{"not_picked":["Genetic Algorithm","Coolheaded"],"picked":"Conserve Battery","floor":20.0},{"not_picked":["Reinforced Body","Streamline"],"picked":"Go for the Eyes","floor":21.0},{"not_picked":["Conserve Battery","Fusion"],"picked":"Streamline+1","floor":23.0},{"not_picked":["Rebound","Sweeping Beam"],"picked":"Force Field+1","floor":24.0},{"not_picked":["Redo","Beam Cell"],"picked":"Self Repair","floor":25.0},{"not_picked":["Double Energy","Chaos"],"picked":"Rainbow","floor":28.0},{"not_picked":["Recycle","Turbo"],"picked":"Hologram","floor":29.0},{"not_picked":["Turbo","Defragment"],"picked":"Echo Form","floor":30.0},{"not_picked":["Ball Lightning","Go for the Eyes","Aggregate"],"picked":"SKIP","floor":31.0},{"not_picked":["All For One","Hyperbeam"],"picked":"Echo Form","floor":33.0},{"not_picked":["Rebound","Coolheaded","Redo"],"picked":"SKIP","floor":35.0},{"not_picked":["Redo","Ball Lightning+1"],"picked":"Stack","floor":36.0},{"not_picked":["Rip and Tear","Double Energy","Steam"],"picked":"Singing Bowl","floor":42.0},{"not_picked":["Streamline+1","Hologram","Chill"],"picked":"Singing Bowl","floor":44.0},{"not_picked":["Compile Driver","Turbo"],"picked":"Seek","floor":45.0},{"not_picked":["Beam Cell","Go for the Eyes","Compile Driver"],"picked":"Singing Bowl","floor":46.0},{"not_picked":["Sweeping Beam","Undo","Ball Lightning+1"],"picked":"Singing Bowl","floor":47.0},{"not_picked":["Genetic Algorithm","Steam","Aggregate+1"],"picked":"Singing Bowl","floor":49.0}],"player_experience":429128,"relics_obtained":[{"floor":4.0,"key":"Omamori"},{"floor":7.0,"key":"Peace Pipe"},{"floor":9.0,"key":"PreservedInsect"},{"floor":11.0,"key":"Blood Vial"},{"floor":12.0,"key":"Strawberry"},{"floor":26.0,"key":"Symbiotic Virus"},{"floor":29.0,"key":"Juzu Bracelet"},{"floor":30.0,"key":"Turnip"},{"floor":30.0,"key":"Mercury Hourglass"},{"floor":31.0,"key":"Centennial Puzzle"},{"floor":43.0,"key":"Anchor"},{"floor":44.0,"key":"Pocketwatch"}],"event_choices":[{"damage_healed":0.0,"max_hp_gain":0.0,"max_hp_loss":0.0,"gold_gain":0.0,"event_name":"Shining Light","player_choice":"Entered Light","floor":5.0,"gold_loss":0.0,"damage_taken":21.0,"cards_upgraded":["Defend_B","Streamline"]},{"damage_healed":0.0,"max_hp_gain":0.0,"max_hp_loss":0.0,"gold_gain":0.0,"cards_transformed":["Strike_B"],"event_name":"Transmorgrifier","player_choice":"Transformed","floor":22.0,"gold_loss":0.0,"damage_taken":0.0,"cards_obtained":["Chill"]},{"damage_healed":0.0,"max_hp_gain":0.0,"max_hp_loss":0.0,"gold_gain":275.0,"event_name":"Golden Shrine","player_choice":"Desecrate","floor":27.0,"gold_loss":0.0,"damage_taken":0.0,"cards_obtained":["Regret"]},{"damage_healed":0.0,"max_hp_gain":0.0,"max_hp_loss":0.0,"gold_gain":0.0,"event_name":"Colosseum","player_choice":"Fight","floor":30.0,"gold_loss":0.0,"damage_taken":0.0},{"damage_healed":0.0,"max_hp_gain":0.0,"max_hp_loss":0.0,"gold_gain":0.0,"event_name":"Colosseum","player_choice":"Fought Nobs","floor":30.0,"gold_loss":0.0,"damage_taken":0.0},{"damage_healed":0.0,"max_hp_gain":0.0,"max_hp_loss":0.0,"gold_gain":999.0,"event_name":"MindBloom","player_choice":"Gold","floor":38.0,"gold_loss":0.0,"damage_taken":0.0,"cards_obtained":["Normality","Normality"]},{"damage_healed":0.0,"max_hp_gain":0.0,"max_hp_loss":0.0,"gold_gain":0.0,"event_name":"Tomb of Lord Red Mask","player_choice":"Ignored","floor":39.0,"gold_loss":0.0,"damage_taken":0.0},{"damage_healed":0.0,"max_hp_gain":0.0,"max_hp_loss":0.0,"gold_gain":0.0,"event_name":"SecretPortal","player_choice":"Ignored","floor":48.0,"gold_loss":0.0,"damage_taken":0.0}],"is_beta":false,"boss_relics":[{"not_picked":["Runic Pyramid","Lizard Tail"],"picked":"Velvet Choker"},{"not_picked":["FrozenCore","Pandora\u0027s Box"],"picked":"Inserter"}],"items_purged_floors":[14,37,41],"is_endless":false,"potions_floor_spawned":[2,7,12,20,23,25,30,33,45,46],"ascension_level":19}