{"gold_per_floor":[118,138,151,167,82,116,97,123,123,136,136,61,95,95,95,196,196,196],"floor_reached":18,"playtime":1652,"items_purged":["Strike_R"],"score":200,"play_id":"e72410fb-8aeb-4e80-b1f5-4583b56ac129","local_time":"20190907080004","is_ascension_mode":true,"campfire_choices":[{"floor":11,"key":"DIG"},{"floor":15,"key":"DIG"}],"neow_cost":"NONE","seed_source_timestamp":2206393038917600,"circlet_count":0,"master_deck":["Strike_R","Strike_R","Strike_R+1","Strike_R","Defend_R","Defend_R","Defend_R","Defend_R","Bash+1","Barricade","Clash","Shrug It Off","Metallicize","Clash","Jack Of All Trades","Thunderclap","Dual Wield","Iron Wave","Perfected Strike","Ghostly Armor","Brutality"],"relics":["Burning Blood","Whetstone","Meat on the Bone","Shovel","WingedGreaves","Ginger","Ice Cream","Molten Egg 2","Philosopher\u0027s Stone"],"potions_floor_usage":[7,8,13,18,18],"damage_taken":[{"damage":6,"enemies":"Cultist","floor":1,"turns":4},{"damage":15,"enemies":"Small Slimes","floor":2,"turns":4},{"damage":0,"enemies":"Jaw Worm","floor":3,"turns":4},{"damage":2,"enemies":"Exordium Wildlife","floor":4,"turns":5},{"damage":57,"enemies":"3 Sentries","floor":6,"turns":17},{"damage":5,"enemies":"Exordium Thugs","floor":7,"turns":5},{"damage":15,"enemies":"Lagavulin","floor":8,"turns":7},{"damage":3,"enemies":"Blue Slaver","floor":10,"turns":5},{"damage":7,"enemies":"3 Sentries","floor":13,"turns":13},{"damage":32,"enemies":"Slime Boss","floor":16,"turns":12},{"damage":80,"enemies":"3 Byrds","floor":18,"turns":7}],"seed_played":"2323161843654962686","potions_obtained":[{"floor":2,"key":"FearPotion"},{"floor":6,"key":"Regen Potion"},{"floor":7,"key":"Energy Potion"},{"floor":8,"key":"Swift Potion"},{"floor":16,"key":"Weak Potion"}],"is_trial":false,"path_per_floor":["M","M","M","M","$","E","M","E","T","M","R","$","E","?","R","B",null,"M"],"character_chosen":"IRONCLAD","items_purchased":["Jack Of All Trades"],"campfire_rested":0,"item_purchase_floors":[5],"current_hp_per_floor":[80,71,77,80,80,29,44,35,35,50,50,50,49,46,46,32,80,0],"gold":196,"neow_bonus":"ONE_RANDOM_RARE_CARD","is_prod":false,"is_daily":false,"chose_seed":false,"campfire_upgraded":0,"win_rate":0,"timestamp":1567836004,"path_taken":["M","?","M","M","?","E","M","E","T","M","R","$","E","?","R","BOSS","M"],"build_version":"2019-07-17","purchased_purges":1,"victory":false,"max_hp_per_floor":[80,80,80,80,80,80,80,80,80,80,80,80,80,80,80,80,80,80],"card_choices":[{"not_picked":["Bloodletting","True Grit"],"picked":"Clash","floor":1},{"not_picked":["Uppercut","Combust"],"picked":"Shrug It Off","floor":2},{"not_picked":["Sentinel","Headbutt"],"picked":"Metallicize","floor":3},{"not_picked":["Intimidate","Reckless Charge"],"picked":"Clash","floor":4},{"not_picked":["Sword Boomerang","Carnage"],"picked":"Thunderclap","floor":6},{"not_picked":["Burning Pact","Wild Strike"],"picked":"Dual Wield","floor":7},{"not_picked":["Clash","Armaments"],"picked":"Iron Wave","floor":8},{"not_picked":["Offering","Reckless Charge"],"picked":"Perfected Strike","floor":10},{"not_picked":["Rampage","Corruption"],"picked":"Ghostly Armor","floor":13},{"not_picked":["Fiend Fire+1","Barricade"],"picked":"Brutality","floor":16}],"player_experience":92119,"relics_obtained":[{"floor":6,"key":"Whetstone"},{"floor":8,"key":"Meat on the Bone"},{"floor":9,"key":"Shovel"},{"floor":11,"key":"WingedGreaves"},{"floor":13,"key":"Ginger"},{"floor":15,"key":"Molten Egg 2"}],"event_choices":[{"damage_healed":0,"gold_gain":0,"player_choice":"Success","damage_taken":3,"relics_obtained":["Ice Cream"],"max_hp_gain":0,"max_hp_loss":0,"event_name":"Scrap Ooze","floor":14,"gold_loss":0}],"is_beta":false,"boss_relics":[{"not_picked":["Tiny House","Orrery"],"picked":"Philosopher\u0027s Stone"}],"items_purged_floors":[12],"is_endless":false,"potions_floor_spawned":[2,6,7,8,16],"killed_by":"3 Byrds","ascension_level":2}