{"gold_per_floor":[20,20,35,13,13,45,55,72,127,145,160,173,189,222,234,341,353,383,411,440,462,31,31],"floor_reached":23,"playtime":1442,"items_purged":[],"score":259,"play_id":"9befdce0-47b6-4756-8571-9838f047a360","local_time":"20190729030036","is_ascension_mode":false,"campfire_choices":[{"floor":15,"key":"RECALL"}],"neow_cost":"NO_GOLD","seed_source_timestamp":1039978342557697,"circlet_count":0,"master_deck":["Strike_R","Strike_R","Strike_R","Strike_R","Defend_R","Defend_R","Defend_R","Defend_R","Bash","Iron Wave","Power Through+1","Shrug It Off","Cleave","Flex","Fiend Fire","Power Through","Sever Soul","Wild Strike","Feel No Pain","Cleave","Impervious","Reckless Charge","Fire Breathing","Infernal Blade","Anger","Infernal Blade","Second Wind","Double Tap","Warcry+1","Headbutt","Warcry+1","Wild Strike","Headbutt","Entrench+1","Second Wind+1","Clash+1","Panache","Perfected Strike","Shrug It Off"],"relics":["Burning Blood","Prayer Wheel","Self Forming Clay","Happy Flower","MawBank","Black Star","ClockworkSouvenir"],"potions_floor_usage":[14,14,19,19,23],"damage_taken":[{"damage":6,"enemies":"Small Slimes","floor":1,"turns":3},{"damage":5,"enemies":"2 Louse","floor":3,"turns":4},{"damage":21,"enemies":"Lagavulin","floor":6,"turns":11},{"damage":0,"enemies":"Cultist","floor":7,"turns":3},{"damage":1,"enemies":"Lots of Slimes","floor":8,"turns":4},{"damage":5,"enemies":"Red Slaver","floor":10,"turns":2},{"damage":0,"enemies":"3 Louse","floor":11,"turns":2},{"damage":2,"enemies":"Looter","floor":12,"turns":3},{"damage":0,"enemies":"2 Fungi Beasts","floor":13,"turns":2},{"damage":0,"enemies":"Gremlin Nob","floor":14,"turns":5},{"damage":65,"enemies":"The Guardian","floor":16,"turns":13},{"damage":11,"enemies":"Spheric Guardian","floor":18,"turns":5},{"damage":10,"enemies":"2 Thieves","floor":19,"turns":4},{"damage":37,"enemies":"Snake Plant","floor":20,"turns":4},{"damage":10,"enemies":"Sentry and Sphere","floor":21,"turns":7},{"damage":46,"enemies":"Gremlin Leader","floor":23,"turns":5}],"seed_played":"-7331669836480320959","potions_obtained":[{"floor":3,"key":"GamblersBrew"},{"floor":8,"key":"LiquidBronze"},{"floor":10,"key":"Explosive Potion"},{"floor":12,"key":"Weak Potion"},{"floor":13,"key":"EssenceOfSteel"},{"floor":16,"key":"SkillPotion"},{"floor":19,"key":"Swift Potion"}],"is_trial":false,"path_per_floor":["M","?","M","$","?","E","M","M","T","M","M","M","M","E","R","B",null,"M","M","M","M","$","E"],"character_chosen":"IRONCLAD","items_purchased":["Flex","Panache","ClockworkSouvenir","Perfected Strike","Shrug It Off"],"campfire_rested":0,"item_purchase_floors":[4,22,22,22,22],"current_hp_per_floor":[80,80,80,80,80,65,71,76,76,77,80,80,80,80,80,21,80,75,71,40,36,36,0],"gold":31,"neow_bonus":"ONE_RARE_RELIC","is_prod":false,"is_daily":false,"chose_seed":false,"campfire_upgraded":0,"win_rate":0,"timestamp":1564362036,"path_taken":["M","?","M","$","?","E","M","M","T","M","?","M","M","E","R","BOSS","M","M","M","M","$","E"],"build_version":"2019-07-17","purchased_purges":0,"victory":false,"max_hp_per_floor":[80,80,80,80,80,80,80,80,80,80,80,80,80,80,80,80,80,80,80,80,80,80,80],"card_choices":[{"not_picked":["Twin Strike","Cleave"],"picked":"Iron Wave","floor":1},{"not_picked":["Warcry","Perfected Strike"],"picked":"Power Through","floor":1},{"not_picked":["Flex","Wild Strike"],"picked":"Shrug It Off","floor":3},{"not_picked":["Dropkick","Disarm"],"picked":"Cleave","floor":3},{"not_picked":["Flame Barrier","Uppercut"],"picked":"Fiend Fire","floor":6},{"not_picked":["Twin Strike","Iron Wave"],"picked":"Power Through","floor":7},{"not_picked":["Corruption","Metallicize","Sword Boomerang"],"picked":"SKIP","floor":7},{"not_picked":["Disarm","Armaments"],"picked":"Sever Soul","floor":8},{"not_picked":["Pummel","Clothesline"],"picked":"Wild Strike","floor":8},{"not_picked":["Clash","Havoc"],"picked":"Feel No Pain","floor":10},{"not_picked":["Armaments","Heavy Blade"],"picked":"Cleave","floor":10},{"not_picked":["Havoc","Anger"],"picked":"Impervious","floor":11},{"not_picked":["Clothesline","Wild Strike"],"picked":"Reckless Charge","floor":11},{"not_picked":["Clothesline","Combust"],"picked":"Fire Breathing","floor":12},{"not_picked":["Shockwave","Clash"],"picked":"Infernal Blade","floor":12},{"not_picked":["Blood for Blood","Inflame"],"picked":"Anger","floor":13},{"not_picked":["Clothesline","Dropkick"],"picked":"Infernal Blade","floor":13},{"not_picked":["Spot Weakness","Flame Barrier"],"picked":"Second Wind","floor":14},{"not_picked":["Bludgeon","Brutality"],"picked":"Double Tap","floor":16},{"not_picked":["Blood for Blood","Headbutt"],"picked":"Warcry+1","floor":18},{"not_picked":["Whirlwind","Battle Trance+1"],"picked":"Headbutt","floor":18},{"not_picked":["Havoc","Metallicize"],"picked":"Warcry+1","floor":19},{"not_picked":["Burning Pact","Inflame"],"picked":"Wild Strike","floor":19},{"not_picked":["Clothesline+1","Spot Weakness"],"picked":"Headbutt","floor":20},{"not_picked":["True Grit","Clothesline"],"picked":"Entrench+1","floor":20},{"not_picked":["Intimidate+1","Immolate"],"picked":"Second Wind+1","floor":21},{"not_picked":["Pommel Strike","Body Slam"],"picked":"Clash+1","floor":21}],"player_experience":135515,"relics_obtained":[{"floor":6,"key":"Self Forming Clay"},{"floor":9,"key":"Happy Flower"},{"floor":14,"key":"MawBank"}],"event_choices":[{"damage_healed":0,"gold_gain":0,"player_choice":"Grow","damage_taken":0,"max_hp_gain":0,"max_hp_loss":0,"event_name":"Living Wall","floor":2,"gold_loss":0,"cards_upgraded":["Power Through"]},{"cards_removed":["Strike_R"],"damage_healed":0,"gold_gain":0,"player_choice":"Offered Basic","damage_taken":0,"max_hp_gain":0,"max_hp_loss":0,"event_name":"Bonfire Elementals","floor":5,"gold_loss":0}],"is_beta":false,"boss_relics":[{"not_picked":["Runic Cube","Runic Pyramid"],"picked":"Black Star"}],"items_purged_floors":[],"is_endless":false,"potions_floor_spawned":[3,8,10,12,13,16,19],"killed_by":"Gremlin Leader","ascension_level":0}