{"gold_per_floor":[19,33,45,57,132,132,167,181,256,256,256,256,289,289,289,415,415,440,318,334,354,269,269,269,288,288,288,306,345,264,264],"floor_reached":31,"playtime":5526,"items_purged":["Strike_R"],"score":330,"play_id":"fadb0024-27e3-409d-9b75-8a9a63e8fd71","local_time":"20191003123818","is_ascension_mode":true,"campfire_choices":[{"data":"Armaments","floor":6,"key":"SMITH"},{"data":"Bash","floor":10,"key":"SMITH"},{"floor":12,"key":"REST"},{"data":"Demon Form","floor":15,"key":"SMITH"},{"floor":23,"key":"REST"},{"floor":27,"key":"REST"}],"neow_cost":"NO_GOLD","seed_source_timestamp":234849115305500,"circlet_count":0,"master_deck":["Strike_R","Strike_R","Strike_R","Defend_R","Defend_R","Defend_R","Defend_R+1","Bash+1","Armaments+1","Iron Wave","Demon Form+1","Cleave","Headbutt","Anger","Heavy Blade","Disarm","Ghostly Armor+1","True Grit","Ghostly Armor"],"relics":["Burning Blood","PreservedInsect","Bottled Flame","Golden Idol","Champion Belt","Runic Pyramid","Strawberry","Bottled Lightning","Oddly Smooth Stone","War Paint"],"potions_floor_usage":[7,8,25,28,28,28],"damage_taken":[{"damage":6,"enemies":"Cultist","floor":1,"turns":4},{"damage":1,"enemies":"Small Slimes","floor":2,"turns":4},{"damage":5,"enemies":"2 Louse","floor":3,"turns":3},{"damage":5,"enemies":"2 Fungi Beasts","floor":4,"turns":4},{"damage":22,"enemies":"Gremlin Nob","floor":7,"turns":4},{"damage":5,"enemies":"Exordium Wildlife","floor":8,"turns":5},{"damage":20,"enemies":"3 Sentries","floor":13,"turns":4},{"damage":37,"enemies":"Hexaghost","floor":16,"turns":9},{"damage":34,"enemies":"Spheric Guardian","floor":18,"turns":7},{"damage":15,"enemies":"Shell Parasite","floor":20,"turns":8},{"damage":5,"enemies":"Snecko","floor":21,"turns":4},{"damage":19,"enemies":"Centurion and Healer","floor":25,"turns":6},{"damage":24,"enemies":"Sentry and Sphere","floor":28,"turns":5},{"damage":62,"enemies":"Slavers","floor":29,"turns":7},{"damage":34,"enemies":"Snake Plant","floor":31,"turns":4}],"seed_played":"-8545564936056841669","potions_obtained":[{"floor":3,"key":"PowerPotion"},{"floor":4,"key":"Ancient Potion"},{"floor":7,"key":"SkillPotion"},{"floor":13,"key":"Poison Potion"},{"floor":18,"key":"FearPotion"},{"floor":25,"key":"Weak Potion"},{"floor":29,"key":"SneckoOil"}],"is_trial":false,"path_per_floor":["M","M","M","M","?","R","E","M","T","R","?","R","E","?","R","B",null,"M","$","M","M","?","R","T","M","T","R","M","E","$","M"],"character_chosen":"IRONCLAD","items_purchased":["Heavy Blade","Ghostly Armor"],"campfire_rested":3,"item_purchase_floors":[19,30],"current_hp_per_floor":[96,96,96,96,85,85,69,70,70,70,46,74,60,60,60,29,96,68,68,59,60,67,97,97,84,84,103,85,29,29,0],"gold":264,"neow_bonus":"TWENTY_PERCENT_HP_BONUS","is_prod":false,"is_daily":false,"chose_seed":false,"campfire_upgraded":3,"win_rate":0,"timestamp":1570124298,"path_taken":["M","M","M","M","?","R","E","M","T","R","?","R","E","?","R","BOSS","M","$","M","M","?","R","?","M","T","R","?","E","$","M"],"build_version":"2019-07-17","purchased_purges":1,"victory":false,"max_hp_per_floor":[96,96,96,96,96,96,96,96,96,96,96,96,96,96,96,96,96,96,96,96,96,103,103,103,103,103,103,103,103,103,103],"card_choices":[{"not_picked":["Twin Strike","Perfected Strike","Wild Strike"],"picked":"SKIP","floor":1},{"not_picked":["Metallicize","Combust"],"picked":"Armaments","floor":2},{"not_picked":["Blood for Blood","Clash","Sever Soul"],"picked":"SKIP","floor":3},{"not_picked":["Flex","Clash"],"picked":"Iron Wave","floor":4},{"not_picked":["Shockwave","Warcry"],"picked":"Demon Form","floor":7},{"not_picked":["Iron Wave","Reckless Charge"],"picked":"Cleave","floor":8},{"not_picked":["Cleave","Clash"],"picked":"Headbutt","floor":13},{"not_picked":["Cleave","Clothesline"],"picked":"Anger","floor":18},{"not_picked":["Armaments+1","Sword Boomerang","Perfected Strike"],"picked":"SKIP","floor":20},{"not_picked":["Dual Wield","Warcry"],"picked":"Disarm","floor":21},{"not_picked":["Power Through","Burning Pact","Brutality"],"picked":"SKIP","floor":25},{"not_picked":["Battle Trance","Sword Boomerang"],"picked":"Ghostly Armor","floor":28},{"not_picked":["Blood for Blood","Shrug It Off"],"picked":"True Grit","floor":29}],"player_experience":136345,"relics_obtained":[{"floor":7,"key":"PreservedInsect"},{"floor":9,"key":"Bottled Flame"},{"floor":13,"key":"Champion Belt"},{"floor":24,"key":"Bottled Lightning"},{"floor":26,"key":"Oddly Smooth Stone"},{"floor":29,"key":"War Paint"}],"event_choices":[{"damage_healed":0,"gold_gain":75,"player_choice":"Gather Gold","damage_taken":11,"max_hp_gain":0,"max_hp_loss":0,"event_name":"World of Goop","floor":5,"gold_loss":0},{"damage_healed":0,"gold_gain":0,"player_choice":"Take Damage","damage_taken":24,"relics_obtained":["Golden Idol"],"max_hp_gain":0,"max_hp_loss":0,"event_name":"Golden Idol","floor":11,"gold_loss":0},{"cards_removed":["Strike_R"],"damage_healed":0,"gold_gain":0,"player_choice":"Forget","damage_taken":0,"max_hp_gain":0,"max_hp_loss":0,"event_name":"Living Wall","floor":14,"gold_loss":0},{"damage_healed":0,"gold_gain":0,"player_choice":"Obtained Relic","damage_taken":0,"relics_obtained":["Strawberry"],"max_hp_gain":0,"max_hp_loss":0,"event_name":"Addict","floor":22,"gold_loss":85}],"is_beta":false,"boss_relics":[{"not_picked":["Black Blood","Runic Dome"],"picked":"Runic Pyramid"}],"items_purged_floors":[19],"is_endless":false,"potions_floor_spawned":[3,4,7,13,18,25,29],"killed_by":"Snake Plant","ascension_level":3}