{"gold_per_floor":[163,176,193,209,36,67,81,81,149,166,184,184,334,364,364,364],"floor_reached":16,"playtime":814,"items_purged":[],"score":228,"play_id":"e490b1dd-2d4a-43f9-afc9-604e5cb54cf7","local_time":"20191010071006","is_ascension_mode":true,"campfire_choices":[{"floor":8,"key":"REST"},{"floor":12,"key":"REST"},{"floor":15,"key":"REST"}],"neow_cost":"NONE","seed_source_timestamp":983652088520200,"circlet_count":0,"master_deck":["AscendersBane","Strike_B+1","Strike_B","Strike_B","Strike_B","Defend_B","Defend_B","Defend_B","Defend_B","Zap","Dualcast","Streamline","Genetic Algorithm","Machine Learning","Defragment","Cold Snap","Barrage","Sunder","Coolheaded","Consume","Doubt","Chill"],"relics":["Tiny House","Oddly Smooth Stone","Question Card","Gremlin Horn","Dead Branch"],"potions_floor_usage":[6,6,7,11,14],"damage_taken":[{"damage":7,"enemies":"Cultist","floor":1,"turns":4},{"damage":16,"enemies":"2 Louse","floor":2,"turns":4},{"damage":2,"enemies":"Jaw Worm","floor":3,"turns":4},{"damage":7,"enemies":"2 Fungi Beasts","floor":4,"turns":4},{"damage":18,"enemies":"3 Sentries","floor":6,"turns":9},{"damage":9,"enemies":"Large Slime","floor":7,"turns":6},{"damage":8,"enemies":"Looter","floor":10,"turns":4},{"damage":0,"enemies":"2 Fungi Beasts","floor":11,"turns":2},{"damage":24,"enemies":"Lagavulin","floor":14,"turns":7},{"damage":52,"enemies":"Hexaghost","floor":16,"turns":14}],"seed_played":"1510915986530328470","potions_obtained":[{"floor":0,"key":"Dexterity Potion"},{"floor":3,"key":"Block Potion"},{"floor":6,"key":"Energy Potion"},{"floor":7,"key":"SpeedPotion"},{"floor":10,"key":"AttackPotion"}],"is_trial":false,"path_per_floor":["M","M","M","M","$","E","M","R","T","M","M","R","?","E","R","B"],"character_chosen":"DEFECT","items_purchased":["Oddly Smooth Stone"],"campfire_rested":3,"item_purchase_floors":[5],"current_hp_per_floor":[62,46,44,37,37,19,10,32,32,24,24,46,46,22,44,0],"gold":364,"neow_bonus":"BOSS_RELIC","is_prod":false,"is_daily":false,"chose_seed":false,"campfire_upgraded":0,"win_rate":0,"timestamp":1570684206,"path_taken":["M","M","M","?","?","E","M","R","T","M","M","R","?","E","R","BOSS"],"build_version":"2019-07-17","purchased_purges":0,"victory":false,"max_hp_per_floor":[76,76,76,76,76,76,76,76,76,76,76,76,76,76,76,76],"card_choices":[{"not_picked":["Gash","Heatsinks"],"picked":"Streamline","floor":0},{"not_picked":["Conserve Battery","Consume"],"picked":"Genetic Algorithm","floor":1},{"not_picked":["Aggregate","Redo"],"picked":"Machine Learning","floor":2},{"not_picked":["Streamline","Compile Driver"],"picked":"Defragment","floor":3},{"not_picked":["Compile Driver","Force Field"],"picked":"Cold Snap","floor":4},{"not_picked":["Fission","Turbo"],"picked":"Barrage","floor":6},{"not_picked":["Rip and Tear","Undo","Conserve Battery"],"picked":"Sunder","floor":7},{"not_picked":["Cold Snap","Streamline","Melter"],"picked":"Coolheaded","floor":10},{"not_picked":["Doom and Gloom","Melter","Static Discharge"],"picked":"Consume","floor":11},{"not_picked":["Steam Power","Barrage","Fusion"],"picked":"Chill","floor":14}],"player_experience":454504,"relics_obtained":[{"floor":6,"key":"Question Card"},{"floor":9,"key":"Gremlin Horn"},{"floor":14,"key":"Dead Branch"}],"event_choices":[{"damage_healed":0,"gold_gain":150,"player_choice":"AGREE","damage_taken":0,"max_hp_gain":0,"max_hp_loss":0,"event_name":"Liars Game","floor":13,"gold_loss":0,"cards_obtained":["Doubt"]}],"is_beta":false,"boss_relics":[],"items_purged_floors":[],"is_endless":false,"potions_floor_spawned":[3,6,7,10],"killed_by":"Hexaghost","ascension_level":20}