{"gold_per_floor":[20,37,37,47,12,41,41,76,101,101],"floor_reached":10,"playtime":352,"items_purged":[],"score":84,"play_id":"e297f24e-9d8b-4daa-85f8-6c629dc10d9c","local_time":"20190913184111","is_ascension_mode":true,"campfire_choices":[{"data":"Searing Blow","floor":7,"key":"SMITH"}],"neow_cost":"NO_GOLD","seed_source_timestamp":108712819976600,"circlet_count":0,"master_deck":["Strike_R","Strike_R","Strike_R","Strike_R","Strike_R","Defend_R","Defend_R","Defend_R","Defend_R","Bash","Offering","Heavy Blade","Rupture","Ghostly Armor","Double Tap","Searing Blow+1","Whirlwind","Anger"],"relics":["Burning Blood","Ancient Tea Set","Bag of Preparation","Regal Pillow"],"potions_floor_usage":[10,10],"damage_taken":[{"damage":8,"enemies":"2 Louse","floor":1,"turns":2},{"damage":6,"enemies":"Cultist","floor":2,"turns":2},{"damage":6,"enemies":"Small Slimes","floor":4,"turns":3},{"damage":52,"enemies":"Gremlin Nob","floor":6,"turns":5},{"damage":27,"enemies":"Lagavulin","floor":8,"turns":5},{"damage":18,"enemies":"3 Sentries","floor":10,"turns":2}],"seed_played":"5755384496719548287","potions_obtained":[{"floor":2,"key":"GamblersBrew"},{"floor":8,"key":"Swift Potion"}],"is_trial":false,"path_per_floor":["M","M","?","M","$","E","R","E","T","E"],"character_chosen":"IRONCLAD","items_purchased":["Searing Blow"],"campfire_rested":0,"item_purchase_floors":[5],"current_hp_per_floor":[78,78,78,78,78,32,32,11,11,0],"gold":101,"neow_bonus":"THREE_RARE_CARDS","is_prod":false,"is_daily":false,"chose_seed":false,"campfire_upgraded":1,"win_rate":0,"timestamp":1568392871,"path_taken":["M","M","?","M","?","E","R","E","T","E"],"build_version":"2019-07-17","purchased_purges":0,"victory":false,"max_hp_per_floor":[80,80,80,80,80,80,80,80,80,80],"card_choices":[{"not_picked":["Fiend Fire","Dark Embrace"],"picked":"Offering","floor":0},{"not_picked":["Warcry","Clothesline"],"picked":"Heavy Blade","floor":1},{"not_picked":["Iron Wave","Thunderclap"],"picked":"Rupture","floor":2},{"not_picked":["Anger","Entrench"],"picked":"Double Tap","floor":4},{"not_picked":["Havoc","Thunderclap"],"picked":"Whirlwind","floor":6},{"not_picked":["Clash","Perfected Strike"],"picked":"Anger","floor":8}],"player_experience":239894,"relics_obtained":[{"floor":6,"key":"Ancient Tea Set"},{"floor":8,"key":"Bag of Preparation"},{"floor":9,"key":"Regal Pillow"}],"event_choices":[{"damage_healed":0,"gold_gain":0,"player_choice":"1 cards matched","damage_taken":0,"max_hp_gain":0,"max_hp_loss":0,"event_name":"Match and Keep!","floor":3,"gold_loss":0,"cards_obtained":["Ghostly Armor"]}],"is_beta":false,"boss_relics":[],"items_purged_floors":[],"is_endless":false,"potions_floor_spawned":[2,8],"killed_by":"3 Sentries","ascension_level":2}