{"gold_per_floor":[114,39,39,55,75,103,116,126,175,250,72,72,82,82,82,82],"floor_reached":16,"playtime":576,"items_purged":["Strike_R","Strike_R"],"score":102,"play_id":"62a13a42-9b00-4ce6-a238-3b1bce98500e","local_time":"20190906200016","is_ascension_mode":false,"campfire_choices":[{"data":"Searing Blow","floor":12,"key":"SMITH"},{"data":"Searing Blow+1","floor":15,"key":"SMITH"}],"neow_cost":"NONE","seed_source_timestamp":2164283818682100,"circlet_count":0,"master_deck":["Strike_R","Strike_R","Strike_R","Defend_R","Defend_R","Defend_R","Bash","Searing Blow+2"],"relics":["Burning Blood","Darkstone Periapt","Regal Pillow"],"potions_floor_usage":[6,7,16,16,16],"damage_taken":[{"damage":2,"enemies":"Small Slimes","floor":1,"turns":4},{"damage":7,"enemies":"2 Louse","floor":4,"turns":3},{"damage":6,"enemies":"Jaw Worm","floor":5,"turns":4},{"damage":82,"enemies":"Gremlin Nob","floor":6,"turns":8},{"damage":17,"enemies":"Lots of Slimes","floor":7,"turns":7},{"damage":0,"enemies":"Exordium Wildlife","floor":8,"turns":4},{"damage":10,"enemies":"3 Louse","floor":13,"turns":4},{"damage":53,"enemies":"Hexaghost","floor":16,"turns":9}],"seed_played":"-6050810603736570326","potions_obtained":[{"floor":5,"key":"BloodPotion"},{"floor":6,"key":"Regen Potion"},{"floor":8,"key":"Poison Potion"},{"floor":13,"key":"Explosive Potion"}],"is_trial":false,"path_per_floor":["M","$","?","M","M","E","M","M","T","?","$","R","M","?","R","B"],"character_chosen":"IRONCLAD","items_purchased":["BloodPotion"],"campfire_rested":0,"item_purchase_floors":[11],"current_hp_per_floor":[88,88,88,87,87,33,37,43,43,32,32,32,28,28,28,0],"gold":82,"neow_bonus":"TEN_PERCENT_HP_BONUS","is_prod":false,"is_daily":false,"chose_seed":false,"campfire_upgraded":2,"win_rate":0,"timestamp":1567792816,"path_taken":["M","$","?","M","M","E","M","M","T","?","$","R","M","?","R","BOSS"],"build_version":"2019-07-17","purchased_purges":2,"victory":false,"max_hp_per_floor":[88,88,88,88,88,88,88,88,88,88,88,88,88,88,88,88],"card_choices":[{"not_picked":["Twin Strike","Havoc","Dual Wield"],"picked":"SKIP","floor":1},{"not_picked":["Battle Trance","Anger","Spot Weakness"],"picked":"SKIP","floor":4},{"not_picked":["True Grit","Twin Strike","Power Through"],"picked":"SKIP","floor":5},{"not_picked":["Metallicize","Disarm","Reaper"],"picked":"SKIP","floor":6},{"not_picked":["Wild Strike","Rupture","Thunderclap"],"picked":"SKIP","floor":7},{"not_picked":["Sword Boomerang","Carnage"],"picked":"Searing Blow","floor":8},{"not_picked":["Sever Soul","Sword Boomerang","Pommel Strike"],"picked":"SKIP","floor":13}],"player_experience":90180,"relics_obtained":[{"floor":6,"key":"Darkstone Periapt"},{"floor":9,"key":"Regal Pillow"}],"event_choices":[{"damage_healed":0,"gold_gain":0,"player_choice":"Leave","damage_taken":0,"max_hp_gain":0,"max_hp_loss":0,"event_name":"The Cleric","floor":3,"gold_loss":0},{"damage_healed":0,"gold_gain":75,"player_choice":"Gather Gold","damage_taken":11,"max_hp_gain":0,"max_hp_loss":0,"event_name":"World of Goop","floor":10,"gold_loss":0},{"cards_removed":["Defend_R"],"damage_healed":0,"gold_gain":0,"player_choice":"Purged","damage_taken":0,"max_hp_gain":0,"max_hp_loss":0,"event_name":"Purifier","floor":14,"gold_loss":0}],"is_beta":false,"boss_relics":[],"items_purged_floors":[2,11],"is_endless":false,"potions_floor_spawned":[5,6,8,13],"killed_by":"Hexaghost","ascension_level":0}