{"gold_per_floor":[113,38,38,61,61,100,114,114,114,130,164,202,223,241,241,241],"floor_reached":16,"playtime":1266,"items_purged":[],"score":129,"play_id":"442af02b-1c81-4718-9c21-a83d0f2b7e5f","local_time":"20191007161501","is_ascension_mode":true,"campfire_choices":[{"floor":8,"key":"REST"},{"floor":15,"key":"REST"}],"neow_cost":"NONE","seed_source_timestamp":304165295735000,"circlet_count":0,"master_deck":["Strike_B","Strike_B","Strike_B","Strike_B","Defend_B","Defend_B","Defend_B","Defend_B","Zap+1","Dualcast","Steam","Conserve Battery","Defragment","Sweeping Beam","Lockon","Hologram","Loop","Coolheaded"],"relics":["Cracked Core","Golden Idol","Du-Vu Doll","Shovel","Mummified Hand","Odd Mushroom"],"potions_floor_usage":[16,16],"damage_taken":[{"damage":8,"enemies":"Jaw Worm","floor":1,"turns":3},{"damage":0,"enemies":"Small Slimes","floor":4,"turns":3},{"damage":18,"enemies":"3 Sentries","floor":6,"turns":7},{"damage":1,"enemies":"Cultist","floor":7,"turns":4},{"damage":6,"enemies":"Looter","floor":10,"turns":3},{"damage":25,"enemies":"Gremlin Nob","floor":11,"turns":4},{"damage":5,"enemies":"The Mushroom Lair","floor":12,"turns":3},{"damage":0,"enemies":"Blue Slaver","floor":13,"turns":2},{"damage":7,"enemies":"Exordium Thugs","floor":14,"turns":4},{"damage":32,"enemies":"Slime Boss","floor":16,"turns":9}],"seed_played":"-7997897163469693935","potions_obtained":[{"floor":6,"key":"Energy Potion"},{"floor":10,"key":"Energy Potion"},{"floor":12,"key":"FairyPotion"},{"floor":13,"key":"Fire Potion"},{"floor":14,"key":"SmokeBomb"}],"is_trial":false,"path_per_floor":["M","$","?","M","?","E","M","R","T","M","E","?","M","M","R","B"],"character_chosen":"DEFECT","items_purchased":["Defragment"],"campfire_rested":2,"item_purchase_floors":[2],"current_hp_per_floor":[67,67,49,49,49,31,30,52,52,46,21,16,16,9,31,0],"gold":241,"neow_bonus":"THREE_CARDS","is_prod":false,"is_daily":false,"chose_seed":false,"campfire_upgraded":0,"win_rate":0,"timestamp":1570482901,"path_taken":["M","$","?","M","?","E","?","R","T","M","E","?","M","M","R","BOSS"],"build_version":"2019-07-17","purchased_purges":0,"victory":false,"max_hp_per_floor":[75,75,75,75,75,75,75,75,75,75,75,75,75,75,75,75],"card_choices":[{"not_picked":["Barrage","Force Field"],"picked":"Steam","floor":0},{"not_picked":["Compile Driver","Steam"],"picked":"Conserve Battery","floor":1},{"not_picked":["Conserve Battery","Skim"],"picked":"Sweeping Beam","floor":4},{"not_picked":["Skim","Sunder","Undo"],"picked":"SKIP","floor":6},{"not_picked":["Melter","Go for the Eyes"],"picked":"Lockon","floor":7},{"not_picked":["Stack","Hyperbeam"],"picked":"Hologram","floor":10},{"not_picked":["Steam Power","Chaos"],"picked":"Loop","floor":11},{"not_picked":["Cold Snap","Turbo"],"picked":"Coolheaded","floor":12},{"not_picked":["Force Field","Beam Cell","Go for the Eyes"],"picked":"SKIP","floor":13},{"not_picked":["Redo","Stack","Melter"],"picked":"SKIP","floor":14}],"player_experience":211421,"relics_obtained":[{"floor":6,"key":"Du-Vu Doll"},{"floor":9,"key":"Shovel"},{"floor":11,"key":"Mummified Hand"},{"floor":12,"key":"Odd Mushroom"}],"event_choices":[{"damage_healed":0,"gold_gain":0,"player_choice":"Take Damage","damage_taken":18,"relics_obtained":["Golden Idol"],"max_hp_gain":0,"max_hp_loss":0,"event_name":"Golden Idol","floor":3,"gold_loss":0},{"damage_healed":0,"gold_gain":0,"player_choice":"Forge","damage_taken":0,"max_hp_gain":0,"max_hp_loss":0,"event_name":"Accursed Blacksmith","floor":5,"gold_loss":0,"cards_upgraded":["Zap"]},{"damage_healed":0,"gold_gain":0,"player_choice":"Fought Mushrooms","damage_taken":0,"max_hp_gain":0,"max_hp_loss":0,"event_name":"Mushrooms","floor":12,"gold_loss":0}],"is_beta":false,"boss_relics":[],"items_purged_floors":[],"is_endless":false,"potions_floor_spawned":[6,10,12,13,14],"killed_by":"Slime Boss","ascension_level":3}