{"gold_per_floor":[219,237,248,248,261,288,304,337,337,355,355,355,389,400,400,495,495,514,528,542,557,557,557,557],"floor_reached":24,"playtime":1332,"items_purged":[],"score":272,"play_id":"33e1ae31-b575-4aef-b793-1343d1f647df","local_time":"20190729002610","is_ascension_mode":false,"campfire_choices":[{"floor":12,"key":"RECALL"},{"data":"Dual Wield","floor":15,"key":"SMITH"},{"floor":23,"key":"REST"}],"neow_cost":"NONE","seed_source_timestamp":1030822154656819,"circlet_count":0,"master_deck":["Strike_R","Strike_R","Strike_R","Strike_R+1","Strike_R","Defend_R","Defend_R+1","Defend_R","Defend_R","Bash","Iron Wave","Headbutt","Shrug It Off","Headbutt","Pommel Strike","Headbutt","Feed","Dual Wield+1","Pain","Bloodletting","Cleave+1","Juggernaut","Headbutt+1","Evolve","Evolve","Cleave+1","Writhe"],"relics":["Burning Blood","Bag of Preparation","Potion Belt","Molten Egg 2","WarpedTongs","Bag of Marbles","Black Star","Ice Cream"],"potions_floor_usage":[6,6,16,16,16,24],"damage_taken":[{"damage":0,"enemies":"2 Louse","floor":1,"turns":2},{"damage":0,"enemies":"Small Slimes","floor":2,"turns":3},{"damage":1,"enemies":"Cultist","floor":3,"turns":3},{"damage":2,"enemies":"Looter","floor":5,"turns":3},{"damage":0,"enemies":"Gremlin Nob","floor":6,"turns":3},{"damage":10,"enemies":"Exordium Thugs","floor":7,"turns":4},{"damage":31,"enemies":"Lagavulin","floor":8,"turns":8},{"damage":0,"enemies":"3 Louse","floor":10,"turns":3},{"damage":17,"enemies":"Gremlin Nob","floor":13,"turns":4},{"damage":3,"enemies":"Blue Slaver","floor":14,"turns":2},{"damage":47,"enemies":"The Guardian","floor":16,"turns":10},{"damage":18,"enemies":"3 Byrds","floor":18,"turns":5},{"damage":22,"enemies":"Spheric Guardian","floor":19,"turns":4},{"damage":21,"enemies":"3 Cultists","floor":20,"turns":6},{"damage":25,"enemies":"Chosen and Byrds","floor":21,"turns":8},{"damage":62,"enemies":"Book of Stabbing","floor":24,"turns":6}],"seed_played":"-8189384838915521797","potions_obtained":[{"floor":3,"key":"AttackPotion"},{"floor":5,"key":"Block Potion"},{"floor":6,"key":"Weak Potion"},{"floor":7,"key":"Explosive Potion"},{"floor":13,"key":"Block Potion"},{"floor":20,"key":"FearPotion"}],"is_trial":false,"path_per_floor":["M","M","M","?","M","E","M","E","T","M","?","R","E","M","R","B",null,"M","M","M","M","?","R","E"],"character_chosen":"IRONCLAD","items_purchased":[],"campfire_rested":1,"item_purchase_floors":[],"current_hp_per_floor":[80,80,80,64,68,74,70,45,45,54,54,54,47,50,50,12,90,78,62,47,32,32,60,0],"gold":557,"neow_bonus":"HUNDRED_GOLD","is_prod":false,"is_daily":false,"chose_seed":false,"campfire_upgraded":1,"win_rate":0,"timestamp":1564352770,"path_taken":["M","M","M","?","M","E","M","E","T","M","?","R","E","M","R","BOSS","M","M","M","M","?","R","E"],"build_version":"2019-07-17","purchased_purges":0,"victory":false,"max_hp_per_floor":[80,80,80,80,80,80,80,80,80,83,83,83,87,87,87,90,90,90,90,90,94,94,94,94],"card_choices":[{"not_picked":["Perfected Strike","Dual Wield"],"picked":"Iron Wave","floor":1},{"not_picked":["Disarm","Pummel"],"picked":"Headbutt","floor":2},{"not_picked":["Blood for Blood","Wild Strike"],"picked":"Shrug It Off","floor":3},{"not_picked":["Perfected Strike","Burning Pact"],"picked":"Headbutt","floor":5},{"not_picked":["Twin Strike","Disarm"],"picked":"Pommel Strike","floor":6},{"not_picked":["Perfected Strike","Burning Pact"],"picked":"Headbutt","floor":7},{"not_picked":["Whirlwind","Rage"],"picked":"Feed","floor":8},{"not_picked":["Clothesline+1","Warcry"],"picked":"Dual Wield","floor":10},{"not_picked":["Hemokinesis+1","Sever Soul+1"],"picked":"Bloodletting","floor":13},{"not_picked":["Flame Barrier","Disarm"],"picked":"Cleave+1","floor":14},{"not_picked":["Exhume","Double Tap"],"picked":"Juggernaut","floor":16},{"not_picked":["Pommel Strike+1","Thunderclap+1"],"picked":"Headbutt+1","floor":18},{"not_picked":["Twin Strike+1","Cleave+1"],"picked":"Evolve","floor":19},{"not_picked":["Flex","Heavy Blade+1"],"picked":"Evolve","floor":20},{"not_picked":["Flex","Sword Boomerang+1"],"picked":"Cleave+1","floor":21}],"player_experience":130063,"relics_obtained":[{"floor":6,"key":"Bag of Preparation"},{"floor":8,"key":"Potion Belt"},{"floor":9,"key":"Molten Egg 2"},{"floor":13,"key":"Bag of Marbles"}],"event_choices":[{"damage_healed":0,"gold_gain":0,"player_choice":"Entered Light","damage_taken":16,"max_hp_gain":0,"max_hp_loss":0,"event_name":"Shining Light","floor":4,"gold_loss":0,"cards_upgraded":["Strike_R","Defend_R"]},{"damage_healed":0,"gold_gain":0,"player_choice":"Rummage","damage_taken":0,"relics_obtained":["WarpedTongs"],"max_hp_gain":0,"max_hp_loss":0,"event_name":"Accursed Blacksmith","floor":11,"gold_loss":0,"cards_obtained":["Pain"]},{"damage_healed":0,"gold_gain":0,"player_choice":"Opened","damage_taken":0,"relics_obtained":["Ice Cream"],"max_hp_gain":0,"max_hp_loss":0,"event_name":"The Mausoleum","floor":22,"gold_loss":0,"cards_obtained":["Writhe"]}],"is_beta":false,"boss_relics":[{"not_picked":["Philosopher\u0027s Stone","Lizard Tail"],"picked":"Black Star"}],"items_purged_floors":[],"is_endless":false,"potions_floor_spawned":[3,5,6,7,13,20],"killed_by":"Book of Stabbing","ascension_level":0}