{"gold_per_floor":[117,117,131,131,143,143,176,176,206,206,219,236,266,20,20,124,124,139,139,151,22,22,22,47,94,94,113,127,138,151,250,250,349,349,363,138,156,167,267,267,292,292,292,311,322,350,350,20,20,20],"floor_reached":51,"playtime":6559,"items_purged":["Strike_G","Night Terror+1"],"score":953,"play_id":"f348f796-0a89-4082-b188-817875cd1dde","local_time":"20191012180738","is_ascension_mode":true,"campfire_choices":[{"data":"Dagger Spray","floor":6,"key":"SMITH"},{"data":"Cloak And Dagger","floor":8,"key":"SMITH"},{"data":"Strike_G","floor":10,"key":"SMITH"},{"floor":15,"key":"REST"},{"data":"Envenom","floor":23,"key":"SMITH"},{"data":"Blade Dance","floor":32,"key":"SMITH"},{"floor":40,"key":"REST"},{"data":"Night Terror","floor":42,"key":"SMITH"},{"floor":49,"key":"REST"}],"neow_cost":"NONE","seed_source_timestamp":220194205017900,"circlet_count":0,"master_deck":["Strike_G+1","Defend_G","Defend_G+1","Defend_G","Defend_G","Defend_G","Survivor","Neutralize+1","Dagger Throw+1","Dagger Spray+1","Cloak And Dagger+1","Dagger Throw","Quick Slash","Blade Dance+1","Envenom+1","Tools of the Trade+1","Cloak And Dagger+1","Caltrops+1","Finisher","Infinite Blades","Backflip+1","Leg Sweep","Crippling Poison","Slice+1","Endless Agony","Well Laid Plans+1","Footwork+1","Backflip+1","PiercingWail+1","Accuracy"],"relics":["Ring of the Snake","Shuriken","Tiny Chest","Ornamental Fan","Ninja Scroll","Astrolabe","Happy Flower","Orichalcum","War Paint","Matryoshka","White Beast Statue","Bag of Marbles","Tingsha","Vajra","Ancient Tea Set","Strawberry","Anchor"],"potions_floor_usage":[13,13,24,31,33,38,41,46,46,47,50],"damage_taken":[{"damage":1,"enemies":"Small Slimes","floor":1,"turns":4},{"damage":0,"enemies":"2 Louse","floor":3,"turns":3},{"damage":0,"enemies":"Jaw Worm","floor":5,"turns":3},{"damage":19,"enemies":"3 Sentries","floor":7,"turns":8},{"damage":5,"enemies":"Exordium Thugs","floor":11,"turns":4},{"damage":0,"enemies":"Blue Slaver","floor":12,"turns":3},{"damage":15,"enemies":"Lagavulin","floor":13,"turns":4},{"damage":31,"enemies":"The Guardian","floor":16,"turns":10},{"damage":1,"enemies":"Spheric Guardian","floor":18,"turns":3},{"damage":0,"enemies":"3 Byrds","floor":20,"turns":2},{"damage":0,"enemies":"Slavers","floor":24,"turns":3},{"damage":5,"enemies":"Snake Plant","floor":27,"turns":2},{"damage":6,"enemies":"Cultist and Chosen","floor":28,"turns":5},{"damage":0,"enemies":"Centurion and Healer","floor":29,"turns":2},{"damage":0,"enemies":"Chosen and Byrds","floor":30,"turns":3},{"damage":18,"enemies":"Collector","floor":33,"turns":8},{"damage":9,"enemies":"3 Shapes","floor":35,"turns":8},{"damage":3,"enemies":"3 Darklings","floor":37,"turns":3},{"damage":6,"enemies":"Jaw Worm Horde","floor":38,"turns":3},{"damage":2,"enemies":"Mind Bloom Boss Battle","floor":39,"turns":6},{"damage":3,"enemies":"Nemesis","floor":41,"turns":5},{"damage":3,"enemies":"4 Shapes","floor":44,"turns":4},{"damage":20,"enemies":"Maw","floor":45,"turns":6},{"damage":7,"enemies":"Reptomancer","floor":46,"turns":6},{"damage":0,"enemies":"Writhing Mass","floor":47,"turns":1},{"damage":15,"enemies":"Donu and Deca","floor":50,"turns":8}],"seed_played":"-9107988459621269495","potions_obtained":[{"floor":7,"key":"Strength Potion"},{"floor":11,"key":"SkillPotion"},{"floor":13,"key":"Energy Potion"},{"floor":24,"key":"EssenceOfSteel"},{"floor":28,"key":"Poison Potion"},{"floor":29,"key":"SpeedPotion"},{"floor":30,"key":"Fruit Juice"},{"floor":35,"key":"SkillPotion"},{"floor":37,"key":"Fire Potion"},{"floor":38,"key":"LiquidBronze"},{"floor":39,"key":"GhostInAJar"},{"floor":41,"key":"Energy Potion"},{"floor":44,"key":"SmokeBomb"},{"floor":46,"key":"SteroidPotion"}],"is_trial":false,"path_per_floor":["M","?","M","?","M","R","E","R","T","R","M","M","E","$","R","B",null,"M","?","M","$","$","R","E","T","T","M","M","M","M","?","R","B",null,"M","$","M","M","?","R","E","R","T","M","M","E","M","$","R","B",null],"character_chosen":"THE_SILENT","items_purchased":["Ninja Scroll","Infinite Blades","Backflip","Bag of Marbles","Accuracy","Swift Potion","FairyPotion"],"campfire_rested":3,"item_purchase_floors":[14,21,21,36,48,48,48],"current_hp_per_floor":[62,62,62,67,67,67,48,48,48,48,43,43,28,28,50,19,61,60,60,60,60,60,60,60,60,60,55,49,49,49,54,54,36,69,60,60,57,51,49,73,70,70,77,74,54,47,47,47,73,58],"gold":20,"neow_bonus":"UPGRADE_CARD","is_prod":false,"is_daily":false,"chose_seed":false,"campfire_upgraded":6,"win_rate":0,"timestamp":1570921658,"path_taken":["M","?","M","?","M","R","E","R","T","R","M","M","E","$","R","BOSS","M","?","M","?","$","R","E","?","T","M","M","?","M","?","R","BOSS","M","$","M","M","?","R","E","R","T","M","M","E","M","$","R","BOSS"],"build_version":"2019-07-17","purchased_purges":2,"victory":true,"max_hp_per_floor":[70,70,70,75,75,75,75,75,75,75,75,75,75,75,75,75,75,75,75,75,75,75,75,75,75,75,75,75,75,75,80,80,80,80,80,80,80,80,80,80,80,80,87,87,87,87,87,87,87,87],"card_choices":[{"not_picked":["Blade Dance","Outmaneuver"],"picked":"Dagger Throw","floor":1},{"not_picked":["Bane","Heel Hook"],"picked":"Dagger Spray","floor":3},{"not_picked":["Distraction","Slice"],"picked":"Cloak And Dagger","floor":5},{"not_picked":["Tactician","Deflect","Dodge and Roll"],"picked":"SKIP","floor":7},{"not_picked":["Sucker Punch","Outmaneuver"],"picked":"Dagger Throw","floor":11},{"not_picked":["Venomology","Concentrate"],"picked":"Quick Slash","floor":12},{"not_picked":["Grand Finale","Tactician"],"picked":"Blade Dance","floor":13},{"not_picked":["Night Terror","Malaise"],"picked":"Envenom","floor":16},{"not_picked":["Acrobatics+1","Deflect","Poisoned Stab"],"picked":"SKIP","floor":18},{"not_picked":["Outmaneuver+1","Deadly Poison"],"picked":"Finisher","floor":20},{"not_picked":["Terror","Underhanded Strike"],"picked":"Leg Sweep","floor":24},{"not_picked":["Flying Knee","Backflip"],"picked":"Crippling Poison","floor":27},{"not_picked":["Deflect+1","Concentrate"],"picked":"Slice+1","floor":28},{"not_picked":["Heel Hook","Sucker Punch+1"],"picked":"Endless Agony","floor":29},{"not_picked":["All Out Attack","Flechettes","Outmaneuver+1"],"picked":"SKIP","floor":30},{"not_picked":["Wraith Form v2","Bullet Time"],"picked":"Night Terror","floor":33},{"not_picked":["PiercingWail","Underhanded Strike"],"picked":"Well Laid Plans+1","floor":35},{"not_picked":["Flying Knee","Escape Plan"],"picked":"Footwork+1","floor":37},{"not_picked":["Dagger Throw+1","Outmaneuver+1"],"picked":"Backflip+1","floor":38},{"not_picked":["Heel Hook","Dodge and Roll+1"],"picked":"PiercingWail+1","floor":41},{"not_picked":["Reflex","Dodge and Roll","Bouncing Flask"],"picked":"SKIP","floor":44},{"not_picked":["Quick Slash","Dagger Spray","Flying Knee"],"picked":"SKIP","floor":45},{"not_picked":["Sucker Punch+1","Venomology","Choke+1"],"picked":"SKIP","floor":46}],"player_experience":272712,"relics_obtained":[{"floor":7,"key":"Shuriken"},{"floor":9,"key":"Tiny Chest"},{"floor":13,"key":"Ornamental Fan"},{"floor":19,"key":"Happy Flower"},{"floor":24,"key":"Orichalcum"},{"floor":25,"key":"War Paint"},{"floor":26,"key":"Matryoshka"},{"floor":39,"key":"Tingsha"},{"floor":41,"key":"Vajra"},{"floor":43,"key":"Ancient Tea Set"},{"floor":43,"key":"Strawberry"},{"floor":46,"key":"Anchor"}],"event_choices":[{"damage_healed":0,"gold_gain":0,"player_choice":"Grow","damage_taken":0,"max_hp_gain":0,"max_hp_loss":0,"event_name":"Living Wall","floor":2,"gold_loss":0,"cards_upgraded":["Dagger Throw"]},{"damage_healed":0,"gold_gain":0,"player_choice":"Donut","damage_taken":0,"max_hp_gain":5,"max_hp_loss":0,"event_name":"Big Fish","floor":4,"gold_loss":0},{"damage_healed":0,"gold_gain":0,"player_choice":"Relic","damage_taken":0,"max_hp_gain":0,"max_hp_loss":0,"event_name":"Wheel of Change","floor":19,"gold_loss":0},{"damage_healed":0,"gold_gain":99,"player_choice":"Stole From Cult","damage_taken":0,"max_hp_gain":0,"max_hp_loss":0,"event_name":"Nest","floor":31,"gold_loss":0},{"damage_healed":0,"gold_gain":0,"player_choice":"Fight","damage_taken":0,"max_hp_gain":0,"max_hp_loss":0,"event_name":"MindBloom","floor":39,"gold_loss":0}],"is_beta":false,"boss_relics":[{"not_picked":["Calling Bell","Coffee Dripper"],"picked":"Astrolabe"},{"not_picked":["Eternal Feather","Pandora\u0027s Box"],"picked":"White Beast Statue"}],"items_purged_floors":[36,48],"is_endless":false,"potions_floor_spawned":[7,11,13,24,28,29,30,35,37,38,39,41,44,45,46,47],"ascension_level":6}