{"gold_per_floor":[116,116,135,135,58,91,91,102,102,102,20,20,46,77,77,172,172,192,204,33,45,0,32,32,59,59,71,83,83,108,123,123,226,276,288,288,288,4,16,16,29,29,75,75,87,87,87,105,105,105],"floor_reached":51,"playtime":8692,"items_purged":["Strike_G"],"score":757,"play_id":"7e3f4228-21c2-4f4c-989f-090d86dc1ddc","local_time":"20191002153222","is_ascension_mode":true,"campfire_choices":[{"data":"Neutralize","floor":12,"key":"SMITH"},{"floor":15,"key":"REST"},{"data":"Poisoned Stab","floor":24,"key":"SMITH"},{"floor":29,"key":"REST"},{"data":"Die Die Die","floor":32,"key":"SMITH"},{"data":"Forethought","floor":40,"key":"SMITH"},{"data":"Backflip","floor":42,"key":"SMITH"},{"floor":47,"key":"REST"},{"floor":49,"key":"REST"}],"neow_cost":"PERCENT_DAMAGE","seed_source_timestamp":155702313481000,"circlet_count":0,"master_deck":["Strike_G+1","Strike_G+1","Defend_G","Defend_G","Defend_G","Defend_G","Defend_G","Survivor","Neutralize+1","Poisoned Stab+1","Backflip","Caltrops+1","Footwork+1","Die Die Die+1","Dagger Throw+1","Backflip+1","Leg Sweep","Crippling Poison+1","Backflip+1","Forethought+1","Noxious Fumes+1"],"relics":["Ring of the Snake","Nunchaku","Paper Crane","Juzu Bracelet","Frozen Egg 2","Oddly Smooth Stone","Blood Vial","Empty Cage","Bottled Tornado","Mercury Hourglass","Shuriken","Letter Opener","Tiny House","Sundial","Happy Flower"],"potions_floor_usage":[16,16,25,30,33,50,50,50],"damage_taken":[{"damage":0,"enemies":"2 Louse","floor":1,"turns":3},{"damage":0,"enemies":"Cultist","floor":3,"turns":4},{"damage":20,"enemies":"3 Sentries","floor":6,"turns":10},{"damage":0,"enemies":"Jaw Worm","floor":8,"turns":5},{"damage":16,"enemies":"Gremlin Nob","floor":14,"turns":4},{"damage":20,"enemies":"Hexaghost","floor":16,"turns":12},{"damage":0,"enemies":"Chosen","floor":18,"turns":6},{"damage":0,"enemies":"3 Byrds","floor":19,"turns":3},{"damage":10,"enemies":"Shelled Parasite and Fungi","floor":21,"turns":7},{"damage":0,"enemies":"Book of Stabbing","floor":23,"turns":7},{"damage":13,"enemies":"Slavers","floor":25,"turns":6},{"damage":15,"enemies":"Centurion and Healer","floor":27,"turns":7},{"damage":0,"enemies":"Snake Plant","floor":28,"turns":4},{"damage":3,"enemies":"Book of Stabbing","floor":30,"turns":5},{"damage":1,"enemies":"Snecko","floor":31,"turns":6},{"damage":46,"enemies":"Automaton","floor":33,"turns":15},{"damage":16,"enemies":"3 Shapes","floor":35,"turns":4},{"damage":0,"enemies":"3 Darklings","floor":39,"turns":6},{"damage":4,"enemies":"Spire Growth","floor":41,"turns":6},{"damage":12,"enemies":"Writhing Mass","floor":45,"turns":6},{"damage":49,"enemies":"Transient","floor":48,"turns":5},{"damage":4,"enemies":"Time Eater","floor":50,"turns":15}],"seed_played":"6075521018875705685","potions_obtained":[{"floor":1,"key":"Dexterity Potion"},{"floor":6,"key":"Regen Potion"},{"floor":8,"key":"FearPotion"},{"floor":23,"key":"Energy Potion"},{"floor":27,"key":"LiquidBronze"},{"floor":28,"key":"GamblersBrew"},{"floor":30,"key":"Strength Potion"},{"floor":33,"key":"Poison Potion"},{"floor":41,"key":"SpeedPotion"}],"is_trial":false,"path_per_floor":["M","?","M","?","$","E","?","M","T","?","$","R","T","E","R","B",null,"M","M","$","M","?","E","R","E","T","M","M","R","E","M","R","B",null,"M","?","?","$","M","R","M","R","T","?","M","?","R","M","R","B",null],"character_chosen":"THE_SILENT","items_purchased":["Endless Agony","Caltrops+1","Backflip","Leg Sweep","Sundial","Noxious Fumes+1"],"campfire_rested":4,"item_purchase_floors":[5,11,20,20,38,38],"current_hp_per_floor":[49,49,49,70,70,50,50,50,50,50,50,50,50,34,55,52,70,70,70,70,60,60,62,62,51,51,38,40,61,60,61,61,17,75,59,59,59,59,61,61,59,59,59,59,49,49,70,22,43,41],"gold":105,"neow_bonus":"ONE_RARE_RELIC","is_prod":false,"is_daily":false,"chose_seed":false,"campfire_upgraded":5,"win_rate":0,"timestamp":1570048342,"path_taken":["M","?","M","?","$","E","?","M","T","?","?","R","?","E","R","BOSS","M","M","?","M","?","E","R","E","T","M","M","R","E","M","R","BOSS","M","?","?","$","M","R","M","R","T","?","M","?","R","M","R","BOSS"],"build_version":"2019-07-17","purchased_purges":1,"victory":true,"max_hp_per_floor":[70,70,70,70,70,70,70,70,70,70,70,70,70,70,70,70,70,70,70,70,70,70,70,70,70,70,70,70,70,70,70,70,70,75,75,75,75,75,75,75,75,75,75,71,71,71,71,71,71,71],"card_choices":[{"not_picked":["Tactician","Choke","Blade Dance"],"picked":"SKIP","floor":1},{"not_picked":["Finisher","Backflip"],"picked":"Poisoned Stab","floor":3},{"not_picked":["Poisoned Stab","Sucker Punch"],"picked":"Backflip","floor":6},{"not_picked":["Quick Slash","Bullet Time","Prepared"],"picked":"SKIP","floor":8},{"not_picked":["Backflip","Acrobatics"],"picked":"Footwork+1","floor":14},{"not_picked":["Bullet Time","Venomology"],"picked":"Die Die Die","floor":16},{"not_picked":["Blade Dance","Slice","Flechettes"],"picked":"SKIP","floor":18},{"not_picked":["Calculated Gamble","Deflect"],"picked":"Dagger Throw+1","floor":19},{"not_picked":["Dodge and Roll","Accuracy+1","Backstab"],"picked":"SKIP","floor":21},{"not_picked":["Bane","Prepared"],"picked":"Crippling Poison+1","floor":23},{"not_picked":["Dodge and Roll","A Thousand Cuts+1","Heel Hook"],"picked":"SKIP","floor":25},{"not_picked":["Bane","Flying Knee","Caltrops+1"],"picked":"SKIP","floor":27},{"not_picked":["Dagger Throw","Slice","Acrobatics"],"picked":"SKIP","floor":28},{"not_picked":["Cloak And Dagger","Endless Agony"],"picked":"Backflip+1","floor":30},{"not_picked":["Slice+1","Acrobatics+1","Dodge and Roll"],"picked":"SKIP","floor":31},{"not_picked":["Poisoned Stab","Terror","Heel Hook"],"picked":"SKIP","floor":35},{"not_picked":["Jack Of All Trades","Discovery"],"picked":"Forethought","floor":36},{"not_picked":["Bane","Poisoned Stab+1","Bouncing Flask"],"picked":"SKIP","floor":39},{"not_picked":["Bane+1","Blade Dance","Accuracy+1"],"picked":"SKIP","floor":41},{"not_picked":["Dagger Throw","Bane","Dodge and Roll+1"],"picked":"SKIP","floor":45},{"not_picked":["Endless Agony","Slice","Bouncing Flask+1"],"picked":"SKIP","floor":48}],"player_experience":110635,"relics_obtained":[{"floor":6,"key":"Paper Crane"},{"floor":9,"key":"Frozen Egg 2"},{"floor":13,"key":"Oddly Smooth Stone"},{"floor":14,"key":"Blood Vial"},{"floor":23,"key":"Bottled Tornado"},{"floor":25,"key":"Mercury Hourglass"},{"floor":26,"key":"Shuriken"},{"floor":30,"key":"Letter Opener"},{"floor":43,"key":"Happy Flower"}],"event_choices":[{"damage_healed":0,"gold_gain":0,"player_choice":"Ignored","damage_taken":0,"max_hp_gain":0,"max_hp_loss":0,"event_name":"Liars Game","floor":2,"gold_loss":0},{"damage_healed":23,"gold_gain":0,"player_choice":"Banana","damage_taken":0,"max_hp_gain":0,"max_hp_loss":0,"event_name":"Big Fish","floor":4,"gold_loss":0},{"cards_removed":["Endless Agony"],"damage_healed":0,"gold_gain":0,"player_choice":"Gave Card","damage_taken":0,"relics_obtained":["Juzu Bracelet"],"max_hp_gain":0,"max_hp_loss":0,"event_name":"WeMeetAgain","floor":7,"gold_loss":0},{"damage_healed":0,"gold_gain":0,"player_choice":"Bought 0 Potions","damage_taken":0,"max_hp_gain":0,"max_hp_loss":0,"event_name":"The Woman in Blue","floor":10,"gold_loss":0},{"damage_healed":0,"gold_gain":0,"player_choice":"Paid Fearfully","damage_taken":0,"max_hp_gain":0,"max_hp_loss":0,"event_name":"Masked Bandits","floor":22,"gold_loss":45},{"damage_healed":0,"gold_gain":0,"player_choice":"Memory 1","damage_taken":0,"max_hp_gain":0,"max_hp_loss":0,"event_name":"SensoryStone","floor":36,"gold_loss":0},{"damage_healed":0,"gold_gain":0,"player_choice":"Ignored","damage_taken":0,"max_hp_gain":0,"max_hp_loss":0,"event_name":"Tomb of Lord Red Mask","floor":37,"gold_loss":0},{"damage_healed":0,"gold_gain":0,"player_choice":"Max HP","damage_taken":0,"max_hp_gain":0,"max_hp_loss":4,"event_name":"Winding Halls","floor":44,"gold_loss":0},{"damage_healed":0,"gold_gain":0,"player_choice":"Upgraded","damage_taken":0,"max_hp_gain":0,"max_hp_loss":0,"event_name":"Upgrade Shrine","floor":46,"gold_loss":0,"cards_upgraded":["Strike_G"]}],"is_beta":false,"boss_relics":[{"not_picked":["Ectoplasm","Cursed Key"],"picked":"Empty Cage"},{"not_picked":["Runic Pyramid","Eternal Feather"],"picked":"Tiny House"}],"items_purged_floors":[20],"is_endless":false,"potions_floor_spawned":[1,6,8,14,23,27,28,30,33,41,48],"ascension_level":2}