{"gold_per_floor":[10,23,23,59,59,91,91,120,145,175,195,195,195,214,214,309,309,329,340,340,355,373,400,420,420,420,420,453,261,279,8,8,103,103,118,393,413,426,23,23,50,50,103,131,131,144,144],"floor_reached":47,"playtime":3364,"items_purged":["Strike_R"],"score":731,"play_id":"b5aead28-9232-46b4-8454-65f9d53fcc8d","local_time":"20190911190927","is_ascension_mode":true,"campfire_choices":[{"data":"Metallicize","floor":7,"key":"SMITH"},{"data":"Spot Weakness","floor":15,"key":"SMITH"},{"data":"Juggernaut","floor":25,"key":"SMITH"},{"data":"Blind","floor":27,"key":"SMITH"},{"data":"Iron Wave","floor":32,"key":"SMITH"},{"data":"Dark Embrace","floor":40,"key":"SMITH"},{"data":"Bludgeon","floor":42,"key":"SMITH"},{"data":"Iron Wave","floor":45,"key":"SMITH"}],"neow_cost":"NO_GOLD","seed_source_timestamp":2590444302328500,"circlet_count":0,"master_deck":["Strike_R","Strike_R","Strike_R","Defend_R","Defend_R","Defend_R","Defend_R","Bash","Magnetism+1","Blind+1","Shrug It Off","Pommel Strike","Iron Wave+1","Metallicize+1","Iron Wave+1","Thunderclap","Spot Weakness+1","Bludgeon+1","Juggernaut+1","Body Slam+1","Carnage","Warcry+1","Disarm+1","Dropkick+1","Transmutation+1","Armaments+1","Dark Embrace+1","Flex+1","Regret","Shrug It Off+1","Shrug It Off+1","Iron Wave+1","Armaments+1","Armaments+1"],"relics":["Burning Blood","Strawberry","Bag of Marbles","Bag of Preparation","Oddly Smooth Stone","Bottled Lightning","Dodecahedron","Sozu","Toxic Egg 2","Lantern","Ice Cream","Lee\u0027s Waffle","Coffee Dripper","Bottled Tornado","Ancient Tea Set","Pear","Pen Nib","Dream Catcher"],"potions_floor_usage":[8,10],"damage_taken":[{"damage":3,"enemies":"Cultist","floor":1,"turns":4},{"damage":6,"enemies":"Jaw Worm","floor":2,"turns":5},{"damage":2,"enemies":"Small Slimes","floor":4,"turns":4},{"damage":27,"enemies":"Lagavulin","floor":6,"turns":8},{"damage":9,"enemies":"3 Sentries","floor":8,"turns":10},{"damage":2,"enemies":"Gremlin Nob","floor":10,"turns":4},{"damage":3,"enemies":"Looter","floor":11,"turns":4},{"damage":8,"enemies":"Exordium Thugs","floor":14,"turns":7},{"damage":8,"enemies":"Slime Boss","floor":16,"turns":7},{"damage":9,"enemies":"2 Thieves","floor":18,"turns":4},{"damage":0,"enemies":"Chosen","floor":19,"turns":4},{"damage":24,"enemies":"Snake Plant","floor":21,"turns":3},{"damage":6,"enemies":"Centurion and Healer","floor":22,"turns":6},{"damage":13,"enemies":"Gremlin Leader","floor":23,"turns":6},{"damage":9,"enemies":"Snecko","floor":24,"turns":4},{"damage":16,"enemies":"Slavers","floor":28,"turns":4},{"damage":12,"enemies":"3 Cultists","floor":30,"turns":5},{"damage":36,"enemies":"Automaton","floor":33,"turns":9},{"damage":0,"enemies":"3 Darklings","floor":35,"turns":6},{"damage":9,"enemies":"Orb Walker","floor":37,"turns":2},{"damage":31,"enemies":"Maw","floor":38,"turns":7},{"damage":45,"enemies":"Nemesis","floor":41,"turns":6},{"damage":19,"enemies":"Reptomancer","floor":44,"turns":6},{"damage":16,"enemies":"Spire Growth","floor":46,"turns":4},{"damage":34,"enemies":"Transient","floor":47,"turns":3}],"seed_played":"9052997379309892304","potions_obtained":[{"floor":4,"key":"SteroidPotion"},{"floor":6,"key":"Explosive Potion"},{"floor":14,"key":"SpeedPotion"}],"is_trial":false,"path_per_floor":["M","M","?","M","?","E","R","E","T","E","M","?","T","M","R","B",null,"M","M","?","M","M","E","M","R","T","R","E","$","M","$","R","B",null,"M","?","M","M","$","R","E","R","T","E","R","M","M"],"character_chosen":"IRONCLAD","items_purchased":["Transmutation+1","Lee\u0027s Waffle","Bottled Tornado","Ancient Tea Set"],"campfire_rested":0,"item_purchase_floors":[29,31,39,39],"current_hp_per_floor":[80,80,80,80,80,59,59,56,56,60,63,56,56,54,54,52,78,75,81,81,63,63,56,53,53,53,53,43,43,37,94,94,64,87,93,93,90,65,65,65,36,36,36,23,23,13,0],"gold":144,"neow_bonus":"RANDOM_COLORLESS_2","is_prod":false,"is_daily":false,"chose_seed":false,"campfire_upgraded":8,"win_rate":0,"timestamp":1568221767,"path_taken":["M","?","?","M","?","E","R","E","T","E","M","?","?","?","R","BOSS","M","M","?","M","M","E","M","R","T","R","E","$","M","$","R","BOSS","M","?","M","M","?","R","E","R","T","E","R","?","M"],"build_version":"2019-07-17","purchased_purges":1,"victory":false,"max_hp_per_floor":[80,80,80,80,87,87,87,87,87,87,87,87,87,87,87,87,87,87,87,87,87,87,87,87,87,87,87,87,87,87,94,94,94,94,94,94,94,94,94,94,104,104,104,104,104,104,104],"card_choices":[{"not_picked":["Clothesline","Body Slam"],"picked":"Shrug It Off","floor":1},{"not_picked":["Whirlwind","Clothesline"],"picked":"Pommel Strike","floor":2},{"not_picked":["Dual Wield","Dropkick"],"picked":"Iron Wave","floor":4},{"not_picked":["Wild Strike","Offering"],"picked":"Metallicize","floor":6},{"not_picked":["Intimidate","Burning Pact"],"picked":"Iron Wave","floor":8},{"not_picked":["Uppercut","Anger"],"picked":"Thunderclap","floor":10},{"not_picked":["Dual Wield","Havoc"],"picked":"Spot Weakness","floor":11},{"not_picked":["Whirlwind","True Grit"],"picked":"Bludgeon","floor":14},{"not_picked":["Impervious","Berserk"],"picked":"Juggernaut","floor":16},{"not_picked":["Twin Strike","Rupture+1"],"picked":"Body Slam+1","floor":18},{"not_picked":["Pommel Strike","Whirlwind"],"picked":"Carnage","floor":19},{"not_picked":["Clash","Body Slam"],"picked":"Warcry+1","floor":21},{"not_picked":["Burning Pact","Flex","Bludgeon"],"picked":"SKIP","floor":22},{"not_picked":["Power Through","Clothesline+1"],"picked":"Disarm","floor":23},{"not_picked":["Bloodletting+1","Power Through+1"],"picked":"Dropkick+1","floor":24},{"not_picked":["Anger","Whirlwind","Perfected Strike+1"],"picked":"SKIP","floor":28},{"not_picked":["Clash","Power Through+1"],"picked":"Armaments+1","floor":30},{"not_picked":["Offering+1","Bludgeon"],"picked":"Dark Embrace","floor":33},{"not_picked":["Burning Pact+1","Anger"],"picked":"Flex+1","floor":35},{"not_picked":["Pummel+1","Entrench+1"],"picked":"Shrug It Off+1","floor":37},{"not_picked":["True Grit+1","Offering+1"],"picked":"Shrug It Off+1","floor":38},{"not_picked":["Burning Pact+1","Heavy Blade"],"picked":"Iron Wave+1","floor":41},{"not_picked":["Twin Strike+1","Sword Boomerang+1"],"picked":"Armaments+1","floor":44},{"not_picked":["True Grit+1","Sword Boomerang+1"],"picked":"Armaments+1","floor":46}],"player_experience":130149,"relics_obtained":[{"floor":6,"key":"Bag of Marbles"},{"floor":8,"key":"Bag of Preparation"},{"floor":9,"key":"Oddly Smooth Stone"},{"floor":10,"key":"Bottled Lightning"},{"floor":13,"key":"Dodecahedron"},{"floor":23,"key":"Toxic Egg 2"},{"floor":26,"key":"Lantern"},{"floor":28,"key":"Ice Cream"},{"floor":41,"key":"Pear"},{"floor":43,"key":"Pen Nib"},{"floor":44,"key":"Dream Catcher"}],"event_choices":[{"damage_healed":0,"gold_gain":0,"player_choice":"Grow","damage_taken":0,"max_hp_gain":0,"max_hp_loss":0,"event_name":"Living Wall","floor":3,"gold_loss":0,"cards_upgraded":["Magnetism"]},{"damage_healed":0,"gold_gain":0,"player_choice":"Success","damage_taken":7,"relics_obtained":["Strawberry"],"max_hp_gain":0,"max_hp_loss":0,"event_name":"Scrap Ooze","floor":5,"gold_loss":0},{"cards_removed":["Strike_R"],"damage_healed":0,"gold_gain":0,"player_choice":"Card Removal","damage_taken":7,"max_hp_gain":0,"max_hp_loss":0,"event_name":"Golden Wing","floor":12,"gold_loss":0},{"damage_healed":0,"gold_gain":0,"player_choice":"Ignored","damage_taken":0,"max_hp_gain":0,"max_hp_loss":0,"event_name":"Ghosts","floor":20,"gold_loss":0},{"damage_healed":0,"gold_gain":275,"player_choice":"Desecrate","damage_taken":0,"max_hp_gain":0,"max_hp_loss":0,"event_name":"Golden Shrine","floor":36,"gold_loss":0,"cards_obtained":["Regret"]}],"is_beta":false,"boss_relics":[{"not_picked":["Calling Bell","Snecko Eye"],"picked":"Sozu"},{"not_picked":["Runic Dome","Tiny House"],"picked":"Coffee Dripper"}],"items_purged_floors":[31],"is_endless":false,"potions_floor_spawned":[4,6,14,19,23,24,28,30,33,37,38,41],"killed_by":"Transient","ascension_level":5}