{"gold_per_floor":[209,221,25,25,90,117,117,217,217,217,217,253,282,298,298,477,477,516,555,555,602,669,725,10,10,10,109,163,163,181,223,223,343,343,359,359,370,370,222,222,273,273,327,365,408,420,71,83,83,83],"floor_reached":50,"playtime":2750,"items_purged":[],"score":739,"play_id":"8279fcdd-34a7-491b-a207-45bebb7000d9","local_time":"20190914091904","is_ascension_mode":true,"campfire_choices":[{"data":"Metallicize","floor":7,"key":"SMITH"},{"floor":11,"key":"REST"},{"data":"Shockwave","floor":15,"key":"SMITH"},{"data":"Berserk","floor":25,"key":"SMITH"},{"data":"Metallicize","floor":32,"key":"SMITH"},{"data":"Demon Form","floor":40,"key":"SMITH"},{"floor":49,"key":"REST"}],"neow_cost":"NONE","seed_source_timestamp":2814834670150600,"circlet_count":0,"master_deck":["Strike_R+1","Strike_R+1","Strike_R+1","Strike_R+1","Defend_R+1","Defend_R+1","Defend_R+1","Defend_R+1","Bash","Clash","Metallicize+1","HandOfGreed+1","Battle Trance","Juggernaut","Thunderclap","Iron Wave","Shockwave+1","Berserk+1","Cleave","Twin Strike+1","Metallicize+1","Spot Weakness","Warcry","Havoc+1","Warcry+1","Demon Form+1","Seeing Red+1","Pain","Cleave+1","Iron Wave","Feel No Pain+1","Shrug It Off+1","Pommel Strike+1"],"relics":["Burning Blood","Juzu Bracelet","Bronze Scales","Pantograph","Vajra","Blue Candle","Sozu","Centennial Puzzle","Mango","Lee\u0027s Waffle","Shuriken","Orichalcum","Kunai","Art of War","Black Star","WarpedTongs","Dream Catcher","Peace Pipe","Regal Pillow","Happy Flower","Anchor","HandDrill"],"potions_floor_usage":[6,13,14,16,16],"damage_taken":[{"damage":0,"enemies":"Small Slimes","floor":1,"turns":3},{"damage":2,"enemies":"Jaw Worm","floor":2,"turns":3},{"damage":13,"enemies":"Gremlin Nob","floor":6,"turns":3},{"damage":36,"enemies":"3 Sentries","floor":8,"turns":15},{"damage":1,"enemies":"2 Louse","floor":12,"turns":2},{"damage":25,"enemies":"Lagavulin","floor":13,"turns":4},{"damage":0,"enemies":"Lots of Slimes","floor":14,"turns":1},{"damage":36,"enemies":"Slime Boss","floor":16,"turns":11},{"damage":11,"enemies":"Chosen","floor":18,"turns":5},{"damage":7,"enemies":"Spheric Guardian","floor":19,"turns":3},{"damage":23,"enemies":"Centurion and Healer","floor":22,"turns":6},{"damage":18,"enemies":"Slavers","floor":23,"turns":4},{"damage":21,"enemies":"Gremlin Leader","floor":28,"turns":6},{"damage":12,"enemies":"Shelled Parasite and Fungi","floor":30,"turns":4},{"damage":4,"enemies":"3 Cultists","floor":31,"turns":5},{"damage":41,"enemies":"Collector","floor":33,"turns":8},{"damage":2,"enemies":"Orb Walker","floor":35,"turns":3},{"damage":30,"enemies":"3 Darklings","floor":37,"turns":4},{"damage":42,"enemies":"Nemesis","floor":41,"turns":5},{"damage":2,"enemies":"Jaw Worm Horde","floor":44,"turns":4},{"damage":4,"enemies":"Sphere and 2 Shapes","floor":45,"turns":3},{"damage":30,"enemies":"Transient","floor":46,"turns":5},{"damage":8,"enemies":"4 Shapes","floor":48,"turns":8},{"damage":93,"enemies":"Time Eater","floor":50,"turns":9}],"seed_played":"-220489849278412580","potions_obtained":[{"floor":1,"key":"PowerPotion"},{"floor":6,"key":"Explosive Potion"},{"floor":8,"key":"EssenceOfSteel"},{"floor":13,"key":"LiquidBronze"},{"floor":14,"key":"Energy Potion"}],"is_trial":false,"path_per_floor":["M","M","$","?","?","E","R","E","T","T","R","M","E","M","R","B",null,"M","M","?","T","M","E","$","R","T","?","E","?","M","M","R","B",null,"M","?","M","?","$","R","E","?","T","M","M","M","$","M","R","B"],"character_chosen":"IRONCLAD","items_purchased":["HandOfGreed","Metallicize","Lee\u0027s Waffle","Shuriken","Orichalcum","Spot Weakness","Dream Catcher","Anchor","HandDrill"],"campfire_rested":2,"item_purchase_floors":[3,24,24,24,24,24,39,47,47],"current_hp_per_floor":[78,80,80,64,64,57,57,27,27,27,51,56,37,43,43,38,70,65,64,64,64,47,49,101,101,101,101,86,86,80,82,82,66,92,96,96,72,72,72,72,36,36,36,40,42,18,18,16,61,0],"gold":83,"neow_bonus":"HUNDRED_GOLD","is_prod":false,"is_daily":false,"chose_seed":false,"campfire_upgraded":5,"win_rate":0,"timestamp":1568445544,"path_taken":["M","M","$","?","?","E","R","E","T","?","R","M","E","M","R","BOSS","M","M","?","?","M","E","$","R","T","?","E","?","M","M","R","BOSS","M","?","M","?","$","R","E","?","T","M","M","M","$","M","R","BOSS"],"build_version":"2019-07-17","purchased_purges":0,"victory":false,"max_hp_per_floor":[80,80,80,80,80,80,80,80,80,80,80,80,80,80,80,80,80,80,80,80,80,80,94,101,101,101,101,101,101,101,101,101,101,101,101,101,101,101,101,101,101,101,101,101,101,101,101,101,101,101],"card_choices":[{"not_picked":["Bloodletting","Perfected Strike"],"picked":"Clash","floor":1},{"not_picked":["Bloodletting","Perfected Strike"],"picked":"Metallicize","floor":2},{"not_picked":["Combust","Clash"],"picked":"Battle Trance","floor":6},{"not_picked":["Feel No Pain","Flex"],"picked":"Juggernaut","floor":8},{"not_picked":["Searing Blow","Flex"],"picked":"Thunderclap","floor":12},{"not_picked":["Inflame","Headbutt"],"picked":"Iron Wave","floor":13},{"not_picked":["True Grit","Shrug It Off"],"picked":"Shockwave","floor":14},{"not_picked":["Fiend Fire","Dark Embrace"],"picked":"Berserk","floor":16},{"not_picked":["Reckless Charge","Heavy Blade"],"picked":"Cleave","floor":18},{"not_picked":["Body Slam+1","Uppercut"],"picked":"Twin Strike+1","floor":19},{"not_picked":["Twin Strike","Corruption","Clothesline"],"picked":"SKIP","floor":22},{"not_picked":["Perfected Strike","Wild Strike","Headbutt"],"picked":"SKIP","floor":23},{"not_picked":["Power Through","Carnage+1"],"picked":"Warcry","floor":28},{"not_picked":["Immolate","Rupture"],"picked":"Havoc+1","floor":30},{"not_picked":["Cleave","Thunderclap"],"picked":"Warcry+1","floor":31},{"not_picked":["Feed","Bludgeon"],"picked":"Demon Form","floor":33},{"not_picked":["Second Wind","Infernal Blade"],"picked":"Seeing Red+1","floor":35},{"not_picked":["Thunderclap+1","Shrug It Off+1"],"picked":"Cleave+1","floor":37},{"not_picked":["Shockwave","Pummel","True Grit+1"],"picked":"SKIP","floor":41},{"not_picked":["Feel No Pain","Evolve+1","Body Slam+1"],"picked":"SKIP","floor":44},{"not_picked":["Perfected Strike+1","True Grit+1"],"picked":"Iron Wave","floor":45},{"not_picked":["Flex","Bloodletting"],"picked":"Feel No Pain+1","floor":46},{"not_picked":["True Grit+1","Power Through+1"],"picked":"Shrug It Off+1","floor":48},{"not_picked":["Warcry","Twin Strike+1"],"picked":"Pommel Strike+1","floor":49}],"player_experience":182538,"relics_obtained":[{"floor":6,"key":"Juzu Bracelet"},{"floor":8,"key":"Bronze Scales"},{"floor":9,"key":"Pantograph"},{"floor":10,"key":"Vajra"},{"floor":13,"key":"Blue Candle"},{"floor":21,"key":"Centennial Puzzle"},{"floor":23,"key":"Mango"},{"floor":26,"key":"Kunai"},{"floor":28,"key":"Art of War"},{"floor":41,"key":"Peace Pipe"},{"floor":41,"key":"Regal Pillow"},{"floor":43,"key":"Happy Flower"}],"event_choices":[{"damage_healed":0,"gold_gain":0,"player_choice":"Entered Light","damage_taken":16,"max_hp_gain":0,"max_hp_loss":0,"event_name":"Shining Light","floor":4,"gold_loss":0,"cards_upgraded":["HandOfGreed","Strike_R"]},{"damage_healed":0,"gold_gain":65,"player_choice":"Gained Gold","damage_taken":0,"max_hp_gain":0,"max_hp_loss":0,"event_name":"Golden Wing","floor":5,"gold_loss":0},{"damage_healed":0,"gold_gain":0,"player_choice":"Ignored","damage_taken":0,"max_hp_gain":0,"max_hp_loss":0,"event_name":"Ghosts","floor":20,"gold_loss":0},{"damage_healed":0,"gold_gain":99,"player_choice":"Stole From Cult","damage_taken":0,"max_hp_gain":0,"max_hp_loss":0,"event_name":"Nest","floor":27,"gold_loss":0},{"damage_healed":0,"gold_gain":0,"player_choice":"Simplicity","damage_taken":0,"max_hp_gain":0,"max_hp_loss":0,"event_name":"Back to Basics","floor":29,"gold_loss":0,"cards_upgraded":["Strike_R","Strike_R","Strike_R","Strike_R","Defend_R","Defend_R","Defend_R","Defend_R"]},{"damage_healed":0,"gold_gain":0,"player_choice":"Rummage","damage_taken":0,"relics_obtained":["WarpedTongs"],"max_hp_gain":0,"max_hp_loss":0,"event_name":"Accursed Blacksmith","floor":36,"gold_loss":0,"cards_obtained":["Pain"]},{"cards_removed":["Strike_R"],"damage_healed":0,"gold_gain":0,"player_choice":"Removed Attack","damage_taken":0,"max_hp_gain":0,"max_hp_loss":0,"event_name":"Falling","floor":38,"gold_loss":0},{"damage_healed":0,"gold_gain":0,"player_choice":"Ignored","damage_taken":0,"max_hp_gain":0,"max_hp_loss":0,"event_name":"Mysterious Sphere","floor":42,"gold_loss":0}],"is_beta":false,"boss_relics":[{"not_picked":["Philosopher\u0027s Stone","Runic Cube"],"picked":"Sozu"},{"not_picked":["Pandora\u0027s Box","Empty Cage"],"picked":"Black Star"}],"items_purged_floors":[],"is_endless":false,"potions_floor_spawned":[1,6,8,13,14,22,28,31,37,41,45,48],"killed_by":"Time Eater","ascension_level":6}