{"gold_per_floor":[116,133,65,65,78,78,93,93,93,93,104,67,84,104,104,203,203,190,207,207,132,151,151],"floor_reached":23,"playtime":818,"items_purged":["Recycle+1"],"score":204,"play_id":"75e0ef4c-6613-4169-80ea-b8f79cdb67bb","local_time":"20180710034239","is_ascension_mode":true,"campfire_choices":[{"data":"Chill","floor":6,"key":"SMITH"},{"data":"Conserve Battery","floor":8,"key":"SMITH"},{"data":"Zap","floor":10,"key":"SMITH"},{"data":"Scrape","floor":15,"key":"SMITH"}],"neow_cost":"NONE","seed_source_timestamp":2035980952343475,"circlet_count":0,"master_deck":["Strike_B","Strike_B","Strike_B","Strike_B","Defend_B","Defend_B","Defend_B","Defend_B","Zap+1","Dualcast","Scrape+1","Chill+1","Conserve Battery+1","Beam Cell","Scrape+1","Turbo","Go for the Eyes","Reprogram+1"],"relics":["Coffee Dripper","Centennial Puzzle","Runic Pyramid"],"potions_floor_usage":[7,16,16,16,16,16,19,19,19,19,19],"damage_taken":[{"damage":4,"enemies":"2 Louse","floor":1,"turns":2},{"damage":3,"enemies":"Small Slimes","floor":2,"turns":4},{"damage":2,"enemies":"Jaw Worm","floor":5,"turns":2},{"damage":27,"enemies":"Gremlin Gang","floor":7,"turns":4},{"damage":0,"enemies":"2 Fungi Beasts","floor":11,"turns":4},{"damage":0,"enemies":"Looter","floor":13,"turns":3},{"damage":6,"enemies":"Blue Slaver","floor":14,"turns":4},{"damage":2,"enemies":"Slime Boss","floor":16,"turns":7},{"damage":5,"enemies":"2 Thieves","floor":18,"turns":4},{"damage":14,"enemies":"Spheric Guardian","floor":19,"turns":4},{"damage":22,"enemies":"3 Cultists","floor":22,"turns":6},{"damage":40,"enemies":"Slavers","floor":23,"turns":4}],"seed_played":"272768502685410954","potions_obtained":[{"floor":2,"key":"Poison Potion"},{"floor":7,"key":"SteroidPotion"},{"floor":14,"key":"EntropicBrew"},{"floor":16,"key":"Ancient Potion"},{"floor":18,"key":"EntropicBrew"},{"floor":22,"key":"Swift Potion"}],"is_trial":false,"path_per_floor":["M","M","$","?","M","R","M","R","T","R","M","$","M","M","R","B",null,"M","M","?","$","M"],"character_chosen":"DEFECT","items_purchased":["Chill","Scrape"],"campfire_rested":0,"item_purchase_floors":[3,12],"current_hp_per_floor":[71,68,68,53,51,51,24,24,24,24,24,24,24,18,18,16,75,70,56,56,56,34,0],"gold":151,"neow_bonus":"BOSS_RELIC","is_prod":false,"is_daily":false,"chose_seed":false,"campfire_upgraded":4,"win_rate":0,"timestamp":1531186959,"path_taken":["M","M","$","?","M","R","M","R","T","R","M","$","M","?","R","BOSS","M","?","?","$","?","E"],"build_version":"2018-07-05","purchased_purges":1,"victory":false,"max_hp_per_floor":[75,75,75,75,75,75,75,75,75,75,75,75,75,75,75,75,75,75,75,75,75,75,75],"card_choices":[{"not_picked":["Rebound","Beam Cell"],"picked":"Recycle","floor":1},{"not_picked":["Tempest","Stack"],"picked":"Scrape","floor":2},{"not_picked":["Barrage","Sweeping Beam","Coolheaded"],"picked":"SKIP","floor":5},{"not_picked":["Loop","Coolheaded"],"picked":"Conserve Battery","floor":7},{"not_picked":["Steam","Capacitor"],"picked":"Beam Cell","floor":11},{"not_picked":["Core Surge","Stack"],"picked":"Turbo","floor":13},{"not_picked":["Hello World","Fusion","Stack"],"picked":"SKIP","floor":14},{"not_picked":["Hologram","Conserve Battery","Barrage+1"],"picked":"SKIP","floor":18},{"not_picked":["Melter","Hello World","BootSequence"],"picked":"SKIP","floor":19},{"not_picked":["Leap","Steam"],"picked":"Reprogram+1","floor":22}],"player_experience":60534,"relics_obtained":[{"floor":9,"key":"Centennial Puzzle"}],"event_choices":[{"event_name":"Shining Light","player_choice":"Entered Light","floor":4,"damage_taken":0},{"event_name":"The Library","player_choice":"Read","floor":20,"damage_taken":0}],"boss_relics":[{"not_picked":["Black Star","Snecko Eye"],"picked":"Runic Pyramid"}],"items_purged_floors":[21],"is_endless":false,"potions_floor_spawned":[2,7,14,16,18,22],"killed_by":"Slavers","ascension_level":2}