{"gold_per_floor":[118,131,206,233,233,233,265,282,282,282,300,300,311,324,324,423,423,435,469,485,505,505,505,521,521,521,553,12,112,137,137,137,233,233,248,258,15,15,25,25,43,73,73,73,73,91,107,120,120,120],"floor_reached":50,"playtime":5818,"items_purged":["Strike_G","Strike_G"],"score":683,"play_id":"48628d73-81b6-4bad-886e-574154523cc5","local_time":"20191004002930","is_ascension_mode":true,"campfire_choices":[{"data":"Neutralize","floor":6.0,"key":"SMITH"},{"data":"Crippling Poison","floor":10.0,"key":"SMITH"},{"data":"Bouncing Flask","floor":12.0,"key":"SMITH"},{"data":"Dagger Spray","floor":15.0,"key":"SMITH"},{"data":"Envenom","floor":23.0,"key":"SMITH"},{"floor":25.0,"key":"REST"},{"floor":32,"key":"REST"},{"floor":40,"key":"REST"},{"data":"Adrenaline","floor":44,"key":"SMITH"},{"data":"Catalyst","floor":49,"key":"SMITH"}],"neow_cost":"NONE","seed_source_timestamp":0,"circlet_count":0,"master_deck":["Defend_G","Defend_G","Defend_G","Defend_G","Defend_G","Survivor","Neutralize+1","Crippling Poison+1","PiercingWail","Bouncing Flask+1","Adrenaline+1","Dagger Spray+1","Envenom+1","Poisoned Stab+1","Poisoned Stab+1","Noxious Fumes","Catalyst+1","Deadly Poison+1","Well Laid Plans+1","Calculated Gamble+1","PiercingWail+1","Dash+1"],"special_seed":0,"relics":["Ring of the Snake","NeowsBlessing","Vajra","Shuriken","Empty Cage","Red Mask","Nloth\u0027s Gift","Question Card","Oddly Smooth Stone","Snake Skull","Bottled Lightning","FossilizedHelix","Ninja Scroll","Bag of Marbles","Eternal Feather","Ancient Tea Set","Whetstone","Bottled Tornado"],"potions_floor_usage":[35,35,39,48],"damage_taken":[{"damage":0.0,"enemies":"Small Slimes","floor":1.0,"turns":1.0},{"damage":0.0,"enemies":"Jaw Worm","floor":2.0,"turns":1.0},{"damage":0.0,"enemies":"Lagavulin","floor":7.0,"turns":1.0},{"damage":4.0,"enemies":"2 Louse","floor":8.0,"turns":2.0},{"damage":0.0,"enemies":"2 Fungi Beasts","floor":11.0,"turns":4.0},{"damage":0.0,"enemies":"Red Slaver","floor":13.0,"turns":5.0},{"damage":3.0,"enemies":"Looter","floor":14.0,"turns":3.0},{"damage":29.0,"enemies":"Slime Boss","floor":16.0,"turns":10.0},{"damage":11.0,"enemies":"3 Byrds","floor":18.0,"turns":4.0},{"damage":0.0,"enemies":"Masked Bandits","floor":19.0,"turns":2.0},{"damage":12.0,"enemies":"Shell Parasite","floor":20.0,"turns":6.0},{"damage":7.0,"enemies":"3 Cultists","floor":21.0,"turns":5.0},{"damage":8.0,"enemies":"Chosen and Byrds","floor":24.0,"turns":4.0},{"damage":43.0,"enemies":"Book of Stabbing","floor":27.0,"turns":6.0},{"damage":10,"enemies":"Colosseum Slavers","floor":29,"turns":3},{"damage":6,"enemies":"Colosseum Nobs","floor":29,"turns":4},{"damage":19,"enemies":"Collector","floor":33,"turns":4},{"damage":2,"enemies":"3 Darklings","floor":35,"turns":6},{"damage":0,"enemies":"Orb Walker","floor":36,"turns":3},{"damage":31,"enemies":"Writhing Mass","floor":39,"turns":6},{"damage":0,"enemies":"3 Darklings","floor":41,"turns":2},{"damage":0,"enemies":"Giant Head","floor":42,"turns":6},{"damage":1,"enemies":"Maw","floor":46,"turns":5},{"damage":6,"enemies":"4 Shapes","floor":47,"turns":4},{"damage":30,"enemies":"Writhing Mass","floor":48,"turns":4},{"damage":71,"enemies":"Awakened One","floor":50,"turns":10}],"seed_played":"-118226872222599363","potions_obtained":[{"floor":1.0,"key":"PowerPotion"},{"floor":11.0,"key":"SteroidPotion"},{"floor":16.0,"key":"Energy Potion"},{"floor":18.0,"key":"SteroidPotion"},{"floor":20.0,"key":"PowerPotion"},{"floor":33,"key":"EssenceOfSteel"},{"floor":35,"key":"Fruit Juice"},{"floor":36,"key":"PowerPotion"},{"floor":42,"key":"Regen Potion"},{"floor":48,"key":"LiquidBronze"}],"is_trial":false,"path_per_floor":["M","M","?","T","?","R","E","M","T","R","M","R","M","M","R","B",null,"M","?","M","M","?","R","M","R","T","E","$","?","T","?","R","B",null,"M","M","$","$","M","R","M","E","T","R","$","M","M","M","R","B"],"character_chosen":"THE_SILENT","items_purchased":["Snake Skull","Bottled Lightning","Catalyst","Ancient Tea Set"],"campfire_rested":3,"item_purchase_floors":[28,28,28,37],"current_hp_per_floor":[70,70,59,59,64,64,64,62,62,62,64,64,66,65,65,38,75,64,66,56,51,51,51,43,65,65,22,22,6,6,6,28,9,75,78,78,78,78,47,80,80,80,80,80,80,79,73,55,67,0],"gold":120,"neow_bonus":"THREE_ENEMY_KILL","is_prod":false,"is_daily":false,"chose_seed":false,"campfire_upgraded":7,"win_rate":0,"timestamp":1570166970,"path_taken":["M","M","?","?","?","R","E","M","T","R","M","R","M","M","R","BOSS","M","?","M","M","?","R","?","R","T","E","$","?","?","?","R","BOSS","M","M","?","$","?","R","M","E","T","R","$","M","M","M","R","BOSS"],"build_version":"2019-07-17","purchased_purges":2,"victory":false,"max_hp_per_floor":[70,70,70,70,75,75,75,75,75,75,75,75,75,75,75,75,75,75,75,75,75,75,75,75,75,75,75,75,75,75,75,75,75,75,80,80,80,80,80,80,80,80,80,80,80,80,80,80,80,80],"card_choices":[{"not_picked":["Finisher","Predator","Deflect"],"picked":"SKIP","floor":1.0},{"not_picked":["Prepared","Escape Plan","Deflect"],"picked":"SKIP","floor":2.0},{"not_picked":["Poisoned Stab","Skewer"],"picked":"Crippling Poison","floor":7.0},{"not_picked":["Bane","Blade Dance"],"picked":"PiercingWail","floor":8.0},{"not_picked":["Choke","Well Laid Plans"],"picked":"Bouncing Flask","floor":11.0},{"not_picked":["Prepared","Bane"],"picked":"Adrenaline","floor":13.0},{"not_picked":["Prepared","Slice"],"picked":"Dagger Spray","floor":14.0},{"not_picked":["A Thousand Cuts","Phantasmal Killer"],"picked":"Envenom","floor":16.0},{"not_picked":["Blade Dance+1","Acrobatics"],"picked":"Poisoned Stab+1","floor":18.0},{"not_picked":["Setup","Underhanded Strike","Eviscerate"],"picked":"SKIP","floor":20.0},{"not_picked":["Dagger Spray","Dodge and Roll"],"picked":"Poisoned Stab+1","floor":21.0},{"not_picked":["Finisher","Well Laid Plans"],"picked":"Noxious Fumes","floor":24.0},{"not_picked":["Setup","Escape Plan","Night Terror","Flying Knee"],"picked":"SKIP","floor":27.0},{"not_picked":["Caltrops","Blade Dance","Doppelganger"],"picked":"Deadly Poison+1","floor":29},{"not_picked":["Blade Dance","Endless Agony+1","Flying Knee","Distraction+1"],"picked":"SKIP","floor":35},{"not_picked":["Underhanded Strike","Poisoned Stab","Dagger Throw+1"],"picked":"Well Laid Plans+1","floor":36},{"not_picked":["Outmaneuver","Underhanded Strike+1","Concentrate"],"picked":"Calculated Gamble+1","floor":39},{"not_picked":["Reflex","Well Laid Plans+1","Flying Knee+1","Acrobatics"],"picked":"SKIP","floor":41},{"not_picked":["After Image","Cloak And Dagger","Outmaneuver"],"picked":"PiercingWail+1","floor":42},{"not_picked":["Accuracy+1","Bullet Time","Slice+1","Expertise"],"picked":"SKIP","floor":46},{"not_picked":["Riddle With Holes","Flying Knee","Acrobatics"],"picked":"Dash+1","floor":47},{"not_picked":["Dodge and Roll","Flying Knee","Underhanded Strike+1","Outmaneuver"],"picked":"SKIP","floor":48}],"player_experience":160807,"relics_obtained":[{"floor":4.0,"key":"Vajra"},{"floor":7.0,"key":"Blood Vial"},{"floor":9.0,"key":"Shuriken"},{"floor":19.0,"key":"Red Mask"},{"floor":26.0,"key":"Question Card"},{"floor":27.0,"key":"Oddly Smooth Stone"},{"floor":29,"key":"FossilizedHelix"},{"floor":29,"key":"Ninja Scroll"},{"floor":30,"key":"Bag of Marbles"},{"floor":42,"key":"Whetstone"},{"floor":43,"key":"Bottled Tornado"}],"event_choices":[{"damage_healed":0.0,"max_hp_gain":0.0,"max_hp_loss":0.0,"gold_gain":75.0,"event_name":"World of Goop","player_choice":"Gather Gold","floor":3.0,"gold_loss":0.0,"damage_taken":11.0},{"damage_healed":0.0,"max_hp_gain":5.0,"max_hp_loss":0.0,"gold_gain":0.0,"event_name":"Big Fish","player_choice":"Donut","floor":5.0,"gold_loss":0.0,"damage_taken":0.0},{"damage_healed":0.0,"max_hp_gain":0.0,"max_hp_loss":0.0,"gold_gain":0.0,"event_name":"Masked Bandits","player_choice":"Fought Bandits","floor":19.0,"gold_loss":0.0,"damage_taken":0.0},{"damage_healed":0.0,"max_hp_gain":0.0,"max_hp_loss":0.0,"gold_gain":0.0,"event_name":"N\u0027loth","player_choice":"Traded Relic","floor":22.0,"relics_lost":["Blood Vial"],"gold_loss":0.0,"damage_taken":0.0,"relics_obtained":["Nloth\u0027s Gift"]},{"damage_healed":0,"gold_gain":0,"player_choice":"Fight","damage_taken":0,"max_hp_gain":0,"max_hp_loss":0,"event_name":"Colosseum","floor":29,"gold_loss":0},{"damage_healed":0,"gold_gain":0,"player_choice":"Fought Nobs","damage_taken":0,"max_hp_gain":0,"max_hp_loss":0,"event_name":"Colosseum","floor":29,"gold_loss":0},{"cards_removed":["Strike_G"],"damage_healed":0,"gold_gain":0,"player_choice":"Purged","damage_taken":0,"max_hp_gain":0,"max_hp_loss":0,"event_name":"Purifier","floor":31,"gold_loss":0}],"is_beta":false,"boss_relics":[{"not_picked":["Cursed Key","Runic Pyramid"],"picked":"Empty Cage"},{"not_picked":["Coffee Dripper","Fusion Hammer"],"picked":"Eternal Feather"}],"items_purged_floors":[28,37],"is_endless":false,"potions_floor_spawned":[1,11,16,18,20,29,33,35,36,42,48],"killed_by":"Awakened One","ascension_level":4}