{"gold_per_floor":[19,39,55,5,5,40,40,60,84,115,115,140,161,236,236,236],"floor_reached":16,"playtime":705,"items_purged":[],"score":171,"play_id":"68f9920d-04cb-4f9b-8533-56ad9659fcc6","local_time":"20190918174938","is_ascension_mode":true,"campfire_choices":[{"floor":7,"key":"REST"},{"floor":11,"key":"REST"},{"floor":15,"key":"REST"}],"neow_cost":"NO_GOLD","seed_source_timestamp":3193055043069700,"circlet_count":0,"master_deck":["Strike_R","Strike_R","Strike_R","Strike_R","Defend_R","Defend_R","Defend_R+1","Defend_R","Bash","Thunderclap","Twin Strike","Fire Breathing","Shrug It Off+1","Dropkick","Thunderclap","Metallicize","True Grit"],"relics":["Burning Blood","Golden Idol","Art of War","Vajra","War Paint"],"potions_floor_usage":[10,12,16],"damage_taken":[{"damage":0,"enemies":"Small Slimes","floor":1,"turns":3},{"damage":3,"enemies":"2 Louse","floor":2,"turns":3},{"damage":12,"enemies":"Jaw Worm","floor":3,"turns":3},{"damage":50,"enemies":"3 Sentries","floor":6,"turns":8},{"damage":1,"enemies":"Looter","floor":8,"turns":4},{"damage":51,"enemies":"Lagavulin","floor":10,"turns":6},{"damage":18,"enemies":"Exordium Thugs","floor":12,"turns":3},{"damage":20,"enemies":"Large Slime","floor":13,"turns":5},{"damage":46,"enemies":"Hexaghost","floor":16,"turns":11}],"seed_played":"-6811009542734897540","potions_obtained":[{"floor":6,"key":"Regen Potion"},{"floor":8,"key":"SmokeBomb"},{"floor":10,"key":"Poison Potion"},{"floor":13,"key":"Swift Potion"}],"is_trial":false,"path_per_floor":["M","M","M","?","?","E","R","M","T","E","R","M","M","?","R","B"],"character_chosen":"IRONCLAD","items_purchased":[],"campfire_rested":3,"item_purchase_floors":[],"current_hp_per_floor":[94,96,90,90,66,22,50,55,55,25,53,41,27,16,44,0],"gold":236,"neow_bonus":"TWENTY_PERCENT_HP_BONUS","is_prod":false,"is_daily":false,"chose_seed":false,"campfire_upgraded":0,"win_rate":0,"timestamp":1568821778,"path_taken":["M","M","M","?","?","E","R","M","T","E","R","M","M","?","R","BOSS"],"build_version":"2019-07-17","purchased_purges":0,"victory":false,"max_hp_per_floor":[96,96,96,96,96,96,96,96,96,96,96,96,96,96,96,96],"card_choices":[{"not_picked":["Clothesline","Cleave"],"picked":"Thunderclap","floor":1},{"not_picked":["Headbutt","Perfected Strike"],"picked":"Twin Strike","floor":2},{"not_picked":["True Grit","Clash"],"picked":"Fire Breathing","floor":3},{"not_picked":["Sever Soul","Evolve"],"picked":"Shrug It Off","floor":6},{"not_picked":["Anger","Fire Breathing"],"picked":"Dropkick","floor":8},{"not_picked":["Burning Pact","Limit Break"],"picked":"Thunderclap","floor":10},{"not_picked":["Armaments","Fire Breathing"],"picked":"Metallicize","floor":12},{"not_picked":["Heavy Blade","Perfected Strike"],"picked":"True Grit","floor":13}],"player_experience":243517,"relics_obtained":[{"floor":6,"key":"Art of War"},{"floor":9,"key":"Vajra"},{"floor":10,"key":"War Paint"}],"event_choices":[{"cards_removed":["Strike_R"],"damage_healed":0,"gold_gain":0,"player_choice":"Card Removal","damage_taken":0,"max_hp_gain":0,"max_hp_loss":0,"event_name":"The Cleric","floor":4,"gold_loss":50},{"damage_healed":0,"gold_gain":0,"player_choice":"Take Damage","damage_taken":24,"relics_obtained":["Golden Idol"],"max_hp_gain":0,"max_hp_loss":0,"event_name":"Golden Idol","floor":5,"gold_loss":0},{"damage_healed":0,"gold_gain":75,"player_choice":"Gather Gold","damage_taken":11,"max_hp_gain":0,"max_hp_loss":0,"event_name":"World of Goop","floor":14,"gold_loss":0}],"is_beta":false,"boss_relics":[],"items_purged_floors":[],"is_endless":false,"potions_floor_spawned":[6,8,10,13],"killed_by":"Hexaghost","ascension_level":6}