{"gold_per_floor":[364,27,27,27,46,46,78,90,102,133,163,187,233,259,271,378,390,417,448,515,544,62,95,95,95,95,195,195,229,229,258,258,258],"floor_reached":33,"playtime":2347,"items_purged":["Shame","Strike_R"],"score":432,"play_id":"e61aad76-7574-410f-b11e-8815193cf5a1","local_time":"20190919175303","is_ascension_mode":true,"campfire_choices":[{"floor":6,"key":"REST"},{"data":"Metallicize","floor":8,"key":"SMITH"},{"data":"Metallicize","floor":15,"key":"SMITH"},{"floor":25,"key":"REST"},{"data":"Feed","floor":30,"key":"SMITH"},{"data":"Armaments","floor":32,"key":"SMITH"}],"neow_cost":"CURSE","seed_source_timestamp":3278008826834100,"circlet_count":0,"master_deck":["Strike_R","Strike_R","Strike_R","Defend_R","Defend_R","Defend_R","Defend_R","Bash","Twin Strike","Metallicize+1","Metallicize+1","Flame Barrier","Shockwave","Ghostly Armor","Armaments+1","Metallicize","Cleave","Berserk","Rampage","Intimidate+1","Clash","Armaments+1","RitualDagger","Feed+1","Flame Barrier"],"relics":["Burning Blood","DollysMirror","Mango","MawBank","Blood Vial","Regal Pillow","Velvet Choker","Bag of Preparation","Membership Card","Juzu Bracelet","Kunai","Bronze Scales","Question Card","Gremlin Horn","Frozen Egg 2","Ancient Tea Set"],"potions_floor_usage":[7,12,13,16,29,33],"damage_taken":[{"damage":5,"enemies":"Cultist","floor":1,"turns":4},{"damage":3,"enemies":"Jaw Worm","floor":5,"turns":5},{"damage":22,"enemies":"Lagavulin","floor":7,"turns":12},{"damage":0,"enemies":"2 Louse","floor":10,"turns":4},{"damage":18,"enemies":"Gremlin Gang","floor":11,"turns":7},{"damage":0,"enemies":"3 Louse","floor":12,"turns":6},{"damage":3,"enemies":"3 Sentries","floor":13,"turns":11},{"damage":19,"enemies":"Large Slime","floor":14,"turns":14},{"damage":53,"enemies":"Hexaghost","floor":16,"turns":16},{"damage":0,"enemies":"Shell Parasite","floor":18,"turns":7},{"damage":18,"enemies":"2 Thieves","floor":19,"turns":5},{"damage":11,"enemies":"Shelled Parasite and Fungi","floor":21,"turns":9},{"damage":29,"enemies":"Slavers","floor":23,"turns":7},{"damage":2,"enemies":"Gremlin Leader","floor":29,"turns":7},{"damage":14,"enemies":"Book of Stabbing","floor":31,"turns":8},{"damage":134,"enemies":"Automaton","floor":33,"turns":16}],"seed_played":"296242092418013821","potions_obtained":[{"floor":5,"key":"Weak Potion"},{"floor":10,"key":"Dexterity Potion"},{"floor":12,"key":"Strength Potion"},{"floor":14,"key":"PowerPotion"},{"floor":23,"key":"BloodPotion"},{"floor":29,"key":"FairyPotion"}],"is_trial":false,"path_per_floor":["M","$","?","?","M","R","E","R","T","M","M","M","E","M","R","B",null,"M","M","T","M","$","E","T","R","T","?","?","E","R","E","R","B"],"character_chosen":"IRONCLAD","items_purchased":["Metallicize","DollysMirror","Membership Card","Juzu Bracelet","Kunai","EssenceOfSteel"],"campfire_rested":2,"item_purchase_floors":[2,2,22,22,22,22],"current_hp_per_floor":[73,73,54,54,57,85,69,69,69,77,67,75,80,69,69,24,77,85,75,75,72,72,51,51,94,94,94,88,94,94,86,86,0],"gold":258,"neow_bonus":"TWO_FIFTY_GOLD","is_prod":false,"is_daily":false,"chose_seed":false,"campfire_upgraded":4,"win_rate":0,"timestamp":1568908383,"path_taken":["M","$","?","?","M","R","E","R","T","M","M","?","E","M","R","BOSS","M","M","?","M","$","E","?","R","T","?","?","E","R","E","R","BOSS"],"build_version":"2019-07-17","purchased_purges":2,"victory":false,"max_hp_per_floor":[80,80,94,94,94,94,94,94,94,94,94,94,94,94,94,94,94,94,94,94,94,94,94,94,94,94,94,94,94,94,94,94,94],"card_choices":[{"not_picked":["Power Through","Rampage"],"picked":"Twin Strike","floor":1},{"not_picked":["Power Through","Flex"],"picked":"Flame Barrier","floor":5},{"not_picked":["Body Slam","Thunderclap"],"picked":"Shockwave","floor":7},{"not_picked":["Headbutt","Flex"],"picked":"Ghostly Armor","floor":10},{"not_picked":["Evolve","Anger","Pummel"],"picked":"SKIP","floor":11},{"not_picked":["Body Slam","Thunderclap"],"picked":"Armaments","floor":12},{"not_picked":["Second Wind","Infernal Blade"],"picked":"Metallicize","floor":13},{"not_picked":["Flame Barrier","Clash"],"picked":"Cleave","floor":14},{"not_picked":["Barricade","Dark Embrace"],"picked":"Berserk","floor":16},{"not_picked":["Perfected Strike","Twin Strike+1"],"picked":"Rampage","floor":18},{"not_picked":["Entrench+1","Hemokinesis"],"picked":"Intimidate+1","floor":19},{"not_picked":["True Grit","Warcry"],"picked":"Clash","floor":21},{"not_picked":["Wild Strike","Headbutt"],"picked":"Armaments+1","floor":23},{"not_picked":["Feel No Pain","Perfected Strike","Flame Barrier"],"picked":"Feed","floor":29},{"not_picked":["Burning Pact","Rampage","Twin Strike+1"],"picked":"Flame Barrier","floor":31}],"player_experience":252553,"relics_obtained":[{"floor":7,"key":"MawBank"},{"floor":9,"key":"Blood Vial"},{"floor":13,"key":"Regal Pillow"},{"floor":20,"key":"Bag of Preparation"},{"floor":23,"key":"Bronze Scales"},{"floor":24,"key":"Question Card"},{"floor":26,"key":"Gremlin Horn"},{"floor":29,"key":"Frozen Egg 2"},{"floor":31,"key":"Ancient Tea Set"}],"event_choices":[{"damage_healed":0,"gold_gain":0,"player_choice":"Success","damage_taken":33,"relics_obtained":["Mango"],"max_hp_gain":0,"max_hp_loss":0,"event_name":"Scrap Ooze","floor":3,"gold_loss":0},{"cards_removed":["Strike_R"],"damage_healed":0,"gold_gain":0,"player_choice":"Offered Basic","damage_taken":0,"max_hp_gain":0,"max_hp_loss":0,"event_name":"Bonfire Elementals","floor":4,"gold_loss":0},{"damage_healed":0,"gold_gain":100,"player_choice":"Pray","damage_taken":0,"max_hp_gain":0,"max_hp_loss":0,"event_name":"Golden Shrine","floor":27,"gold_loss":0},{"damage_healed":0,"gold_gain":0,"player_choice":"Joined the Cult","damage_taken":6,"max_hp_gain":0,"max_hp_loss":0,"event_name":"Nest","floor":28,"gold_loss":0,"cards_obtained":["RitualDagger"]}],"is_beta":false,"boss_relics":[{"not_picked":["Black Blood","Calling Bell"],"picked":"Velvet Choker"}],"items_purged_floors":[2,22],"is_endless":false,"potions_floor_spawned":[5,10,12,14,23,29],"killed_by":"Automaton","ascension_level":6}