{"gold_per_floor":[109,109,109,126,144,144,170,170,170,170,170],"floor_reached":11,"playtime":276,"items_purged":[],"score":142,"play_id":"e79188bb-5beb-4b86-bdde-f482eef728ba","local_time":"20191009181549","is_ascension_mode":true,"campfire_choices":[{"data":"Genetic Algorithm","floor":6,"key":"SMITH"},{"floor":8,"key":"REST"}],"neow_cost":"NONE","seed_source_timestamp":937718837450900,"circlet_count":0,"master_deck":["AscendersBane","Strike_B","Strike_B","Defend_B","Defend_B","Defend_B","Defend_B","Zap","Dualcast","Gash","Genetic Algorithm+1","Storm","Gash"],"special_seed":0,"relics":["Cracked Core","Dodecahedron","Gremlin Horn"],"potions_floor_usage":[7],"damage_taken":[{"damage":5,"enemies":"Small Slimes","floor":1,"turns":3},{"damage":4,"enemies":"2 Louse","floor":4,"turns":3},{"damage":1,"enemies":"Cultist","floor":5,"turns":4},{"damage":47,"enemies":"3 Sentries","floor":7,"turns":9},{"damage":30,"enemies":"Gremlin Nob","floor":11,"turns":3}],"seed_played":"-3873798153613310491","potions_obtained":[{"floor":5,"key":"FocusPotion"}],"is_trial":false,"path_per_floor":["M","?","?","M","M","R","E","R","T","?","E"],"character_chosen":"DEFECT","items_purchased":[],"campfire_rested":1,"item_purchase_floors":[],"current_hp_per_floor":[66,66,59,55,54,54,7,30,30,30,0],"gold":170,"neow_bonus":"TEN_PERCENT_HP_BONUS","is_prod":false,"is_daily":false,"chose_seed":false,"campfire_upgraded":1,"win_rate":0,"timestamp":1570637749,"path_taken":["M","?","?","M","M","R","E","R","T","?","E"],"build_version":"2019-07-17","purchased_purges":0,"victory":false,"max_hp_per_floor":[78,78,78,78,78,78,78,78,78,78,78],"card_choices":[{"not_picked":["Darkness","Turbo"],"picked":"Gash","floor":1},{"not_picked":["Redo","Turbo"],"picked":"Genetic Algorithm","floor":4},{"not_picked":["Melter","Turbo"],"picked":"Storm","floor":5},{"not_picked":["Barrage","Seek"],"picked":"Gash","floor":7}],"player_experience":448225,"relics_obtained":[{"floor":7,"key":"Dodecahedron"},{"floor":9,"key":"Gremlin Horn"}],"event_choices":[{"cards_removed":["Strike_B"],"damage_healed":0,"gold_gain":0,"player_choice":"Forget","damage_taken":0,"max_hp_gain":0,"max_hp_loss":0,"event_name":"Living Wall","floor":2,"gold_loss":0},{"cards_removed":["Strike_B"],"damage_healed":0,"gold_gain":0,"player_choice":"Card Removal","damage_taken":7,"max_hp_gain":0,"max_hp_loss":0,"event_name":"Golden Wing","floor":3,"gold_loss":0},{"damage_healed":0,"gold_gain":0,"player_choice":"Ignored","damage_taken":0,"max_hp_gain":0,"max_hp_loss":0,"event_name":"Shining Light","floor":10,"gold_loss":0}],"is_beta":false,"boss_relics":[],"items_purged_floors":[],"is_endless":false,"potions_floor_spawned":[5],"killed_by":"Gremlin Nob","ascension_level":20}