{"gold_per_floor":[115,134,84,84,84,84,9,9,9,42,42,54,54,109,109,213,213,226,244,244,244,244,244,269,280,280,293,319,339,339,356,356,457,457,470,485,485,503,603,637,647,647,647,647,46,268,28,42,42,42,42,42,42,67,67],"floor_reached":55,"playtime":14537,"items_purged":["Regret"],"score":788,"play_id":"f3b66216-5f9b-492b-aca5-0766a890b144","local_time":"20190917230854","is_ascension_mode":false,"campfire_choices":[{"data":"Eruption","floor":6.0,"key":"SMITH"},{"data":"Halt","floor":15.0,"key":"SMITH"},{"floor":23.0,"key":"REST"},{"floor":32.0,"key":"REST"},{"floor":42,"key":"RECALL"},{"floor":44,"key":"REST"},{"floor":49,"key":"REST"},{"floor":52,"key":"REST"}],"neow_cost":"NONE","seed_source_timestamp":40776289114800,"circlet_count":0,"master_deck":["Strike_P","Strike_P","Strike_P","Strike_P","Defend_P","Defend_P","Defend_P","Eruption+1","Vigilance","Perseverance+1","ThirdEye+1","ClearTheMind+1","ForeignInfluence+1","Halt+1","Alpha","ClearTheMind+1","FearNoEvil","Necronomicurse","Protect+1","ForeignInfluence","Sanctity+1","Crescendo","CutThroughFate+1","ReachHeaven","FlyingSleeves","Wallop+1","JustLucky+1","CrushJoints+1","Crescendo","ReachHeaven","Establishment+1","ThirdEye+1"],"special_seed":0,"relics":["PureWater","NeowsBlessing","Juzu Bracelet","WarpedTongs","Orichalcum","Oddly Smooth Stone","War Paint","Black Star","Necronomicon","Potion Belt","Ornamental Fan","Regal Pillow","Red Mask","Fusion Hammer","Incense Burner","Lantern","Pear","Bronze Scales","InkBottle","Toolbox","Toy Ornithopter","Blue Candle","Bottled Tornado"],"potions_floor_usage":[38,39,47,48,50,50],"damage_taken":[{"damage":0.0,"enemies":"Cultist","floor":1.0,"turns":1.0},{"damage":0.0,"enemies":"Small Slimes","floor":2.0,"turns":1.0},{"damage":1.0,"enemies":"3 Sentries","floor":10.0,"turns":2.0},{"damage":2.0,"enemies":"Jaw Worm","floor":12.0,"turns":3.0},{"damage":9.0,"enemies":"Lagavulin Event","floor":14.0,"turns":5.0},{"damage":7.0,"enemies":"Slime Boss","floor":16.0,"turns":11.0},{"damage":6.0,"enemies":"Spheric Guardian","floor":18.0,"turns":4.0},{"damage":3.0,"enemies":"Shell Parasite","floor":19.0,"turns":6.0},{"damage":28.0,"enemies":"Book of Stabbing","floor":24.0,"turns":6.0},{"damage":3.0,"enemies":"Centurion and Healer","floor":25.0,"turns":5.0},{"damage":11.0,"enemies":"Snake Plant","floor":27.0,"turns":3.0},{"damage":3.0,"enemies":"Masked Bandits","floor":28.0,"turns":5.0},{"damage":0.0,"enemies":"Chosen and Byrds","floor":29.0,"turns":4.0},{"damage":0.0,"enemies":"Snecko","floor":31.0,"turns":3.0},{"damage":23.0,"enemies":"Champ","floor":33.0,"turns":8.0},{"damage":0.0,"enemies":"Orb Walker","floor":35.0,"turns":1.0},{"damage":6.0,"enemies":"3 Shapes","floor":36.0,"turns":1.0},{"damage":8,"enemies":"Writhing Mass","floor":38,"turns":4},{"damage":11,"enemies":"Mind Bloom Boss Battle","floor":39,"turns":5},{"damage":3,"enemies":"Nemesis","floor":40,"turns":5},{"damage":0,"enemies":"3 Darklings","floor":41,"turns":4},{"damage":3,"enemies":"Transient","floor":48,"turns":5},{"damage":75,"enemies":"Donu and Deca","floor":50,"turns":6},{"damage":0,"enemies":"Shield and Spear","floor":54,"turns":6},{"damage":85,"enemies":"The Heart","floor":55,"turns":5}],"seed_played":"-833623349787003533","potions_obtained":[{"floor":1.0,"key":"SmokeBomb"},{"floor":2.0,"key":"Ancient Potion"},{"floor":14.0,"key":"EssenceOfSteel"},{"floor":19.0,"key":"Energy Potion"},{"floor":24.0,"key":"FearPotion"},{"floor":25.0,"key":"EntropicBrew"},{"floor":33.0,"key":"AttackPotion"},{"floor":35.0,"key":"Explosive Potion"},{"floor":38,"key":"Regen Potion"},{"floor":40,"key":"Ancient Potion"},{"floor":48,"key":"Strength Potion"}],"is_trial":false,"path_per_floor":["M","M","?","?","?","R","$","?","T","E","?","M","?","?","R","B",null,"M","M","?","?","?","R","E","M","T","M","?","M","?","M","R","B",null,"M","M","?","M","?","E","M","R","T","R","$","?","$","M","R","B",null,"R","$","E","B"],"character_chosen":"WATCHER","items_purchased":["Bronze Scales","InkBottle","Toolbox","ReachHeaven","Fruit Juice","Toy Ornithopter"],"campfire_rested":5,"item_purchase_floors":[45,45,45,45,47,47],"current_hp_per_floor":[65,65,65,52,52,52,52,52,52,51,51,49,49,40,40,33,65,59,56,45,29,52,70,42,39,39,28,25,25,25,25,61,38,70,70,64,64,56,54,61,61,61,61,80,80,80,85,82,85,15,85,85,85,85,0],"gold":67,"neow_bonus":"THREE_ENEMY_KILL","is_prod":false,"is_daily":false,"chose_seed":false,"campfire_upgraded":2,"win_rate":0.0,"timestamp":1568786934,"path_taken":["M","M","?","?","?","R","$","?","T","E","?","M","?","?","R","BOSS","M","M","?","?","?","R","E","M","T","M","?","M","?","M","R","BOSS","M","M","?","M","?","E","M","R","T","R","$","?","$","M","R","BOSS","R","$","E","BOSS"],"build_version":"2019-09-17","purchased_purges":1,"victory":false,"max_hp_per_floor":[65,65,65,65,65,65,65,65,65,65,65,65,65,65,65,65,65,65,65,70,70,70,70,70,70,70,70,70,70,70,70,70,70,70,70,70,70,70,70,80,80,80,80,80,80,80,85,85,85,85,85,85,85,85,85],"card_choices":[{"not_picked":["Scrawl","ClearTheMind"],"picked":"Perseverance","floor":1.0},{"not_picked":["EmptyBody","FlyingSleeves"],"picked":"ThirdEye","floor":2.0},{"not_picked":["FollowUp","Fasting"],"picked":"ClearTheMind","floor":10.0},{"not_picked":["MentalFortress","Prostrate"],"picked":"ForeignInfluence","floor":12.0},{"not_picked":["PathToVictory","TalkToTheHand"],"picked":"Halt","floor":14.0},{"not_picked":["Vault","Judgement"],"picked":"Alpha","floor":16.0},{"not_picked":["EmptyMind","Tantrum+1"],"picked":"ClearTheMind+1","floor":18.0},{"not_picked":["FollowUp","CrushJoints"],"picked":"FearNoEvil","floor":19.0},{"not_picked":["EmptyBody","Swivel"],"picked":"Protect+1","floor":24.0},{"not_picked":["Prostrate","Perseverance"],"picked":"ForeignInfluence","floor":25.0},{"not_picked":["Weave+1","MentalFortress"],"picked":"Sanctity+1","floor":27.0},{"not_picked":["Consecrate","CrushJoints"],"picked":"Crescendo","floor":28.0},{"not_picked":["WaveOfTheHand","WindmillStrike+1"],"picked":"Establishment","floor":29.0},{"not_picked":["FearNoEvil","DeusExMachina"],"picked":"CutThroughFate+1","floor":31.0},{"not_picked":["Judgement","FlowState"],"picked":"ReachHeaven","floor":33.0},{"not_picked":["Crescendo+1","FearNoEvil"],"picked":"FlyingSleeves","floor":35.0},{"not_picked":["Prostrate+1","Weave"],"picked":"Wallop+1","floor":36.0},{"not_picked":["EmptyBody+1","CrushJoints+1"],"picked":"JustLucky+1","floor":38},{"not_picked":["Prostrate","EmptyMind"],"picked":"CrushJoints+1","floor":39},{"not_picked":["WaveOfTheHand+1","Devotion"],"picked":"Crescendo","floor":40},{"not_picked":["EmptyBody+1","Metaphysics","MentalFortress"],"picked":"SKIP","floor":41},{"not_picked":["CutThroughFate","MentalFortress+1"],"picked":"Establishment+1","floor":48},{"not_picked":["Protect+1","EmptyFist"],"picked":"ThirdEye+1","floor":54}],"player_experience":246164,"relics_obtained":[{"floor":9.0,"key":"Orichalcum"},{"floor":10.0,"key":"Oddly Smooth Stone"},{"floor":21.0,"key":"Necronomicon"},{"floor":24.0,"key":"Potion Belt"},{"floor":24.0,"key":"Ornamental Fan"},{"floor":26.0,"key":"Regal Pillow"},{"floor":28.0,"key":"Red Mask"},{"floor":39,"key":"Incense Burner"},{"floor":40,"key":"Lantern"},{"floor":40,"key":"Pear"},{"floor":54,"key":"Blue Candle"},{"floor":54,"key":"Bottled Tornado"}],"event_choices":[{"cards_removed":["Defend_P"],"damage_healed":0.0,"max_hp_gain":0.0,"max_hp_loss":0.0,"gold_gain":0.0,"event_name":"The Cleric","player_choice":"Card Removal","floor":3.0,"gold_loss":50.0,"damage_taken":0.0},{"damage_healed":0.0,"max_hp_gain":0.0,"max_hp_loss":0.0,"gold_gain":0.0,"event_name":"Shining Light","player_choice":"Entered Light","floor":4.0,"gold_loss":0.0,"damage_taken":13.0,"cards_upgraded":["ThirdEye","Perseverance"]},{"damage_healed":0.0,"max_hp_gain":0.0,"max_hp_loss":0.0,"gold_gain":0.0,"event_name":"Big Fish","player_choice":"Box","floor":5.0,"gold_loss":0.0,"damage_taken":0.0,"relics_obtained":["Juzu Bracelet"],"cards_obtained":["Regret"]},{"damage_healed":0.0,"max_hp_gain":0.0,"max_hp_loss":0.0,"gold_gain":0.0,"event_name":"Accursed Blacksmith","player_choice":"Rummage","floor":8.0,"gold_loss":0.0,"damage_taken":0.0,"relics_obtained":["WarpedTongs"],"cards_obtained":["Pain"]},{"cards_removed":["Pain"],"damage_healed":0.0,"max_hp_gain":0.0,"max_hp_loss":0.0,"gold_gain":0.0,"event_name":"Living Wall","player_choice":"Forget","floor":11.0,"gold_loss":0.0,"damage_taken":0.0},{"damage_healed":0.0,"max_hp_gain":0.0,"max_hp_loss":0.0,"gold_gain":0.0,"event_name":"Golden Wing","player_choice":"Ignored","floor":13.0,"gold_loss":0.0,"damage_taken":0.0},{"damage_healed":0.0,"max_hp_gain":0.0,"max_hp_loss":0.0,"gold_gain":0.0,"event_name":"Dead Adventurer","player_choice":"Searched \u00272\u0027 times","floor":14.0,"gold_loss":0.0,"damage_taken":0.0,"relics_obtained":["War Paint"]},{"damage_healed":0.0,"max_hp_gain":5.0,"max_hp_loss":0.0,"gold_gain":0.0,"event_name":"Forgotten Altar","player_choice":"Shed Blood","floor":20.0,"gold_loss":0.0,"damage_taken":16.0},{"damage_healed":0.0,"max_hp_gain":0.0,"max_hp_loss":0.0,"gold_gain":0.0,"event_name":"Cursed Tome","player_choice":"Obtained Book","floor":21.0,"gold_loss":0.0,"damage_taken":16.0},{"damage_healed":23.0,"max_hp_gain":0.0,"max_hp_loss":0.0,"gold_gain":0.0,"event_name":"The Library","player_choice":"Heal","floor":22.0,"gold_loss":0.0,"damage_taken":0.0},{"damage_healed":0.0,"max_hp_gain":0.0,"max_hp_loss":0.0,"gold_gain":0.0,"event_name":"Masked Bandits","player_choice":"Fought Bandits","floor":28.0,"gold_loss":0.0,"damage_taken":0.0},{"damage_healed":0.0,"max_hp_gain":0.0,"max_hp_loss":0.0,"gold_gain":0.0,"event_name":"Ghosts","player_choice":"Ignored","floor":30.0,"gold_loss":0.0,"damage_taken":0.0},{"cards_removed":["Establishment"],"damage_healed":0.0,"max_hp_gain":0.0,"max_hp_loss":0.0,"gold_gain":0.0,"event_name":"Falling","player_choice":"Removed Power","floor":37.0,"gold_loss":0.0,"damage_taken":0.0},{"damage_healed":0,"gold_gain":0,"player_choice":"Fight","damage_taken":0,"max_hp_gain":0,"max_hp_loss":0,"event_name":"MindBloom","floor":39,"gold_loss":0},{"damage_healed":0,"gold_gain":222,"player_choice":"Wore Mask","damage_taken":0,"max_hp_gain":0,"max_hp_loss":0,"event_name":"Tomb of Lord Red Mask","floor":46,"gold_loss":0}],"is_beta":true,"boss_relics":[{"not_picked":["Coffee Dripper","Ectoplasm"],"picked":"Black Star"},{"not_picked":["Runic Dome","VioletLotus"],"picked":"Fusion Hammer"}],"items_purged_floors":[7],"is_endless":false,"potions_floor_spawned":[1,2,14,19,24,25,33,35,38,40,48],"killed_by":"The Heart","ascension_level":0}