{"gold_per_floor":[113,38,50,70,81,81,113,113,113,113,123,148,148,183,183,257,257,269,284,294,294],"floor_reached":21,"playtime":1101,"items_purged":[],"score":452,"play_id":"76a3a0e6-23c0-48c6-8ed0-c00afb5a4568","local_time":"20191011200348","is_ascension_mode":true,"campfire_choices":[{"data":"Consume","floor":6.0,"key":"SMITH"},{"data":"Glacier","floor":8.0,"key":"SMITH"},{"data":"Fusion","floor":10.0,"key":"SMITH"},{"data":"Blizzard","floor":13.0,"key":"SMITH"},{"data":"1","floor":15.0,"key":"LIFT"}],"neow_cost":"CURSE","seed_source_timestamp":1115985526042199,"circlet_count":0,"master_deck":["AscendersBane","Defend_B","Defend_B","Defend_B","Zap","Dualcast","Fusion+1","Gash","BootSequence","Gash","Consume+1","Auto Shields","Glacier+1","Blizzard+1","Gash","Leap+1","Echo Form","Rainbow+1","Coolheaded+1","Go for the Eyes+1","Capacitor","Cold Snap","White Noise+1"],"special_seed":0,"relics":["Cracked Core","Vajra","Centennial Puzzle","Toxic Egg 2","Girya","Astrolabe"],"potions_floor_usage":[],"damage_taken":[{"damage":14.0,"enemies":"Jaw Worm","floor":1.0,"turns":6.0},{"damage":6.0,"enemies":"Cultist","floor":3.0,"turns":4.0},{"damage":1.0,"enemies":"2 Louse","floor":4.0,"turns":3.0},{"damage":3.0,"enemies":"2 Fungi Beasts","floor":5.0,"turns":5.0},{"damage":0.0,"enemies":"Gremlin Nob","floor":7.0,"turns":3.0},{"damage":0.0,"enemies":"Large Slime","floor":11.0,"turns":5.0},{"damage":3.0,"enemies":"Lagavulin","floor":12.0,"turns":9.0},{"damage":15.0,"enemies":"3 Sentries","floor":14.0,"turns":8.0},{"damage":10.0,"enemies":"Hexaghost","floor":16.0,"turns":12.0},{"damage":14.0,"enemies":"Shell Parasite","floor":18.0,"turns":5.0},{"damage":11.0,"enemies":"Chosen","floor":19.0,"turns":6.0},{"damage":11.0,"enemies":"Snake Plant","floor":20.0,"turns":8.0},{"damage":20,"enemies":"3 Cultists","floor":21,"turns":4}],"seed_played":"-1381022915028978620","potions_obtained":[{"floor":3.0,"key":"AttackPotion"},{"floor":5.0,"key":"SteroidPotion"},{"floor":14.0,"key":"Dexterity Potion"},{"floor":16.0,"key":"PowerPotion"},{"floor":19.0,"key":"Ancient Potion"}],"is_trial":false,"path_per_floor":["M","?","M","M","M","R","E","R","T","R","M","E","R","E","R","B",null,"M","M","M","M"],"character_chosen":"DEFECT","items_purchased":[],"campfire_rested":0,"item_purchase_floors":[],"current_hp_per_floor":[50,50,44,43,40,40,40,40,40,40,40,37,37,22,22,12,56,42,31,20,0],"gold":294,"neow_bonus":"TRANSFORM_TWO_CARDS","is_prod":false,"is_daily":false,"chose_seed":false,"campfire_upgraded":4,"win_rate":0,"timestamp":1570817028,"path_taken":["M","?","M","M","M","R","E","R","T","R","M","E","R","E","R","BOSS","M","M","M","M"],"build_version":"2019-07-17","purchased_purges":0,"victory":false,"max_hp_per_floor":[71,71,71,71,71,71,71,71,71,71,71,71,71,71,71,71,71,71,71,71,71],"card_choices":[{"not_picked":["Turbo","Redo"],"picked":"BootSequence","floor":1.0},{"not_picked":["Steam","Conserve Battery"],"picked":"Gash","floor":3.0},{"not_picked":["Reprogram","Ball Lightning"],"picked":"Consume","floor":4.0},{"not_picked":["Streamline","Stack"],"picked":"Auto Shields","floor":5.0},{"not_picked":["Chill","Static Discharge"],"picked":"Glacier","floor":7.0},{"not_picked":["Meteor Strike","Stack"],"picked":"Blizzard","floor":11.0},{"not_picked":["Hello World","Static Discharge"],"picked":"Gash","floor":12.0},{"not_picked":["Darkness+1","Steam Power+1"],"picked":"Leap+1","floor":14.0},{"not_picked":["Meteor Strike","Core Surge"],"picked":"Echo Form","floor":16.0},{"not_picked":["Coolheaded+1","Streamline"],"picked":"Capacitor","floor":18.0},{"not_picked":["Darkness+1","Rip and Tear"],"picked":"Cold Snap","floor":19.0},{"not_picked":["Cold Snap","Conserve Battery+1"],"picked":"White Noise+1","floor":20.0}],"player_experience":460876,"relics_obtained":[{"floor":7.0,"key":"Vajra"},{"floor":9.0,"key":"Centennial Puzzle"},{"floor":12.0,"key":"Toxic Egg 2"},{"floor":14.0,"key":"Girya"}],"event_choices":[{"cards_removed":["Injury"],"damage_healed":0.0,"max_hp_gain":0.0,"max_hp_loss":0.0,"gold_gain":0.0,"event_name":"The Cleric","player_choice":"Card Removal","floor":2.0,"gold_loss":75.0,"damage_taken":0.0}],"is_beta":false,"boss_relics":[{"not_picked":["Runic Pyramid","White Beast Statue"],"picked":"Astrolabe"}],"items_purged_floors":[],"is_endless":false,"potions_floor_spawned":[3,5,14,16,19],"killed_by":"3 Cultists","ascension_level":20}