{"gold_per_floor":[114,130,147,167,184,214,65,77,77,96,126,126],"floor_reached":12,"playtime":516,"items_purged":["Writhe"],"score":94,"play_id":"4876bd5e-53f9-4f16-8510-39a928d4bc4b","local_time":"20190908180036","is_ascension_mode":false,"campfire_choices":[],"neow_cost":"CURSE","seed_source_timestamp":764853581407500,"circlet_count":0,"master_deck":["Strike_R","Strike_R","Strike_R","Strike_R","Strike_R","Defend_R","Defend_R","Defend_R","Defend_R","Bash","Searing Blow","Headbutt","Bloodletting","Spot Weakness","Warcry","Flame Barrier"],"relics":["Burning Blood","Mango","Dream Catcher","Blue Candle"],"potions_floor_usage":[6,6,6,10,10],"damage_taken":[{"damage":6,"enemies":"Cultist","floor":1,"turns":3},{"damage":11,"enemies":"Jaw Worm","floor":2,"turns":2},{"damage":12,"enemies":"Small Slimes","floor":3,"turns":3},{"damage":18,"enemies":"2 Fungi Beasts","floor":4,"turns":3},{"damage":10,"enemies":"Exordium Thugs","floor":5,"turns":4},{"damage":11,"enemies":"Gremlin Nob","floor":6,"turns":5},{"damage":15,"enemies":"Looter","floor":8,"turns":3},{"damage":9,"enemies":"3 Louse","floor":10,"turns":3},{"damage":48,"enemies":"Lagavulin","floor":11,"turns":6},{"damage":9,"enemies":"Exordium Thugs","floor":12,"turns":2}],"seed_played":"-5987026056028456254","potions_obtained":[{"floor":2,"key":"EssenceOfSteel"},{"floor":4,"key":"Weak Potion"},{"floor":5,"key":"Block Potion"},{"floor":6,"key":"SpeedPotion"},{"floor":8,"key":"LiquidBronze"}],"is_trial":false,"path_per_floor":["M","M","M","M","M","E","$","M","T","M","E","M"],"character_chosen":"IRONCLAD","items_purchased":["Spot Weakness"],"campfire_rested":0,"item_purchase_floors":[7],"current_hp_per_floor":[94,89,83,71,67,62,62,53,53,50,8,0],"gold":126,"neow_bonus":"ONE_RARE_RELIC","is_prod":false,"is_daily":false,"chose_seed":false,"campfire_upgraded":0,"win_rate":0,"timestamp":1567958436,"path_taken":["M","M","?","M","?","E","?","M","T","M","E","M"],"build_version":"2019-07-17","purchased_purges":1,"victory":false,"max_hp_per_floor":[94,94,94,94,94,94,94,94,94,94,94,94],"card_choices":[{"not_picked":["Uppercut","Inflame"],"picked":"Searing Blow","floor":1},{"not_picked":["Flame Barrier","Sword Boomerang"],"picked":"Headbutt","floor":2},{"not_picked":["Second Wind","Hemokinesis","Body Slam"],"picked":"SKIP","floor":3},{"not_picked":["Hemokinesis","Body Slam","Perfected Strike"],"picked":"SKIP","floor":4},{"not_picked":["Hemokinesis","Feel No Pain","Thunderclap"],"picked":"SKIP","floor":5},{"not_picked":["Ghostly Armor","Burning Pact"],"picked":"Bloodletting","floor":6},{"not_picked":["Second Wind","Wild Strike"],"picked":"Warcry","floor":8},{"not_picked":["Perfected Strike","Twin Strike","Bloodletting"],"picked":"SKIP","floor":10},{"not_picked":["Pommel Strike","Intimidate"],"picked":"Flame Barrier","floor":11}],"player_experience":232418,"relics_obtained":[{"floor":6,"key":"Dream Catcher"},{"floor":11,"key":"Blue Candle"}],"event_choices":[],"is_beta":false,"boss_relics":[],"items_purged_floors":[7],"is_endless":false,"potions_floor_spawned":[2,4,5,6,8],"killed_by":"Exordium Thugs","ascension_level":0}