{"gold_per_floor":[361,361,375,146,167,167,206,206,206,244,262,280,301,20,20,149,149,89,103,121,81,81],"floor_reached":22,"playtime":1565,"items_purged":["Doubt"],"score":235,"play_id":"0aeb3338-c8d8-4a43-8510-0e9d0be3e823","local_time":"20190915113757","is_ascension_mode":true,"campfire_choices":[{"floor":6,"key":"REST"},{"floor":15,"key":"REST"}],"neow_cost":"CURSE","seed_source_timestamp":2910756207356800,"circlet_count":0,"master_deck":["Strike_B","Strike_B","Strike_B","Strike_B","Defend_B","Defend_B","Defend_B","Defend_B","Zap","Dualcast","Aggregate","Auto Shields","Creative AI","Undo","Turbo","Aggregate","Steam","Buffer","Conserve Battery","Echo Form","Ball Lightning","Conserve Battery","Gash+1"],"relics":["Cracked Core","Golden Idol","Matryoshka","Pantograph","Pear","Bag of Marbles","Membership Card","Oddly Smooth Stone","Eternal Feather"],"potions_floor_usage":[7,11,11,22,22,22,22],"damage_taken":[{"damage":7,"enemies":"Small Slimes","floor":1,"turns":3},{"damage":7,"enemies":"Jaw Worm","floor":3,"turns":3},{"damage":15,"enemies":"Cultist","floor":5,"turns":5},{"damage":19,"enemies":"3 Sentries","floor":7,"turns":7},{"damage":17,"enemies":"Lagavulin","floor":10,"turns":8},{"damage":9,"enemies":"Lots of Slimes","floor":11,"turns":4},{"damage":18,"enemies":"Large Slime","floor":12,"turns":11},{"damage":7,"enemies":"Red Slaver","floor":13,"turns":6},{"damage":28,"enemies":"Hexaghost","floor":16,"turns":11},{"damage":1,"enemies":"2 Thieves","floor":18,"turns":4},{"damage":42,"enemies":"3 Byrds","floor":19,"turns":7},{"damage":19,"enemies":"Cultist and Chosen","floor":20,"turns":10},{"damage":23,"enemies":"Snake Plant","floor":22,"turns":2}],"seed_played":"4420432309565547174","potions_obtained":[{"floor":1,"key":"PowerPotion"},{"floor":3,"key":"Ancient Potion"},{"floor":7,"key":"Strength Potion"},{"floor":8,"key":"FairyPotion"},{"floor":8,"key":"AttackPotion"},{"floor":21,"key":"GamblersBrew"},{"floor":21,"key":"AttackPotion"},{"floor":21,"key":"EntropicBrew"}],"is_trial":false,"path_per_floor":["M","?","M","$","M","R","E","?","T","E","M","M","M","$","R","B",null,"M","M","M","?","M"],"character_chosen":"DEFECT","items_purchased":["Creative AI","Membership Card","Oddly Smooth Stone"],"campfire_rested":2,"item_purchase_floors":[4,14,14],"current_hp_per_floor":[68,50,43,43,28,50,31,31,41,24,15,8,1,1,26,23,85,84,42,23,23,0],"gold":81,"neow_bonus":"TWO_FIFTY_GOLD","is_prod":false,"is_daily":false,"chose_seed":false,"campfire_upgraded":0,"win_rate":0,"timestamp":1568540277,"path_taken":["M","?","M","$","M","R","E","?","T","E","M","?","M","$","R","BOSS","M","M","?","?","?"],"build_version":"2019-07-17","purchased_purges":1,"victory":false,"max_hp_per_floor":[75,75,75,75,75,75,75,75,85,85,85,85,85,85,85,85,85,85,85,85,85,85],"card_choices":[{"not_picked":["Steam Power","Beam Cell"],"picked":"Aggregate","floor":1},{"not_picked":["Go for the Eyes","Rebound"],"picked":"Auto Shields","floor":3},{"not_picked":["Coolheaded","Rip and Tear"],"picked":"Undo","floor":5},{"not_picked":["Hyperbeam","Compile Driver"],"picked":"Turbo","floor":7},{"not_picked":["Heatsinks","Sweeping Beam"],"picked":"Aggregate","floor":10},{"not_picked":["Streamline","Beam Cell"],"picked":"Steam","floor":11},{"not_picked":["Beam Cell","Leap"],"picked":"Buffer","floor":12},{"not_picked":["Turbo","Stack"],"picked":"Conserve Battery","floor":13},{"not_picked":["Fission","Creative AI"],"picked":"Echo Form","floor":16},{"not_picked":["Go for the Eyes","Turbo+1"],"picked":"Ball Lightning","floor":18},{"not_picked":["Coolheaded","Sweeping Beam+1"],"picked":"Conserve Battery","floor":19},{"not_picked":["Rebound","Skim"],"picked":"Gash+1","floor":20}],"player_experience":207522,"relics_obtained":[{"floor":7,"key":"Matryoshka"},{"floor":9,"key":"Pantograph"},{"floor":9,"key":"Pear"},{"floor":10,"key":"Bag of Marbles"}],"event_choices":[{"damage_healed":0,"gold_gain":0,"player_choice":"Take Damage","damage_taken":18,"relics_obtained":["Golden Idol"],"max_hp_gain":0,"max_hp_loss":0,"event_name":"Golden Idol","floor":2,"gold_loss":0},{"damage_healed":0,"gold_gain":0,"player_choice":"Got Potions","damage_taken":0,"max_hp_gain":0,"max_hp_loss":0,"event_name":"Lab","floor":8,"gold_loss":0},{"damage_healed":0,"gold_gain":0,"player_choice":"Bought 3 Potions","damage_taken":0,"max_hp_gain":0,"max_hp_loss":0,"event_name":"The Woman in Blue","floor":21,"gold_loss":0}],"is_beta":false,"boss_relics":[{"not_picked":["Tiny House","Snecko Eye"],"picked":"Eternal Feather"}],"items_purged_floors":[4],"is_endless":false,"potions_floor_spawned":[1,3,7,10],"killed_by":"Snake Plant","ascension_level":4}