{"gold_per_floor":[116,136,155,173,186,219,238,265,265,279,249,3,28,48,48,149,149,167,167,180,199,124,157,157,191,191,221,221,235,250,9,9,114,114,133,153,168,187,232,232,262,275,299,317,328,328,363,383,383,383,383,383,7,33,33],"floor_reached":55,"playtime":3341,"items_purged":[],"score":867,"play_id":"05f0947c-53bf-44c7-a7ec-d8daf428cf4a","local_time":"20190729145823","is_ascension_mode":false,"campfire_choices":[{"floor":15,"key":"RECALL"},{"floor":24,"key":"REST"},{"data":"Armaments","floor":28,"key":"SMITH"},{"data":"Immolate","floor":32,"key":"SMITH"},{"data":"Rage","floor":40,"key":"SMITH"},{"floor":46,"key":"REST"},{"data":"Power Through","floor":49,"key":"SMITH"},{"data":"Power Through","floor":52,"key":"SMITH"}],"neow_cost":"PERCENT_DAMAGE","seed_source_timestamp":4229339912004,"circlet_count":0,"master_deck":["Strike_R","Strike_R","Strike_R","Strike_R","Defend_R","Defend_R","Defend_R","Defend_R","Bash","Anger","Immolate+1","Clash","Power Through+1","Shockwave","Sever Soul","Armaments+1","Warcry","Reaper","Shrug It Off","Flex","Headbutt","Ghostly Armor","Dark Embrace","Anger+1","Feel No Pain","Fire Breathing","Intimidate","Rage+1","Pain","Thunderclap+1","Armaments+1","Wild Strike","Evolve","Fiend Fire","Power Through+1","Anger+1","Wild Strike+1","Combust+1","Reckless Charge","Dropkick+1","Anger+1","Clash+1","Flex","Combust+1","Headbutt+1","Evolve","Entrench","PanicButton","Warcry+1"],"relics":["Burning Blood","Champion Belt","Bottled Flame","Ice Cream","PreservedInsect","Anchor","Gremlin Horn","Cursed Key","Vajra","Self Forming Clay","Mercury Hourglass","Omamori","Blood Vial","Lizard Tail","Torii","Dream Catcher","Darkstone Periapt","Kunai","Bronze Scales"],"potions_floor_usage":[6,8,11,13,16,16,16,21,27,33,33,45,47,50,50,50,55],"damage_taken":[{"damage":1,"enemies":"Cultist","floor":1,"turns":3},{"damage":0,"enemies":"Small Slimes","floor":2,"turns":3},{"damage":8,"enemies":"Jaw Worm","floor":3,"turns":2},{"damage":4,"enemies":"Blue Slaver","floor":4,"turns":2},{"damage":0,"enemies":"Large Slime","floor":5,"turns":3},{"damage":22,"enemies":"3 Sentries","floor":6,"turns":6},{"damage":14,"enemies":"Red Slaver","floor":7,"turns":3},{"damage":8,"enemies":"Lagavulin","floor":8,"turns":5},{"damage":0,"enemies":"Gremlin Gang","floor":10,"turns":1},{"damage":0,"enemies":"Gremlin Nob","floor":13,"turns":3},{"damage":5,"enemies":"Large Slime","floor":14,"turns":3},{"damage":46,"enemies":"Slime Boss","floor":16,"turns":12},{"damage":18,"enemies":"3 Byrds","floor":18,"turns":3},{"damage":21,"enemies":"Spheric Guardian","floor":20,"turns":6},{"damage":0,"enemies":"Centurion and Healer","floor":21,"turns":3},{"damage":15,"enemies":"Book of Stabbing","floor":23,"turns":6},{"damage":10,"enemies":"Gremlin Leader","floor":25,"turns":4},{"damage":3,"enemies":"Slavers","floor":27,"turns":2},{"damage":5,"enemies":"Sentry and Sphere","floor":29,"turns":4},{"damage":8,"enemies":"Snake Plant","floor":30,"turns":3},{"damage":77,"enemies":"Collector","floor":33,"turns":8},{"damage":1,"enemies":"Orb Walker","floor":35,"turns":2},{"damage":0,"enemies":"3 Darklings","floor":36,"turns":3},{"damage":3,"enemies":"4 Shapes","floor":37,"turns":2},{"damage":29,"enemies":"Writhing Mass","floor":38,"turns":8},{"damage":21,"enemies":"2 Orb Walkers","floor":39,"turns":3},{"damage":5,"enemies":"Reptomancer","floor":41,"turns":5},{"damage":0,"enemies":"Jaw Worm Horde","floor":42,"turns":1},{"damage":27,"enemies":"Spire Growth","floor":44,"turns":4},{"damage":25,"enemies":"Maw","floor":45,"turns":7},{"damage":3,"enemies":"Nemesis","floor":47,"turns":3},{"damage":0,"enemies":"4 Shapes","floor":48,"turns":1},{"damage":96,"enemies":"Donu and Deca","floor":50,"turns":10},{"damage":28,"enemies":"Shield and Spear","floor":54,"turns":5},{"damage":70,"enemies":"The Heart","floor":55,"turns":5}],"seed_played":"-7610541097256306106","potions_obtained":[{"floor":1,"key":"AttackPotion"},{"floor":5,"key":"FearPotion"},{"floor":6,"key":"Dexterity Potion"},{"floor":11,"key":"SteroidPotion"},{"floor":11,"key":"Fruit Juice"},{"floor":13,"key":"FearPotion"},{"floor":14,"key":"Dexterity Potion"},{"floor":18,"key":"FearPotion"},{"floor":20,"key":"Fire Potion"},{"floor":27,"key":"Dexterity Potion"},{"floor":30,"key":"SteroidPotion"},{"floor":41,"key":"Regen Potion"},{"floor":42,"key":"Fire Potion"},{"floor":44,"key":"Strength Potion"},{"floor":45,"key":"GamblersBrew"},{"floor":48,"key":"SteroidPotion"},{"floor":54,"key":"SkillPotion"}],"is_trial":false,"path_per_floor":["M","M","M","M","M","E","M","E","T","M","?","$","E","M","R","B",null,"M","?","M","M","?","E","R","E","T","E","R","M","M","$","R","B",null,"M","M","M","M","?","R","E","M","T","M","M","R","E","M","R","B",null,"R","$","E","B"],"character_chosen":"IRONCLAD","items_purchased":["Anchor","Shrug It Off","Flex","Evolve","Blood Vial","PowerPotion","Kunai","Entrench","PanicButton"],"campfire_rested":2,"item_purchase_floors":[12,12,12,31,31,31,53,53,53],"current_hp_per_floor":[61,67,65,67,73,57,49,47,47,53,58,58,64,65,65,31,85,73,73,58,64,64,61,85,81,81,84,84,85,83,83,83,21,85,85,85,85,62,61,61,69,77,77,58,55,80,85,85,85,43,85,85,85,63,0],"gold":33,"neow_bonus":"ONE_RARE_RELIC","is_prod":false,"is_daily":false,"chose_seed":false,"campfire_upgraded":5,"win_rate":0,"timestamp":1564405103,"path_taken":["M","M","?","M","M","E","M","E","T","M","?","?","E","?","R","BOSS","M","?","M","M","?","E","R","E","T","E","R","M","M","?","R","BOSS","M","M","M","M","?","R","E","M","T","M","M","R","E","M","R","BOSS","R","$","E","BOSS"],"build_version":"2019-07-17","purchased_purges":0,"victory":false,"max_hp_per_floor":[80,80,80,80,80,80,80,80,80,80,85,85,85,85,85,85,85,85,85,85,85,85,85,85,85,85,85,85,85,85,85,85,85,85,85,85,85,85,85,85,85,85,85,85,85,85,85,85,85,85,85,85,85,85,85],"card_choices":[{"not_picked":["Sentinel","Heavy Blade"],"picked":"Anger","floor":1},{"not_picked":["Heavy Blade","Flex"],"picked":"Immolate","floor":2},{"not_picked":["Searing Blow","Twin Strike"],"picked":"Clash","floor":3},{"not_picked":["Clash","Anger"],"picked":"Power Through","floor":4},{"not_picked":["Searing Blow","Carnage"],"picked":"Shockwave","floor":5},{"not_picked":["Bloodletting","Brutality"],"picked":"Sever Soul","floor":6},{"not_picked":["Perfected Strike","Corruption"],"picked":"Armaments","floor":7},{"not_picked":["Cleave","Carnage"],"picked":"Warcry","floor":8},{"not_picked":["Perfected Strike","Corruption"],"picked":"Reaper","floor":10},{"not_picked":["Thunderclap","Disarm"],"picked":"Headbutt","floor":13},{"not_picked":["Clothesline","Iron Wave"],"picked":"Ghostly Armor","floor":14},{"not_picked":["Impervious","Brutality"],"picked":"Dark Embrace","floor":16},{"not_picked":["Armaments","Warcry+1"],"picked":"Anger+1","floor":18},{"not_picked":["Armaments","Sword Boomerang"],"picked":"Fire Breathing","floor":20},{"not_picked":["Clothesline+1","Reckless Charge+1"],"picked":"Intimidate","floor":21},{"not_picked":["Twin Strike","Dark Embrace","Clothesline"],"picked":"SKIP","floor":23},{"not_picked":["Heavy Blade","Brutality"],"picked":"Rage","floor":25},{"not_picked":["Limit Break","Disarm"],"picked":"Thunderclap+1","floor":27},{"not_picked":["Searing Blow","Metallicize"],"picked":"Armaments+1","floor":29},{"not_picked":["Perfected Strike","Reaper"],"picked":"Wild Strike","floor":30},{"not_picked":["Berserk","Dark Embrace"],"picked":"Fiend Fire","floor":33},{"not_picked":["Clash+1","Blood for Blood"],"picked":"Power Through","floor":35},{"not_picked":["Clothesline","Rage"],"picked":"Anger+1","floor":36},{"not_picked":["Twin Strike+1","Feed"],"picked":"Wild Strike+1","floor":37},{"not_picked":["Warcry+1","Iron Wave+1"],"picked":"Combust+1","floor":38},{"not_picked":["Sword Boomerang","Carnage+1"],"picked":"Reckless Charge","floor":39},{"not_picked":["Bludgeon","Corruption"],"picked":"Dropkick+1","floor":41},{"not_picked":["Clothesline","Disarm"],"picked":"Anger+1","floor":42},{"not_picked":["Cleave","Shrug It Off+1"],"picked":"Clash+1","floor":44},{"not_picked":["Perfected Strike","Sword Boomerang"],"picked":"Flex","floor":45},{"not_picked":["Warcry","Thunderclap+1"],"picked":"Combust+1","floor":46},{"not_picked":["Iron Wave","Reckless Charge"],"picked":"Headbutt+1","floor":47},{"not_picked":["Anger","Pommel Strike"],"picked":"Evolve","floor":48},{"not_picked":["Sword Boomerang","Offering"],"picked":"Warcry+1","floor":54}],"player_experience":139780,"relics_obtained":[{"floor":6,"key":"Bottled Flame"},{"floor":8,"key":"Ice Cream"},{"floor":9,"key":"PreservedInsect"},{"floor":13,"key":"Gremlin Horn"},{"floor":23,"key":"Vajra"},{"floor":25,"key":"Self Forming Clay"},{"floor":26,"key":"Mercury Hourglass"},{"floor":27,"key":"Omamori"},{"floor":39,"key":"Torii"},{"floor":41,"key":"Dream Catcher"},{"floor":47,"key":"Darkstone Periapt"},{"floor":54,"key":"Bronze Scales"}],"event_choices":[{"damage_healed":0,"gold_gain":0,"player_choice":"Bought 2 Potions","damage_taken":0,"max_hp_gain":0,"max_hp_loss":0,"event_name":"The Woman in Blue","floor":11,"gold_loss":0},{"damage_healed":0,"gold_gain":0,"player_choice":"Read","damage_taken":0,"max_hp_gain":0,"max_hp_loss":0,"event_name":"The Library","floor":19,"gold_loss":0,"cards_obtained":["Feel No Pain"]},{"cards_removed":["Strike_R"],"damage_healed":0,"gold_gain":0,"player_choice":"Gave Gold","damage_taken":0,"max_hp_gain":0,"max_hp_loss":0,"event_name":"Beggar","floor":22,"gold_loss":75},{"damage_healed":0,"gold_gain":0,"player_choice":"Fight","damage_taken":0,"max_hp_gain":0,"max_hp_loss":0,"event_name":"Mysterious Sphere","floor":39,"gold_loss":0}],"is_beta":false,"boss_relics":[{"not_picked":["Ectoplasm","Tiny House"],"picked":"Cursed Key"},{"not_picked":["Empty Cage","White Beast Statue"],"picked":"Lizard Tail"}],"items_purged_floors":[],"is_endless":false,"potions_floor_spawned":[1,5,6,13,14,18,20,27,30,41,42,44,45,48,54],"killed_by":"The Heart","ascension_level":0}