{"gold_per_floor":[113,77,57,69,144,177,189,189,189,222,43,53,53,71,71,174,174,174,174,174,174,174,174,174],"floor_reached":24,"playtime":2456,"items_purged":["Strike_G"],"score":247,"play_id":"d74e8de2-7690-4206-bc10-f471315b90ac","local_time":"20191007155320","is_ascension_mode":true,"campfire_choices":[{"floor":15,"key":"REST"},{"data":"Accuracy","floor":23,"key":"SMITH"}],"neow_cost":"NONE","seed_source_timestamp":301660632521000,"circlet_count":0,"master_deck":["Strike_G","Strike_G+1","Strike_G","Strike_G","Defend_G","Defend_G","Defend_G","Defend_G","Defend_G","Survivor","Neutralize","Bouncing Flask","Well Laid Plans","Flying Knee+1","Dodge and Roll","Footwork","Cloak And Dagger","Infinite Blades","Accuracy+1","Cloak And Dagger","A Thousand Cuts","Leg Sweep+1","Poisoned Stab+1","Blade Dance+1"],"special_seed":0,"relics":["Ring of the Snake","Incense Burner","Ninja Scroll","Prayer Wheel","Ectoplasm","Nloth\u0027s Gift"],"potions_floor_usage":[10,10,24,24],"damage_taken":[{"damage":0.0,"enemies":"Cultist","floor":1.0,"turns":1.0},{"damage":0.0,"enemies":"2 Louse","floor":4.0,"turns":1.0},{"damage":10,"enemies":"3 Sentries","floor":6,"turns":2},{"damage":4,"enemies":"Small Slimes","floor":7,"turns":3},{"damage":2,"enemies":"Lagavulin","floor":10,"turns":6},{"damage":0,"enemies":"Blue Slaver","floor":12,"turns":3},{"damage":16,"enemies":"3 Louse","floor":14,"turns":3},{"damage":3,"enemies":"Hexaghost","floor":16,"turns":10},{"damage":19,"enemies":"Chosen","floor":18,"turns":6},{"damage":5,"enemies":"Spheric Guardian","floor":20,"turns":6},{"damage":9,"enemies":"Cultist and Chosen","floor":21,"turns":7},{"damage":37,"enemies":"Slavers","floor":24,"turns":3}],"seed_played":"-3705897152635447936","potions_obtained":[{"floor":1.0,"key":"Ancient Potion"},{"floor":3.0,"key":"EssenceOfSteel"},{"floor":7,"key":"LiquidBronze"},{"floor":12,"key":"LiquidBronze"},{"floor":21,"key":"PowerPotion"}],"is_trial":false,"path_per_floor":["M","$","?","M","?","E","M","?","T","E","$","M","$","M","R","B",null,"M","?","M","M","?","R","E"],"character_chosen":"THE_SILENT","items_purchased":["Well Laid Plans","Cloak And Dagger","Infinite Blades"],"campfire_rested":1,"item_purchase_floors":[2,11,11],"current_hp_per_floor":[70,70,70,70,59,49,45,31,31,29,29,29,29,13,34,31,70,51,51,46,37,37,37,0],"gold":174,"neow_bonus":"THREE_ENEMY_KILL","is_prod":false,"is_daily":false,"chose_seed":false,"campfire_upgraded":1,"win_rate":0,"timestamp":1570481600,"path_taken":["M","$","?","?","?","E","M","?","T","E","?","M","?","M","R","BOSS","M","?","M","M","?","R","E"],"build_version":"2019-07-17","purchased_purges":1,"victory":false,"max_hp_per_floor":[70,70,70,70,70,70,70,70,70,70,70,70,70,70,70,70,70,70,70,70,70,70,70,70],"card_choices":[{"not_picked":["Escape Plan","Sucker Punch"],"picked":"Bouncing Flask","floor":1.0},{"not_picked":["Dagger Throw","Expertise"],"picked":"Flying Knee","floor":4},{"not_picked":["Flying Knee","Sucker Punch"],"picked":"Dodge and Roll","floor":6},{"not_picked":["Dodge and Roll","Night Terror","Slice"],"picked":"SKIP","floor":7},{"not_picked":["Finisher","Bane"],"picked":"Footwork","floor":10},{"not_picked":["Predator","Blade Dance"],"picked":"Accuracy","floor":12},{"not_picked":["Dagger Spray","Sucker Punch","Deadly Poison"],"picked":"SKIP","floor":12},{"not_picked":["Slice","Backstab"],"picked":"Cloak And Dagger","floor":14},{"not_picked":["Dagger Throw","Eviscerate","Sucker Punch"],"picked":"SKIP","floor":14},{"not_picked":["Unload","Wraith Form v2"],"picked":"A Thousand Cuts","floor":16},{"not_picked":["PiercingWail+1","Deadly Poison"],"picked":"Leg Sweep+1","floor":18},{"not_picked":["Flying Knee","Dagger Spray","Dodge and Roll"],"picked":"SKIP","floor":18},{"not_picked":["Escape Plan","Acrobatics"],"picked":"Poisoned Stab+1","floor":20},{"not_picked":["Choke","Cloak And Dagger","Poisoned Stab"],"picked":"SKIP","floor":20},{"not_picked":["Sucker Punch","Doppelganger"],"picked":"Blade Dance+1","floor":21},{"not_picked":["Flying Knee","Catalyst","Blade Dance+1"],"picked":"SKIP","floor":21}],"player_experience":208965,"relics_obtained":[{"floor":6,"key":"Incense Burner"},{"floor":9,"key":"Ninja Scroll"},{"floor":10,"key":"Prayer Wheel"}],"event_choices":[{"damage_healed":0.0,"max_hp_gain":0.0,"max_hp_loss":0.0,"gold_gain":0.0,"event_name":"The Woman in Blue","player_choice":"Bought 1 Potion","floor":3.0,"gold_loss":0.0,"damage_taken":0.0},{"damage_healed":0,"gold_gain":75,"player_choice":"Gather Gold","damage_taken":11,"max_hp_gain":0,"max_hp_loss":0,"event_name":"World of Goop","floor":5,"gold_loss":0},{"damage_healed":0,"gold_gain":0,"player_choice":"Entered Light","damage_taken":14,"max_hp_gain":0,"max_hp_loss":0,"event_name":"Shining Light","floor":8,"gold_loss":0,"cards_upgraded":["Flying Knee","Strike_G"]},{"damage_healed":0,"gold_gain":0,"player_choice":"Ignored","damage_taken":0,"max_hp_gain":0,"max_hp_loss":0,"event_name":"Ghosts","floor":19,"gold_loss":0},{"damage_healed":0,"gold_gain":0,"player_choice":"Traded Relic","damage_taken":0,"relics_obtained":["Nloth\u0027s Gift"],"max_hp_gain":0,"max_hp_loss":0,"event_name":"N\u0027loth","floor":22,"relics_lost":["NeowsBlessing"],"gold_loss":0}],"is_beta":false,"boss_relics":[{"not_picked":["HoveringKite","Velvet Choker"],"picked":"Ectoplasm"}],"items_purged_floors":[11],"is_endless":false,"potions_floor_spawned":[1,7,12,21],"killed_by":"Slavers","ascension_level":4}