{"gold_per_floor":[114,114,129,149,161,195,195,223,223,223,250,265,265,280,280,382,382,396,410,427,441,455,455],"floor_reached":23,"playtime":1455,"items_purged":[],"score":363,"play_id":"8803140f-08e0-4022-a50f-06969e53e0cd","local_time":"20190922114648","is_ascension_mode":true,"campfire_choices":[{"floor":7.0,"key":"REST"},{"floor":13.0,"key":"REST"},{"floor":15.0,"key":"REST"}],"neow_cost":"TEN_PERCENT_HP_LOSS","seed_source_timestamp":3516096876473200,"circlet_count":0,"master_deck":["AscendersBane","Strike_B","Strike_B","Defend_B","Defend_B","Defend_B","Defend_B","Zap","Dualcast","Hologram","Thunder Strike","Defragment","Undo","Coolheaded","Defragment","Hologram","Heatsinks","Cold Snap","Hologram","Conserve Battery","Sunder","Electrodynamics","Auto Shields+1","Storm","Aggregate","Stack"],"special_seed":0,"relics":["Cracked Core","Shuriken","Thread and Needle","Turnip","Singing Bowl","Black Star"],"potions_floor_usage":[21,22],"damage_taken":[{"damage":4.0,"enemies":"2 Louse","floor":1.0,"turns":4.0},{"damage":3.0,"enemies":"Cultist","floor":3.0,"turns":5.0},{"damage":7.0,"enemies":"Jaw Worm","floor":4.0,"turns":3.0},{"damage":0.0,"enemies":"Large Slime","floor":5.0,"turns":8.0},{"damage":28.0,"enemies":"3 Sentries","floor":6.0,"turns":7.0},{"damage":39.0,"enemies":"Gremlin Nob","floor":8.0,"turns":7.0},{"damage":0.0,"enemies":"Lagavulin","floor":11.0,"turns":11.0},{"damage":6.0,"enemies":"Looter","floor":12.0,"turns":5.0},{"damage":19.0,"enemies":"Lots of Slimes","floor":14.0,"turns":10.0},{"damage":24.0,"enemies":"Slime Boss","floor":16.0,"turns":16.0},{"damage":8.0,"enemies":"Chosen","floor":18.0,"turns":5.0},{"damage":7.0,"enemies":"3 Byrds","floor":19.0,"turns":2.0},{"damage":8.0,"enemies":"Snecko","floor":20.0,"turns":6.0},{"damage":20,"enemies":"Centurion and Healer","floor":21,"turns":5},{"damage":10,"enemies":"Cultist and Chosen","floor":22,"turns":5},{"damage":8,"enemies":"Gremlin Leader","floor":23,"turns":2}],"seed_played":"-2516644724989496521","potions_obtained":[{"floor":4.0,"key":"PowerPotion"},{"floor":11.0,"key":"GamblersBrew"},{"floor":12.0,"key":"FocusPotion"},{"floor":16.0,"key":"Explosive Potion"},{"floor":20.0,"key":"Swift Potion"},{"floor":21,"key":"AttackPotion"}],"is_trial":false,"path_per_floor":["M","?","M","M","M","E","R","E","T","?","E","M","R","M","R","B",null,"M","M","M","M","M","E"],"character_chosen":"DEFECT","items_purchased":[],"campfire_rested":3,"item_purchase_floors":[],"current_hp_per_floor":[64,64,61,54,54,26,46,7,7,7,9,3,24,5,26,2,53,45,40,32,12,2,0],"gold":455,"neow_bonus":"TRANSFORM_TWO_CARDS","is_prod":false,"is_daily":false,"chose_seed":false,"campfire_upgraded":0,"win_rate":0,"timestamp":1569145608,"path_taken":["M","?","M","M","?","E","R","E","T","?","E","M","R","M","R","BOSS","M","M","M","M","M","E"],"build_version":"2019-07-17","purchased_purges":0,"victory":false,"max_hp_per_floor":[68,68,68,68,68,68,68,68,68,68,70,70,70,70,70,70,70,70,72,72,72,72,72],"card_choices":[{"not_picked":["Conserve Battery","Heatsinks"],"picked":"Defragment","floor":1.0},{"not_picked":["Turbo","Gash"],"picked":"Defragment","floor":3.0},{"not_picked":["Reprogram","Force Field"],"picked":"Hologram","floor":4.0},{"not_picked":["Beam Cell","Compile Driver"],"picked":"Heatsinks","floor":5.0},{"not_picked":["All For One","FTL"],"picked":"Cold Snap","floor":6.0},{"not_picked":["Rebound","Consume"],"picked":"Hologram","floor":8.0},{"not_picked":["Undo","Turbo","Streamline"],"picked":"Singing Bowl","floor":11.0},{"not_picked":["Sunder","FTL"],"picked":"Conserve Battery","floor":12.0},{"not_picked":["Steam","Fusion"],"picked":"Sunder","floor":14.0},{"not_picked":["Buffer","Core Surge"],"picked":"Electrodynamics","floor":16.0},{"not_picked":["Cold Snap","Tempest"],"picked":"Auto Shields+1","floor":18.0},{"not_picked":["Beam Cell+1","Skim","Darkness"],"picked":"Singing Bowl","floor":19.0},{"not_picked":["Leap","Force Field"],"picked":"Storm","floor":20.0},{"not_picked":["Melter+1","Rebound"],"picked":"Aggregate","floor":21},{"not_picked":["Cold Snap","Turbo"],"picked":"Stack","floor":22}],"player_experience":297108,"relics_obtained":[{"floor":6.0,"key":"Shuriken"},{"floor":8.0,"key":"Thread and Needle"},{"floor":9.0,"key":"Turnip"},{"floor":11.0,"key":"Singing Bowl"}],"event_choices":[{"damage_healed":0.0,"max_hp_gain":0.0,"max_hp_loss":0.0,"gold_gain":0.0,"event_name":"Match and Keep!","player_choice":"2 cards matched","floor":2.0,"gold_loss":0.0,"damage_taken":0.0,"cards_obtained":["Undo","Coolheaded"]},{"damage_healed":0.0,"max_hp_gain":0.0,"max_hp_loss":0.0,"gold_gain":0.0,"event_name":"Match and Keep!","player_choice":"2 cards matched","floor":2.0,"gold_loss":0.0,"damage_taken":0.0,"cards_obtained":["Undo","Coolheaded"]},{"damage_healed":0.0,"max_hp_gain":0.0,"max_hp_loss":0.0,"gold_gain":0.0,"event_name":"Scrap Ooze","player_choice":"Fled","floor":10.0,"gold_loss":0.0,"damage_taken":0.0}],"is_beta":false,"boss_relics":[{"not_picked":["Lizard Tail","Nuclear Battery"],"picked":"Black Star"}],"items_purged_floors":[],"is_endless":false,"potions_floor_spawned":[4,11,12,16,20,21],"killed_by":"Gremlin Leader","ascension_level":10}