{"gold_per_floor":[118,137,153,173,191,191,216,216,216,391,409,439,457,489,489,590,640,651,64,74,74,93,121,121,137,137,137,137],"floor_reached":28,"playtime":1615,"items_purged":[],"score":287,"play_id":"538f2c58-5162-454f-8ad4-b5d73e84cb94","local_time":"20190729182348","is_ascension_mode":false,"campfire_choices":[{"floor":6,"key":"RECALL"},{"data":"Rage","floor":8,"key":"SMITH"},{"data":"Armaments","floor":15,"key":"SMITH"},{"data":"Metamorphosis","floor":24,"key":"SMITH"},{"floor":27,"key":"REST"}],"neow_cost":"NONE","seed_source_timestamp":18284818733022,"circlet_count":0,"master_deck":["Defend_R","Defend_R","Defend_R","Defend_R","Bash+1","Evolve","Clothesline","Anger","Shrug It Off","Rage+1","Entrench","Doubt","Armaments+1","Headbutt","True Grit","Flame Barrier","Offering","Body Slam","Feel No Pain","Bandage Up","Metamorphosis+1","True Grit","Wild Strike","Anger","Bite","Bite","Bite","Bite","Bite","Warcry","Sentinel","Reckless Charge"],"relics":["Burning Blood","Bag of Marbles","Du-Vu Doll","Happy Flower","Bronze Scales","Dodecahedron","Tiny House","Kunai","Sundial"],"potions_floor_usage":[7,12,12,20,20,23,23,23,23,23],"damage_taken":[{"damage":6,"enemies":"2 Louse","floor":1,"turns":2},{"damage":0,"enemies":"Small Slimes","floor":2,"turns":3},{"damage":4,"enemies":"Cultist","floor":3,"turns":3},{"damage":9,"enemies":"Blue Slaver","floor":4,"turns":3},{"damage":7,"enemies":"Looter","floor":5,"turns":3},{"damage":11,"enemies":"3 Sentries","floor":7,"turns":7},{"damage":7,"enemies":"Large Slime","floor":11,"turns":7},{"damage":18,"enemies":"Lagavulin","floor":12,"turns":5},{"damage":9,"enemies":"Blue Slaver","floor":13,"turns":1},{"damage":12,"enemies":"Gremlin Nob","floor":14,"turns":4},{"damage":18,"enemies":"Hexaghost","floor":16,"turns":10},{"damage":11,"enemies":"Spheric Guardian","floor":18,"turns":4},{"damage":21,"enemies":"2 Thieves","floor":20,"turns":3},{"damage":17,"enemies":"Centurion and Healer","floor":22,"turns":8},{"damage":34,"enemies":"Slavers","floor":23,"turns":6},{"damage":33,"enemies":"Sentry and Sphere","floor":25,"turns":6},{"damage":62,"enemies":"Gremlin Leader","floor":28,"turns":6}],"seed_played":"8443285501105997678","potions_obtained":[{"floor":3,"key":"Swift Potion"},{"floor":5,"key":"Poison Potion"},{"floor":7,"key":"Energy Potion"},{"floor":14,"key":"SteroidPotion"},{"floor":16,"key":"Poison Potion"},{"floor":17,"key":"EntropicBrew"},{"floor":20,"key":"Block Potion"}],"is_trial":false,"path_per_floor":["M","M","M","M","M","R","E","R","T","?","M","E","M","E","R","B",null,"M","$","M","?","M","E","R","M","T","R","E"],"character_chosen":"IRONCLAD","items_purchased":["Kunai","Bandage Up","Metamorphosis","True Grit","Wild Strike"],"campfire_rested":1,"item_purchase_floors":[19,19,19,19,19],"current_hp_per_floor":[80,80,80,77,76,76,71,71,71,71,70,58,55,49,49,37,85,80,80,65,59,54,38,38,26,26,43,0],"gold":137,"neow_bonus":"RANDOM_COMMON_RELIC","is_prod":false,"is_daily":false,"chose_seed":false,"campfire_upgraded":3,"win_rate":0,"timestamp":1564417428,"path_taken":["M","M","M","M","M","R","E","R","T","?","M","E","M","E","R","BOSS","M","$","M","?","M","E","R","M","T","R","E"],"build_version":"2019-07-17","purchased_purges":0,"victory":false,"max_hp_per_floor":[80,80,80,80,80,80,80,80,80,80,80,80,80,80,80,80,85,85,85,85,59,59,59,59,59,59,59,59],"card_choices":[{"not_picked":["Twin Strike","Shockwave"],"picked":"Evolve","floor":1},{"not_picked":["Blood for Blood","Fire Breathing"],"picked":"Clothesline","floor":2},{"not_picked":["Sword Boomerang","Flex"],"picked":"Anger","floor":3},{"not_picked":["Dual Wield","Iron Wave"],"picked":"Shrug It Off","floor":4},{"not_picked":["Pummel","Metallicize"],"picked":"Rage","floor":5},{"not_picked":["Sever Soul","Impervious"],"picked":"Entrench","floor":7},{"not_picked":["Clothesline","Sword Boomerang"],"picked":"Armaments","floor":11},{"not_picked":["Combust","Exhume"],"picked":"Headbutt","floor":12},{"not_picked":["Anger","Metallicize"],"picked":"True Grit","floor":13},{"not_picked":["Offering","Wild Strike"],"picked":"Flame Barrier","floor":14},{"not_picked":["Brutality","Bludgeon"],"picked":"Offering","floor":16},{"not_picked":["Heavy Blade","Clash"],"picked":"Body Slam","floor":17},{"not_picked":["Anger","Flex"],"picked":"Feel No Pain","floor":18},{"not_picked":["Twin Strike+1","Searing Blow+1"],"picked":"Anger","floor":20},{"not_picked":["Heavy Blade+1","Flex"],"picked":"Warcry","floor":22},{"not_picked":["Body Slam","Cleave+1"],"picked":"Sentinel","floor":23},{"not_picked":["Sword Boomerang","Clothesline+1"],"picked":"Reckless Charge","floor":25}],"player_experience":150295,"relics_obtained":[{"floor":7,"key":"Du-Vu Doll"},{"floor":9,"key":"Happy Flower"},{"floor":12,"key":"Bronze Scales"},{"floor":14,"key":"Dodecahedron"},{"floor":23,"key":"Sundial"}],"event_choices":[{"damage_healed":0,"gold_gain":175,"player_choice":"AGREE","damage_taken":0,"max_hp_gain":0,"max_hp_loss":0,"event_name":"Liars Game","floor":10,"gold_loss":0,"cards_obtained":["Doubt"]},{"damage_healed":0,"gold_gain":0,"player_choice":"Became a vampire","damage_taken":0,"max_hp_gain":0,"max_hp_loss":26,"event_name":"Vampires","floor":21,"gold_loss":0,"cards_obtained":["Bite","Bite","Bite","Bite","Bite"]}],"is_beta":false,"boss_relics":[{"not_picked":["Coffee Dripper","Sozu"],"picked":"Tiny House"}],"items_purged_floors":[],"is_endless":false,"potions_floor_spawned":[3,5,7,14,16,20],"killed_by":"Gremlin Leader","ascension_level":0}