{"gold_per_floor":[117,136,88,88,55,55,78,78,78,96,48,48,13,33,33,159,159,184,202,202,202,215,255,255,269,296,26,42,58,83,8,8,8],"floor_reached":33,"playtime":624,"items_purged":[],"score":257,"play_id":"f529d47d-a73a-4c4d-86e6-eda676b6db09","local_time":"20190908004457","is_ascension_mode":false,"campfire_choices":[{"data":"Whirlwind","floor":6,"key":"SMITH"},{"data":"Flex","floor":8,"key":"SMITH"},{"data":"Heavy Blade","floor":15,"key":"SMITH"},{"data":"Flex","floor":24,"key":"SMITH"},{"floor":32,"key":"REST"}],"neow_cost":"NONE","seed_source_timestamp":702604567478400,"circlet_count":0,"master_deck":["Strike_R+1","Strike_R+1","Strike_R+1","Strike_R+1","Strike_R+1","Defend_R+1","Bash","Cleave","Ghostly Armor","Flex+1","Second Wind","Whirlwind+1","Spot Weakness","Heavy Blade+1","Flex+1","Offering","Thunderclap","Heavy Blade","Flex"],"relics":["Black Blood","Oddly Smooth Stone","Odd Mushroom","Dodecahedron","Golden Idol","Letter Opener","Smiling Mask","Bottled Lightning"],"potions_floor_usage":[16,18,23,29,33],"damage_taken":[{"damage":6,"enemies":"Cultist","floor":1,"turns":3},{"damage":0,"enemies":"2 Louse","floor":2,"turns":2},{"damage":0,"enemies":"The Mushroom Lair","floor":7,"turns":1},{"damage":5,"enemies":"Jaw Worm","floor":10,"turns":2},{"damage":0,"enemies":"Exordium Thugs","floor":14,"turns":2},{"damage":35,"enemies":"Hexaghost","floor":16,"turns":6},{"damage":6,"enemies":"2 Thieves","floor":18,"turns":1},{"damage":6,"enemies":"Shell Parasite","floor":19,"turns":2},{"damage":17,"enemies":"Chosen and Byrds","floor":22,"turns":4},{"damage":26,"enemies":"Slavers","floor":23,"turns":2},{"damage":23,"enemies":"Snecko","floor":25,"turns":4},{"damage":15,"enemies":"3 Cultists","floor":28,"turns":3},{"damage":28,"enemies":"Sentry and Sphere","floor":29,"turns":4},{"damage":30,"enemies":"Centurion and Healer","floor":30,"turns":3},{"damage":38,"enemies":"Automaton","floor":33,"turns":4}],"seed_played":"617236504166977130","potions_obtained":[{"floor":2,"key":"PowerPotion"},{"floor":7,"key":"Explosive Potion"},{"floor":16,"key":"Fire Potion"},{"floor":25,"key":"Regen Potion"},{"floor":29,"key":"Swift Potion"},{"floor":30,"key":"Dexterity Potion"}],"is_trial":false,"path_per_floor":["M","M","$","?","$","R","?","R","T","M","$","?","?","M","R","B",null,"M","M","?","?","M","E","R","M","T","$","M","M","M","?","R","B"],"character_chosen":"IRONCLAD","items_purchased":["Flex","Whirlwind","Heavy Blade","Heavy Blade","Bottled Lightning"],"campfire_rested":1,"item_purchase_floors":[3,5,11,27,27],"current_hp_per_floor":[80,80,80,80,80,80,80,80,80,80,80,60,80,80,80,51,80,80,80,80,80,73,57,57,44,44,44,39,33,13,13,37,0],"gold":8,"neow_bonus":"RANDOM_COMMON_RELIC","is_prod":false,"is_daily":false,"chose_seed":false,"campfire_upgraded":4,"win_rate":0,"timestamp":1567896297,"path_taken":["M","M","$","?","?","R","?","R","T","?","$","?","?","M","R","BOSS","M","M","?","?","M","E","R","M","T","$","M","M","?","?","R","BOSS"],"build_version":"2019-07-17","purchased_purges":0,"victory":false,"max_hp_per_floor":[80,80,80,80,80,80,80,80,80,80,80,80,80,80,80,80,80,80,80,80,80,80,80,80,80,80,80,80,80,80,80,80,80],"card_choices":[{"not_picked":["Sever Soul","Headbutt"],"picked":"Cleave","floor":1},{"not_picked":["Pummel","Second Wind"],"picked":"Ghostly Armor","floor":2},{"not_picked":["Pommel Strike","Havoc"],"picked":"Spot Weakness","floor":10},{"not_picked":["Perfected Strike","Sword Boomerang"],"picked":"Flex","floor":14},{"not_picked":["Impervious","Juggernaut"],"picked":"Offering","floor":16},{"not_picked":["Feel No Pain","Sword Boomerang","Second Wind+1"],"picked":"SKIP","floor":18},{"not_picked":["Infernal Blade+1","Clash+1"],"picked":"Thunderclap","floor":19},{"not_picked":["Headbutt+1","Sword Boomerang","Iron Wave"],"picked":"SKIP","floor":22},{"not_picked":["Clash","Warcry","Body Slam"],"picked":"SKIP","floor":23},{"not_picked":["Body Slam+1","Hemokinesis+1","Sword Boomerang"],"picked":"SKIP","floor":25},{"not_picked":["Intimidate+1","Infernal Blade","Headbutt"],"picked":"SKIP","floor":28},{"not_picked":["Juggernaut","Body Slam","Evolve"],"picked":"SKIP","floor":29},{"not_picked":["Thunderclap","Sword Boomerang"],"picked":"Flex","floor":30}],"player_experience":226149,"relics_obtained":[{"floor":7,"key":"Odd Mushroom"},{"floor":9,"key":"Dodecahedron"},{"floor":23,"key":"Letter Opener"},{"floor":26,"key":"Smiling Mask"}],"event_choices":[{"damage_healed":0,"gold_gain":0,"cards_transformed":["Defend_R"],"player_choice":"Transformed","damage_taken":0,"max_hp_gain":0,"max_hp_loss":0,"event_name":"Transmorgrifier","floor":4,"gold_loss":0,"cards_obtained":["Second Wind"]},{"damage_healed":0,"gold_gain":0,"player_choice":"Fought Mushrooms","damage_taken":0,"max_hp_gain":0,"max_hp_loss":0,"event_name":"Mushrooms","floor":7,"gold_loss":0},{"damage_healed":0,"gold_gain":0,"player_choice":"Take Damage","damage_taken":20,"relics_obtained":["Golden Idol"],"max_hp_gain":0,"max_hp_loss":0,"event_name":"Golden Idol","floor":12,"gold_loss":0},{"damage_healed":20,"gold_gain":0,"player_choice":"Healed","damage_taken":0,"max_hp_gain":0,"max_hp_loss":0,"event_name":"The Cleric","floor":13,"gold_loss":35},{"damage_healed":0,"gold_gain":0,"player_choice":"Simplicity","damage_taken":0,"max_hp_gain":0,"max_hp_loss":0,"event_name":"Back to Basics","floor":20,"gold_loss":0,"cards_upgraded":["Strike_R","Strike_R","Strike_R","Strike_R","Strike_R","Defend_R","Defend_R","Defend_R"]},{"cards_removed":["Defend_R"],"damage_healed":0,"gold_gain":0,"player_choice":"Purged","damage_taken":0,"max_hp_gain":0,"max_hp_loss":0,"event_name":"Purifier","floor":21,"gold_loss":0},{"cards_removed":["Defend_R"],"damage_healed":0,"gold_gain":0,"player_choice":"Gave Gold","damage_taken":0,"max_hp_gain":0,"max_hp_loss":0,"event_name":"Beggar","floor":31,"gold_loss":75}],"is_beta":false,"boss_relics":[{"not_picked":["Runic Pyramid","Orrery"],"picked":"Black Blood"}],"items_purged_floors":[],"is_endless":false,"potions_floor_spawned":[2,7,16,25,29,30],"killed_by":"Automaton","ascension_level":0}