{"gold_per_floor":[17,31,45,45,64,91,91,103,126,126,189,215,231,18,18,113,113,128,128,140,150,164,164,189,189,189,220,220,248,274,291,291,390,390,403,421,432,448,468,468,500,512,537,537,554,554,59,73,73,73],"floor_reached":50,"playtime":3123,"items_purged":["Strike_B"],"score":982,"play_id":"0e10daa7-8a7b-4a92-af28-89ad1f582d73","local_time":"20190925175312","is_ascension_mode":true,"campfire_choices":[{"data":"1","floor":7.0,"key":"LIFT"},{"data":"Loop","floor":10.0,"key":"SMITH"},{"floor":15.0,"key":"REST"},{"floor":23.0,"key":"REST"},{"floor":25.0,"key":"REST"},{"data":"2","floor":28.0,"key":"LIFT"},{"data":"3","floor":32.0,"key":"LIFT"},{"floor":40.0,"key":"REST"},{"floor":46.0,"key":"REST"},{"floor":49,"key":"REST"}],"neow_cost":"NO_GOLD","seed_source_timestamp":3795452967012900,"circlet_count":0,"master_deck":["AscendersBane","Strike_B","Strike_B","Defend_B","Defend_B","Defend_B","Defend_B","Zap","Dualcast","Chill+1","Conserve Battery","Rip and Tear","Streamline","Conserve Battery","Loop+1","Consume","FTL","All For One","Capacitor","Buffer+1","Blizzard","Stack","Cold Snap","Streamline+1","Gash+1","Beam Cell","Beam Cell","Go for the Eyes","Storm","Electrodynamics","Gash","BootSequence","Storm","Go for the Eyes","Coolheaded+1","Stack","Go for the Eyes","White Noise","Defragment+1","Panache+1","Barrage","Glacier"],"special_seed":0,"relics":["Cracked Core","Girya","Potion Belt","Bronze Scales","Boot","Omamori","Happy Flower","Fusion Hammer","Gremlin Horn","Bottled Flame","Oddly Smooth Stone","Red Mask","Bag of Preparation","Cursed Key","Frozen Egg 2","Blood Vial","Membership Card","DataDisk"],"potions_floor_usage":[50,50,50],"damage_taken":[{"damage":0.0,"enemies":"Small Slimes","floor":1.0,"turns":3.0},{"damage":0.0,"enemies":"Cultist","floor":2.0,"turns":4.0},{"damage":0.0,"enemies":"2 Louse","floor":3.0,"turns":3.0},{"damage":0.0,"enemies":"Lots of Slimes","floor":5.0,"turns":4.0},{"damage":14.0,"enemies":"Lagavulin","floor":6.0,"turns":7.0},{"damage":0.0,"enemies":"Gremlin Gang","floor":8.0,"turns":6.0},{"damage":13.0,"enemies":"Gremlin Nob","floor":11.0,"turns":3.0},{"damage":4.0,"enemies":"3 Sentries","floor":12.0,"turns":7.0},{"damage":0.0,"enemies":"Blue Slaver","floor":13.0,"turns":3.0},{"damage":17.0,"enemies":"Hexaghost","floor":16.0,"turns":10.0},{"damage":11.0,"enemies":"2 Thieves","floor":18.0,"turns":4.0},{"damage":0.0,"enemies":"Chosen","floor":20.0,"turns":4.0},{"damage":12.0,"enemies":"Centurion and Healer","floor":21.0,"turns":10.0},{"damage":8.0,"enemies":"Snecko","floor":22.0,"turns":4.0},{"damage":34.0,"enemies":"Book of Stabbing","floor":24.0,"turns":6.0},{"damage":9.0,"enemies":"Slavers","floor":27.0,"turns":5.0},{"damage":0.0,"enemies":"Masked Bandits","floor":29.0,"turns":4.0},{"damage":0.0,"enemies":"Gremlin Leader","floor":30.0,"turns":8.0},{"damage":0.0,"enemies":"Snake Plant","floor":31.0,"turns":3.0},{"damage":3.0,"enemies":"Collector","floor":33.0,"turns":10.0},{"damage":0.0,"enemies":"3 Shapes","floor":35.0,"turns":5.0},{"damage":0.0,"enemies":"3 Darklings","floor":36.0,"turns":5.0},{"damage":5.0,"enemies":"Maw","floor":37.0,"turns":6.0},{"damage":37.0,"enemies":"Spire Growth","floor":38.0,"turns":4.0},{"damage":0.0,"enemies":"4 Shapes","floor":39.0,"turns":6.0},{"damage":0.0,"enemies":"Giant Head","floor":41.0,"turns":7.0},{"damage":25.0,"enemies":"Maw","floor":42.0,"turns":7.0},{"damage":1.0,"enemies":"Spire Growth","floor":45.0,"turns":3.0},{"damage":28,"enemies":"Writhing Mass","floor":48,"turns":5},{"damage":49,"enemies":"Time Eater","floor":50,"turns":5}],"seed_played":"-5074686030055883586","potions_obtained":[{"floor":1.0,"key":"SkillPotion"},{"floor":5.0,"key":"Weak Potion"},{"floor":8.0,"key":"Strength Potion"},{"floor":13.0,"key":"FearPotion"},{"floor":16.0,"key":"Strength Potion"},{"floor":18.0,"key":"AttackPotion"},{"floor":21.0,"key":"Explosive Potion"},{"floor":22.0,"key":"Regen Potion"},{"floor":27.0,"key":"Block Potion"},{"floor":29.0,"key":"Energy Potion"},{"floor":30.0,"key":"GamblersBrew"},{"floor":36.0,"key":"FocusPotion"},{"floor":37.0,"key":"Ancient Potion"},{"floor":38.0,"key":"PowerPotion"},{"floor":41.0,"key":"AttackPotion"},{"floor":45.0,"key":"Strength Potion"}],"is_trial":false,"path_per_floor":["M","M","M","?","M","E","R","M","T","R","?","E","M","$","R","B",null,"M","?","M","M","M","R","E","R","T","E","R","?","E","M","R","B",null,"M","M","M","M","M","R","E","M","T","?","M","R","$","M","R","B"],"character_chosen":"DEFECT","items_purchased":["Capacitor","Happy Flower","Membership Card","DataDisk","Defragment+1","Panache+1","PowerPotion","Barrage"],"campfire_rested":6,"item_purchase_floors":[14,14,47,47,47,47,47,47],"current_hp_per_floor":[68,68,68,68,68,54,54,54,54,54,41,37,37,37,59,42,67,56,56,56,44,36,58,39,61,61,52,52,52,52,52,52,49,69,69,69,64,27,27,49,49,24,24,24,25,47,47,21,43,0],"gold":73,"neow_bonus":"ONE_RARE_RELIC","is_prod":false,"is_daily":false,"chose_seed":false,"campfire_upgraded":1,"win_rate":0,"timestamp":1569426792,"path_taken":["M","M","M","?","M","E","R","?","T","R","?","E","M","$","R","BOSS","M","?","M","?","?","R","E","R","T","E","R","?","E","M","R","BOSS","M","M","M","M","M","R","E","M","T","?","M","R","$","?","R","BOSS"],"build_version":"2019-07-17","purchased_purges":1,"victory":false,"max_hp_per_floor":[75,75,75,75,75,75,75,75,75,75,75,75,75,75,75,75,75,75,75,75,75,75,75,75,75,75,75,75,75,75,75,75,75,75,75,75,75,75,75,75,75,75,75,75,75,75,75,75,75,75],"card_choices":[{"not_picked":["Rebound","Hologram"],"picked":"Chill","floor":1.0},{"not_picked":["Aggregate","Sweeping Beam"],"picked":"Conserve Battery","floor":2.0},{"not_picked":["Skim","Turbo"],"picked":"Rip and Tear","floor":3.0},{"not_picked":["Lockon","Meteor Strike"],"picked":"Streamline","floor":5.0},{"not_picked":["Darkness","Chaos"],"picked":"Conserve Battery","floor":6.0},{"not_picked":["Compile Driver","Streamline"],"picked":"Loop","floor":8.0},{"not_picked":["Hologram","Redo"],"picked":"Consume","floor":11.0},{"not_picked":["Rebound","Barrage"],"picked":"FTL","floor":12.0},{"not_picked":["Rebound","Melter"],"picked":"All For One","floor":13.0},{"not_picked":["Seek","Reboot"],"picked":"Buffer","floor":16.0},{"not_picked":["Turbo+1","Reprogram+1"],"picked":"Blizzard","floor":18.0},{"not_picked":["Hologram","Reinforced Body"],"picked":"Stack","floor":20.0},{"not_picked":["Chill","Doom and Gloom"],"picked":"Cold Snap","floor":21.0},{"not_picked":["Reprogram","Beam Cell"],"picked":"Streamline+1","floor":22.0},{"not_picked":["Aggregate+1","Auto Shields"],"picked":"Gash+1","floor":24.0},{"not_picked":["Cold Snap","Scrape"],"picked":"Beam Cell","floor":27.0},{"not_picked":["Sweeping Beam","Coolheaded"],"picked":"Beam Cell","floor":29.0},{"not_picked":["Streamline","Coolheaded"],"picked":"Go for the Eyes","floor":30.0},{"not_picked":["Ball Lightning","Redo"],"picked":"Storm","floor":31.0},{"not_picked":["Reboot","All For One"],"picked":"Electrodynamics","floor":33.0},{"not_picked":["Scrape","Barrage"],"picked":"Gash","floor":35.0},{"not_picked":["Chaos","Ball Lightning+1"],"picked":"BootSequence","floor":36.0},{"not_picked":["Turbo","Aggregate+1"],"picked":"Storm","floor":37.0},{"not_picked":["Sweeping Beam","Blizzard"],"picked":"Go for the Eyes","floor":38.0},{"not_picked":["Meteor Strike","Rebound"],"picked":"Coolheaded+1","floor":39.0},{"not_picked":["Sweeping Beam+1","Rip and Tear"],"picked":"Stack","floor":41.0},{"not_picked":["Reprogram","Stack"],"picked":"Go for the Eyes","floor":42.0},{"not_picked":["Go for the Eyes","FTL"],"picked":"White Noise","floor":45.0},{"not_picked":["Streamline","Turbo+1"],"picked":"Glacier","floor":48}],"player_experience":331208,"relics_obtained":[{"floor":6.0,"key":"Potion Belt"},{"floor":9.0,"key":"Bronze Scales"},{"floor":12.0,"key":"Omamori"},{"floor":24.0,"key":"Gremlin Horn"},{"floor":26.0,"key":"Bottled Flame"},{"floor":27.0,"key":"Oddly Smooth Stone"},{"floor":29.0,"key":"Red Mask"},{"floor":30.0,"key":"Bag of Preparation"},{"floor":41.0,"key":"Frozen Egg 2"},{"floor":43.0,"key":"Blood Vial"}],"event_choices":[{"damage_healed":0.0,"max_hp_gain":0.0,"max_hp_loss":0.0,"gold_gain":0.0,"event_name":"Upgrade Shrine","player_choice":"Upgraded","floor":4.0,"gold_loss":0.0,"damage_taken":0.0,"cards_upgraded":["Chill"]},{"damage_healed":0.0,"max_hp_gain":0.0,"max_hp_loss":0.0,"gold_gain":30.0,"event_name":"Dead Adventurer","player_choice":"Searched \u00273\u0027 times","floor":11.0,"gold_loss":0.0,"damage_taken":0.0,"relics_obtained":["Boot"]},{"damage_healed":0.0,"max_hp_gain":0.0,"max_hp_loss":0.0,"gold_gain":0.0,"event_name":"Upgrade Shrine","player_choice":"Upgraded","floor":19.0,"gold_loss":0.0,"damage_taken":0.0,"cards_upgraded":["Buffer"]},{"damage_healed":0.0,"max_hp_gain":0.0,"max_hp_loss":0.0,"gold_gain":0.0,"event_name":"Masked Bandits","player_choice":"Fought Bandits","floor":29.0,"gold_loss":0.0,"damage_taken":0.0},{"cards_removed":["Strike_B"],"damage_healed":0.0,"max_hp_gain":0.0,"max_hp_loss":0.0,"gold_gain":0.0,"event_name":"Wheel of Change","player_choice":"Card Removal","floor":44.0,"gold_loss":0.0,"damage_taken":0.0}],"is_beta":false,"boss_relics":[{"not_picked":["Ectoplasm","Runic Pyramid"],"picked":"Fusion Hammer"},{"not_picked":["Lizard Tail","Velvet Choker"],"picked":"Cursed Key"}],"items_purged_floors":[47],"is_endless":false,"potions_floor_spawned":[1,5,8,13,16,18,21,22,27,29,30,36,37,38,41,45],"killed_by":"Time Eater","ascension_level":12}