{"gold_per_floor":[112,129,129,146,158,158,183,183,231,231,248,248,259,274,274,376,376,376,376,291,291,291,291,291,291,291,291,291,291,58,58,58,58,58,58,0,0,0,0,0,0,0,0,0,0,0,0,0,0,0],"floor_reached":51,"playtime":3571,"items_purged":[],"score":891,"play_id":"dbf45ecf-f8a8-424e-ac20-a5e358e4b674","local_time":"20191011152116","is_ascension_mode":true,"campfire_choices":[{"data":"Twin Strike","floor":6.0,"key":"SMITH"},{"data":"Inflame","floor":8.0,"key":"SMITH"},{"data":"Spot Weakness","floor":10.0,"key":"SMITH"},{"data":"Sword Boomerang","floor":12.0,"key":"SMITH"},{"data":"Whirlwind","floor":15.0,"key":"SMITH"},{"data":"Flame Barrier","floor":23.0,"key":"SMITH"},{"data":"Flex","floor":25.0,"key":"SMITH"},{"data":"Bash","floor":29.0,"key":"SMITH"},{"data":"Disarm","floor":32.0,"key":"SMITH"},{"floor":40.0,"key":"REST"},{"floor":42.0,"key":"REST"},{"floor":44.0,"key":"REST"},{"floor":49,"key":"REST"}],"neow_cost":"TEN_PERCENT_HP_LOSS","seed_source_timestamp":159803711692746,"circlet_count":0,"master_deck":["Strike_R","Strike_R","Strike_R+1","Defend_R+1","Defend_R","Defend_R","Bash+1","Spot Weakness+1","Flex+1","Twin Strike+1","Inflame+1","Sword Boomerang+1","Whirlwind+1","Reaper","Flame Barrier+1","Disarm+1","True Grit","Seeing Red+1","Armaments+1","Limit Break","Thunderclap+1","Flame Barrier"],"special_seed":0,"relics":["Burning Blood","Mummified Hand","Juzu Bracelet","Ectoplasm","PreservedInsect","Bronze Scales","Bottled Flame","Strawberry","Anchor","Fusion Hammer","Red Mask","Old Coin","Thread and Needle","Self Forming Clay","Shuriken","Blood Vial"],"potions_floor_usage":[47,50,50],"damage_taken":[{"damage":4.0,"enemies":"Small Slimes","floor":1.0,"turns":4.0},{"damage":6.0,"enemies":"2 Louse","floor":2.0,"turns":2.0},{"damage":0.0,"enemies":"Jaw Worm","floor":4.0,"turns":3.0},{"damage":4.0,"enemies":"2 Fungi Beasts","floor":5.0,"turns":4.0},{"damage":27.0,"enemies":"3 Sentries","floor":7.0,"turns":7.0},{"damage":8.0,"enemies":"3 Louse","floor":11.0,"turns":2.0},{"damage":7.0,"enemies":"Large Slime","floor":13.0,"turns":4.0},{"damage":0.0,"enemies":"Gremlin Gang","floor":14.0,"turns":1.0},{"damage":33.0,"enemies":"Hexaghost","floor":16.0,"turns":5.0},{"damage":0.0,"enemies":"Spheric Guardian","floor":18.0,"turns":2.0},{"damage":0.0,"enemies":"Shell Parasite","floor":19.0,"turns":1.0},{"damage":7.0,"enemies":"3 Cultists","floor":22.0,"turns":3.0},{"damage":6.0,"enemies":"Book of Stabbing","floor":24.0,"turns":3.0},{"damage":4.0,"enemies":"Centurion and Healer","floor":27.0,"turns":4.0},{"damage":7.0,"enemies":"Slavers","floor":28.0,"turns":1.0},{"damage":25.0,"enemies":"Champ","floor":33.0,"turns":6.0},{"damage":0.0,"enemies":"3 Shapes","floor":35.0,"turns":1.0},{"damage":24.0,"enemies":"Mind Bloom Boss Battle","floor":37.0,"turns":11.0},{"damage":19.0,"enemies":"Orb Walker","floor":38.0,"turns":4.0},{"damage":10.0,"enemies":"2 Orb Walkers","floor":39.0,"turns":3.0},{"damage":80.0,"enemies":"Giant Head","floor":41.0,"turns":8.0},{"damage":26.0,"enemies":"Spire Growth","floor":45.0,"turns":3.0},{"damage":22.0,"enemies":"Maw","floor":46.0,"turns":7.0},{"damage":0,"enemies":"Reptomancer","floor":47,"turns":2},{"damage":6,"enemies":"Jaw Worm Horde","floor":48,"turns":2},{"damage":86,"enemies":"Donu and Deca","floor":50,"turns":7}],"seed_played":"660088042691305485","potions_obtained":[{"floor":4.0,"key":"SpeedPotion"},{"floor":7.0,"key":"Energy Potion"},{"floor":13.0,"key":"EntropicBrew"},{"floor":14.0,"key":"Strength Potion"},{"floor":18.0,"key":"Block Potion"},{"floor":24.0,"key":"Strength Potion"},{"floor":37.0,"key":"LiquidBronze"},{"floor":38.0,"key":"EssenceOfSteel"},{"floor":45.0,"key":"SteroidPotion"},{"floor":46.0,"key":"Swift Potion"},{"floor":47,"key":"SpeedPotion"}],"is_trial":false,"path_per_floor":["M","M","?","M","M","R","E","R","T","R","M","R","M","M","R","B",null,"M","M","?","?","M","R","E","R","T","M","E","R","$","?","R","B",null,"M","?","?","M","?","R","E","R","T","R","M","M","E","M","R","B",null],"character_chosen":"IRONCLAD","items_purchased":["Anchor","Disarm"],"campfire_rested":4,"item_purchase_floors":[30,30],"current_hp_per_floor":[72,72,58,64,66,66,45,45,45,45,43,43,42,48,48,21,72,72,72,72,72,72,72,72,72,72,72,78,78,78,78,78,65,79,79,79,79,66,76,79,32,55,55,78,58,48,66,79,79,16],"gold":0,"neow_bonus":"REMOVE_TWO","is_prod":false,"is_daily":false,"chose_seed":false,"campfire_upgraded":9,"win_rate":0,"timestamp":1570821676,"path_taken":["M","M","?","M","M","R","E","R","T","R","M","R","M","M","R","BOSS","M","M","?","?","M","R","E","R","T","M","E","R","$","?","R","BOSS","M","?","?","M","?","R","E","R","T","R","M","M","E","M","R","BOSS"],"build_version":"2019-07-17","purchased_purges":0,"victory":true,"max_hp_per_floor":[72,72,72,72,72,72,72,72,72,72,72,72,72,72,72,72,72,72,72,72,72,72,72,72,72,72,72,79,79,79,79,79,79,79,79,79,79,79,79,79,79,79,79,79,79,79,79,79,79,79],"card_choices":[{"not_picked":["Clothesline","Clash"],"picked":"Spot Weakness","floor":1.0},{"not_picked":["Armaments","Second Wind"],"picked":"Flex","floor":2.0},{"not_picked":["Headbutt","Flex","Entrench"],"picked":"SKIP","floor":4.0},{"not_picked":["Wild Strike","Clothesline"],"picked":"Twin Strike","floor":5.0},{"not_picked":["Body Slam","Juggernaut"],"picked":"Inflame","floor":7.0},{"not_picked":["Infernal Blade","Clash"],"picked":"Sword Boomerang","floor":11.0},{"not_picked":["Seeing Red","Armaments"],"picked":"Whirlwind","floor":13.0},{"not_picked":["Twin Strike","Havoc","Rampage"],"picked":"SKIP","floor":14.0},{"not_picked":["Offering","Brutality"],"picked":"Reaper","floor":16.0},{"not_picked":["Clothesline","Heavy Blade","Bloodletting"],"picked":"SKIP","floor":18.0},{"not_picked":["Anger+1","Clothesline+1","Armaments"],"picked":"SKIP","floor":19.0},{"not_picked":["Iron Wave","Wild Strike+1"],"picked":"Flame Barrier","floor":22.0},{"not_picked":["Perfected Strike+1","Reckless Charge","Body Slam"],"picked":"SKIP","floor":24.0},{"not_picked":["Clothesline","Blood for Blood","Body Slam+1"],"picked":"SKIP","floor":27.0},{"not_picked":["Twin Strike","Pommel Strike","Berserk"],"picked":"SKIP","floor":28.0},{"not_picked":["Armaments","Cleave+1","Clothesline"],"picked":"SKIP","floor":35.0},{"not_picked":["Wild Strike+1","Flex"],"picked":"True Grit","floor":37.0},{"not_picked":["Flex+1","Armaments"],"picked":"Seeing Red+1","floor":38.0},{"not_picked":["Headbutt","Sever Soul+1"],"picked":"Armaments+1","floor":39.0},{"not_picked":["Rupture+1","Sentinel+1"],"picked":"Limit Break","floor":41.0},{"not_picked":["Rupture","Sever Soul+1","Anger"],"picked":"SKIP","floor":45.0},{"not_picked":["Entrench","Cleave"],"picked":"Thunderclap+1","floor":46.0},{"not_picked":["Sentinel","Whirlwind"],"picked":"Flame Barrier","floor":47},{"not_picked":["Havoc","Wild Strike","Perfected Strike"],"picked":"SKIP","floor":48}],"player_experience":764602,"relics_obtained":[{"floor":7.0,"key":"Mummified Hand"},{"floor":9.0,"key":"Juzu Bracelet"},{"floor":24.0,"key":"Bronze Scales"},{"floor":26.0,"key":"Bottled Flame"},{"floor":28.0,"key":"Strawberry"},{"floor":37.0,"key":"Old Coin"},{"floor":39.0,"key":"Thread and Needle"},{"floor":41.0,"key":"Self Forming Clay"},{"floor":43.0,"key":"Shuriken"},{"floor":47,"key":"Blood Vial"}],"event_choices":[{"damage_healed":0.0,"max_hp_gain":0.0,"max_hp_loss":0.0,"gold_gain":0.0,"event_name":"Shining Light","player_choice":"Entered Light","floor":3.0,"gold_loss":0.0,"damage_taken":14.0,"cards_upgraded":["Defend_R","Strike_R"]},{"damage_healed":0.0,"max_hp_gain":0.0,"max_hp_loss":0.0,"gold_gain":0.0,"event_name":"Addict","player_choice":"Obtained Relic","floor":20.0,"gold_loss":85.0,"damage_taken":0.0,"relics_obtained":["PreservedInsect"]},{"cards_removed":["Strike_R"],"damage_healed":0.0,"max_hp_gain":0.0,"max_hp_loss":0.0,"gold_gain":0.0,"event_name":"Back to Basics","player_choice":"Elegance","floor":21.0,"gold_loss":0.0,"damage_taken":0.0},{"damage_healed":0.0,"max_hp_gain":0.0,"max_hp_loss":0.0,"gold_gain":0.0,"event_name":"The Mausoleum","player_choice":"Ignored","floor":31.0,"gold_loss":0.0,"damage_taken":0.0},{"damage_healed":0.0,"max_hp_gain":0.0,"max_hp_loss":0.0,"gold_gain":0.0,"event_name":"Tomb of Lord Red Mask","player_choice":"Paid","floor":36.0,"gold_loss":58.0,"damage_taken":0.0,"relics_obtained":["Red Mask"]},{"damage_healed":0.0,"max_hp_gain":0.0,"max_hp_loss":0.0,"gold_gain":0.0,"event_name":"MindBloom","player_choice":"Fight","floor":37.0,"gold_loss":0.0,"damage_taken":0.0},{"damage_healed":0.0,"max_hp_gain":0.0,"max_hp_loss":0.0,"gold_gain":0.0,"event_name":"Mysterious Sphere","player_choice":"Fight","floor":39.0,"gold_loss":0.0,"damage_taken":0.0}],"is_beta":false,"boss_relics":[{"not_picked":["Orrery","Velvet Choker"],"picked":"Ectoplasm"},{"not_picked":["Tiny House","Black Star"],"picked":"Fusion Hammer"}],"items_purged_floors":[],"is_endless":false,"potions_floor_spawned":[4,7,13,14,18,22,24,37,38,45,46,47],"ascension_level":4}