{"gold_per_floor":[410,236,236,99,99,124,52,80,80,80,94,114,144,154,154,257,257,276,292,292,0,18,18,18],"floor_reached":24,"playtime":1280,"items_purged":["Defend_B","Defend_B"],"score":235,"play_id":"b9bee3e2-142e-4186-9ec7-2fdf6bcd55e0","local_time":"20180717232025","is_ascension_mode":true,"campfire_choices":[{"floor":10,"key":"REST"},{"floor":15,"key":"REST"},{"data":"Bandage Up","floor":23,"key":"SMITH"}],"neow_cost":"TEN_PERCENT_HP_LOSS","seed_source_timestamp":451615904960517,"circlet_count":0,"master_deck":["Strike_B","Strike_B","Strike_B","Defend_B","Zap","Dualcast","Leap","Bandage Up+1","Recycle","Echo Form","Hello World","Rip and Tear","Sunder","Self Repair","Undo+1","Coolheaded+1","Meteor Strike","Rebound+1","Redo+1","Beam Cell+1"],"special_seed":0,"relics":["Cracked Core","Old Coin","Gremlin Horn","Matryoshka","Omamori","Toxic Egg 2","Centennial Puzzle","Coffee Dripper","Necronomicon"],"potions_floor_usage":[16,19,19,22,24],"damage_taken":[{"damage":7.0,"enemies":"2 Louse","floor":1.0,"turns":2.0},{"damage":22.0,"enemies":"Lagavulin","floor":6.0,"turns":7.0},{"damage":44,"enemies":"Gremlin Nob","floor":8,"turns":5},{"damage":0,"enemies":"Cultist","floor":11,"turns":3},{"damage":0,"enemies":"Jaw Worm","floor":12,"turns":3},{"damage":16,"enemies":"3 Sentries","floor":13,"turns":4},{"damage":7,"enemies":"3 Louse","floor":14,"turns":3},{"damage":28,"enemies":"The Guardian","floor":16,"turns":13},{"damage":46,"enemies":"3 Byrds","floor":18,"turns":5},{"damage":1,"enemies":"Spheric Guardian","floor":19,"turns":4},{"damage":16,"enemies":"Cultist and Chosen","floor":22,"turns":8},{"damage":16,"enemies":"Snake Plant","floor":24,"turns":1}],"seed_played":"5545065497764255537","potions_obtained":[{"floor":1.0,"key":"FocusPotion"},{"floor":11,"key":"SpeedPotion"},{"floor":13,"key":"SpeedPotion"},{"floor":14,"key":"Regen Potion"},{"floor":19,"key":"FearPotion"},{"floor":22,"key":"FearPotion"}],"is_trial":false,"path_per_floor":["M","$","?","$","?","E","$","E","T","R","M","M","E","M","R","B",null,"M","M","?","?","M","R"],"character_chosen":"DEFECT","items_purchased":["Bandage Up","Recycle","Hello World"],"campfire_rested":2,"item_purchase_floors":[2,4,7],"current_hp_per_floor":[61,61,61,61,61,43,43,3,3,23,27,31,26,34,54,45,68,29,32,16,16,11,11,0],"gold":18,"neow_bonus":"ONE_RARE_RELIC","is_prod":false,"is_daily":false,"chose_seed":false,"campfire_upgraded":1,"win_rate":0,"timestamp":1531862425,"path_taken":["M","$","?","$","?","E","?","E","T","R","?","M","E","M","R","BOSS","M","?","?","?","M","R","?"],"build_version":"2018-07-12","purchased_purges":2,"victory":false,"max_hp_per_floor":[68,68,68,68,68,68,68,68,68,68,68,68,68,68,68,68,68,68,68,68,68,68,68,68],"card_choices":[{"not_picked":["Heatsinks","Sweeping Beam"],"picked":"Leap","floor":1.0},{"not_picked":["Gash","Storm"],"picked":"Echo Form","floor":6.0},{"not_picked":["Compile Driver","Amplify"],"picked":"Rip and Tear","floor":8},{"not_picked":["Melter","Skim+1"],"picked":"Sunder","floor":11},{"not_picked":["Conserve Battery+1","Rebound"],"picked":"Self Repair","floor":12},{"not_picked":["Hello World","BootSequence+1"],"picked":"Undo+1","floor":13},{"not_picked":["Beam Cell","White Noise+1"],"picked":"Coolheaded+1","floor":14},{"not_picked":["Biased Cognition","Fission+1"],"picked":"Meteor Strike","floor":16},{"not_picked":["Coolheaded+1","Storm"],"picked":"Rebound+1","floor":18},{"not_picked":["Beam Cell","Go for the Eyes"],"picked":"Redo+1","floor":19},{"not_picked":["Force Field+1","Consume+1"],"picked":"Beam Cell+1","floor":22}],"player_experience":64806,"relics_obtained":[{"floor":6.0,"key":"Gremlin Horn"},{"floor":8,"key":"Matryoshka"},{"floor":9,"key":"Omamori"},{"floor":9,"key":"Toxic Egg 2"},{"floor":13,"key":"Centennial Puzzle"},{"floor":20,"key":"Necronomicon"}],"event_choices":[{"event_name":"Purifier","player_choice":"One Purge","floor":3.0,"damage_taken":0.0},{"event_name":"Living Wall","player_choice":"Forget","floor":5.0,"damage_taken":0.0},{"event_name":"Cursed Tome","player_choice":"Obtained Book","floor":20,"damage_taken":0},{"event_name":"Masked Bandits","player_choice":"Paid Bandits 292 gold","floor":21,"damage_taken":0}],"boss_relics":[{"not_picked":["Pandora\u0027s Box","Tiny House"],"picked":"Coffee Dripper"}],"items_purged_floors":[2,4],"is_endless":false,"potions_floor_spawned":[1,11,13,14,19,22],"killed_by":"Snake Plant","ascension_level":2}