{"gold_per_floor":[111,111,111,124,136,170,189,203,203,230,39,39,98,98,98,197,197,265,282,282],"floor_reached":20,"playtime":1134,"items_purged":[],"score":242,"play_id":"3543a97e-17c8-4d14-b098-38bee48238c1","local_time":"20190913214117","is_ascension_mode":true,"campfire_choices":[{"floor":12,"key":"REST"},{"floor":15,"key":"REST"}],"neow_cost":"PERCENT_DAMAGE","seed_source_timestamp":2774585451768000,"circlet_count":0,"master_deck":["Strike_R","Strike_R","Strike_R+1","Defend_R+1","Defend_R","Defend_R","Defend_R","Bash","Armaments","Corruption","Seeing Red","Ghostly Armor","Cleave","Twin Strike","Flex","HandOfGreed+1","Clash","Berserk","Metallicize","Iron Wave"],"relics":["Burning Blood","Bag of Marbles","Smiling Mask","Strawberry","Paper Frog","Black Star"],"potions_floor_usage":[6,7,10,16,18],"damage_taken":[{"damage":0,"enemies":"Small Slimes","floor":1,"turns":4},{"damage":0,"enemies":"Cultist","floor":4,"turns":3},{"damage":0,"enemies":"2 Louse","floor":5,"turns":2},{"damage":27,"enemies":"3 Sentries","floor":6,"turns":16},{"damage":6,"enemies":"Looter","floor":7,"turns":2},{"damage":17,"enemies":"Exordium Wildlife","floor":8,"turns":5},{"damage":8,"enemies":"Gremlin Nob","floor":10,"turns":3},{"damage":6,"enemies":"Exordium Thugs","floor":13,"turns":4},{"damage":52,"enemies":"Hexaghost","floor":16,"turns":9},{"damage":26,"enemies":"3 Byrds","floor":18,"turns":8},{"damage":11,"enemies":"Chosen","floor":19,"turns":6},{"damage":50,"enemies":"Snake Plant","floor":20,"turns":4}],"seed_played":"-5340169435502353207","potions_obtained":[{"floor":4,"key":"SteroidPotion"},{"floor":6,"key":"Energy Potion"},{"floor":7,"key":"SteroidPotion"},{"floor":10,"key":"FearPotion"},{"floor":16,"key":"Fire Potion"}],"is_trial":false,"path_per_floor":["M","?","?","M","M","E","M","M","T","E","$","R","M","?","R","B",null,"M","M","M"],"character_chosen":"IRONCLAD","items_purchased":["HandOfGreed"],"campfire_rested":2,"item_purchase_floors":[11],"current_hp_per_floor":[57,41,41,47,53,32,32,21,28,26,26,52,52,52,78,32,73,53,48,0],"gold":282,"neow_bonus":"TRANSFORM_TWO_CARDS","is_prod":false,"is_daily":false,"chose_seed":false,"campfire_upgraded":0,"win_rate":0,"timestamp":1568403677,"path_taken":["M","?","?","M","M","E","M","?","T","E","$","R","M","?","R","BOSS","M","?","M"],"build_version":"2019-07-17","purchased_purges":0,"victory":false,"max_hp_per_floor":[80,80,80,80,80,80,80,80,87,87,87,87,87,87,87,87,87,87,87,87],"card_choices":[{"not_picked":["Anger","Warcry"],"picked":"Armaments","floor":1},{"not_picked":["Combust","Perfected Strike"],"picked":"Seeing Red","floor":4},{"not_picked":["Armaments","Sentinel"],"picked":"Ghostly Armor","floor":5},{"not_picked":["Evolve","Rage"],"picked":"Cleave","floor":6},{"not_picked":["Brutality","Rampage"],"picked":"Twin Strike","floor":7},{"not_picked":["Body Slam","Sentinel","Clothesline"],"picked":"SKIP","floor":8},{"not_picked":["Searing Blow","Pommel Strike"],"picked":"Flex","floor":10},{"not_picked":["Rupture","Intimidate"],"picked":"Clash","floor":13},{"not_picked":["Limit Break","Brutality"],"picked":"Berserk","floor":16},{"not_picked":["Heavy Blade","Sword Boomerang"],"picked":"Metallicize","floor":18},{"not_picked":["Heavy Blade","Burning Pact+1"],"picked":"Iron Wave","floor":19}],"player_experience":174029,"relics_obtained":[{"floor":6,"key":"Smiling Mask"},{"floor":9,"key":"Strawberry"},{"floor":10,"key":"Paper Frog"}],"event_choices":[{"damage_healed":0,"gold_gain":0,"player_choice":"Entered Light","damage_taken":16,"max_hp_gain":0,"max_hp_loss":0,"event_name":"Shining Light","floor":2,"gold_loss":0,"cards_upgraded":["Strike_R","Defend_R"]},{"cards_removed":["Armaments"],"damage_healed":0,"gold_gain":0,"player_choice":"Gave Card","damage_taken":0,"relics_obtained":["Bag of Marbles"],"max_hp_gain":0,"max_hp_loss":0,"event_name":"WeMeetAgain","floor":3,"gold_loss":0},{"damage_healed":0,"gold_gain":0,"player_choice":"Upgraded","damage_taken":0,"max_hp_gain":0,"max_hp_loss":0,"event_name":"Upgrade Shrine","floor":14,"gold_loss":0,"cards_upgraded":["HandOfGreed"]}],"is_beta":false,"boss_relics":[{"not_picked":["Calling Bell","Eternal Feather"],"picked":"Black Star"}],"items_purged_floors":[],"is_endless":false,"potions_floor_spawned":[4,6,7,10,16],"killed_by":"Snake Plant","ascension_level":6}