{"gold_per_floor":[114,114,79,254,273,273,10,48,48,67,105,105,143,162,162,287,287,306,306,325,344,19,19,38,38],"floor_reached":25,"playtime":1292,"items_purged":["Doubt","Strike_B"],"score":246,"play_id":"c797a72a-4338-4eea-91e0-72ed49ddb755","local_time":"20190910182339","daily_mods":["Allstar","ControlledChaos","Lethality"],"is_ascension_mode":false,"campfire_choices":[{"data":"Transmutation","floor":6,"key":"SMITH"},{"data":"Sunder","floor":12,"key":"SMITH"},{"floor":15,"key":"REST"},{"floor":23,"key":"REST"}],"neow_cost":"","seed_source_timestamp":0,"circlet_count":0,"master_deck":["Strike_B","Strike_B","Strike_B","Defend_B+1","Defend_B","Defend_B+1","Defend_B","Zap","Dualcast","Dark Shackles","Chrysalis","Thinking Ahead","Purity","Transmutation+1","Turbo","FTL","Sunder+1","Sweeping Beam","Aggregate","Coolheaded","Double Energy","Buffer","Gash","Heatsinks","Coolheaded","Apotheosis","Capacitor","Gash+1"],"special_seed":18149,"relics":["Cracked Core","Frozen Eye","Golden Idol","Membership Card","Sundial","Ginger","War Paint","Omamori","Cursed Key","Mercury Hourglass"],"potions_floor_usage":[11,11,24,24],"damage_taken":[{"damage":0,"enemies":"Cultist","floor":1,"turns":3},{"damage":0,"enemies":"Small Slimes","floor":5,"turns":2},{"damage":8,"enemies":"Lagavulin","floor":8,"turns":6},{"damage":0,"enemies":"2 Louse","floor":10,"turns":2},{"damage":21,"enemies":"3 Sentries","floor":11,"turns":5},{"damage":0,"enemies":"Gremlin Nob","floor":13,"turns":2},{"damage":0,"enemies":"Blue Slaver","floor":14,"turns":1},{"damage":70,"enemies":"Hexaghost","floor":16,"turns":9},{"damage":21,"enemies":"Spheric Guardian","floor":18,"turns":5},{"damage":18,"enemies":"2 Thieves","floor":20,"turns":3},{"damage":19,"enemies":"Snecko","floor":21,"turns":5},{"damage":28,"enemies":"Snake Plant","floor":24,"turns":5},{"damage":43,"enemies":"Slavers","floor":25,"turns":2}],"seed_played":"-2019091919032284285","potions_obtained":[{"floor":8,"key":"Regen Potion"},{"floor":11,"key":"FocusPotion"},{"floor":16,"key":"FearPotion"},{"floor":18,"key":"LiquidBronze"},{"floor":19,"key":"FairyPotion"},{"floor":24,"key":"Poison Potion"}],"is_trial":false,"path_per_floor":["M","?","?","?","M","R","$","E","T","M","E","R","E","M","R","B",null,"M","?","M","M","$","R","M","E"],"character_chosen":"DEFECT","items_purchased":["Membership Card","Strength Potion","Mercury Hourglass","Apotheosis","Regen Potion","Capacitor"],"campfire_rested":2,"item_purchase_floors":[7,7,22,22,22,22],"current_hp_per_floor":[75,57,75,75,75,75,75,67,67,67,60,60,60,60,75,5,75,54,54,36,17,17,39,23,0],"gold":38,"neow_bonus":"","is_prod":false,"is_daily":true,"chose_seed":false,"campfire_upgraded":2,"win_rate":0,"timestamp":1568132619,"path_taken":["M","?","?","?","M","R","?","E","T","M","E","R","E","?","R","BOSS","M","?","M","?","$","R","M","E"],"build_version":"2019-07-17","purchased_purges":2,"victory":false,"max_hp_per_floor":[75,75,75,75,75,75,75,75,75,75,75,75,75,75,75,75,75,75,75,75,75,75,75,75,75],"card_choices":[{"not_picked":["Compile Driver","Leap"],"picked":"Turbo","floor":1},{"not_picked":["Cold Snap","Redo"],"picked":"FTL","floor":5},{"not_picked":["Auto Shields","Steam"],"picked":"Sunder","floor":8},{"not_picked":["Conserve Battery","Go for the Eyes"],"picked":"Sweeping Beam","floor":10},{"not_picked":["Barrage","Ball Lightning"],"picked":"Aggregate","floor":11},{"not_picked":["Core Surge","Gash"],"picked":"Coolheaded","floor":13},{"not_picked":["Ball Lightning","Steam"],"picked":"Double Energy","floor":14},{"not_picked":["Hyperbeam","Thunder Strike"],"picked":"Buffer","floor":16},{"not_picked":["Steam Power","Go for the Eyes"],"picked":"Gash","floor":18},{"not_picked":["Conserve Battery","Barrage"],"picked":"Heatsinks","floor":20},{"not_picked":["Fusion","Heatsinks"],"picked":"Coolheaded","floor":21},{"not_picked":["Rebound","Sweeping Beam"],"picked":"Gash+1","floor":24}],"player_experience":120349,"relics_obtained":[{"floor":8,"key":"Sundial"},{"floor":9,"key":"Ginger"},{"floor":11,"key":"War Paint"},{"floor":13,"key":"Omamori"}],"event_choices":[{"damage_healed":0,"gold_gain":0,"player_choice":"Take Damage","damage_taken":18,"relics_obtained":["Golden Idol"],"max_hp_gain":0,"max_hp_loss":0,"event_name":"Golden Idol","floor":2,"gold_loss":0},{"damage_healed":18,"gold_gain":0,"player_choice":"Healed","damage_taken":0,"max_hp_gain":0,"max_hp_loss":0,"event_name":"The Cleric","floor":3,"gold_loss":35},{"damage_healed":0,"gold_gain":175,"player_choice":"AGREE","damage_taken":0,"max_hp_gain":0,"max_hp_loss":0,"event_name":"Liars Game","floor":4,"gold_loss":0,"cards_obtained":["Doubt"]},{"damage_healed":0,"gold_gain":0,"player_choice":"Got Potions","damage_taken":0,"max_hp_gain":0,"max_hp_loss":0,"event_name":"Lab","floor":19,"gold_loss":0}],"is_beta":false,"boss_relics":[{"not_picked":["Pandora\u0027s Box","Velvet Choker"],"picked":"Cursed Key"}],"items_purged_floors":[7,22],"is_endless":false,"potions_floor_spawned":[8,11,16,18,24],"killed_by":"Slavers","ascension_level":0}