{"gold_per_floor":[119,135,135,151,171,171,198,218,218,218,287,303,303,303,303,407,407,426,46,46,56,356,356,356,381,381,399,418,5,5],"floor_reached":30,"playtime":1456,"items_purged":[],"score":300,"play_id":"5b7f170c-49f2-415c-8923-0f65d9704e6b","local_time":"20190913191436","is_ascension_mode":true,"campfire_choices":[{"data":"A Thousand Cuts","floor":6,"key":"SMITH"},{"floor":10,"key":"REST"},{"floor":15,"key":"REST"},{"data":"Footwork","floor":23,"key":"SMITH"}],"neow_cost":"NONE","seed_source_timestamp":2765463375966700,"circlet_count":0,"master_deck":["Strike_G","Strike_G","Strike_G","Strike_G","Defend_G","Defend_G","Defend_G","Defend_G","Defend_G+1","Survivor+1","Neutralize+1","Poisoned Stab","Footwork+1","A Thousand Cuts+1","Backflip","Blur","Bouncing Flask","Underhanded Strike","Terror","Bullet Time","Poisoned Stab","Envenom","Poisoned Stab","Dagger Spray+1","Necronomicurse","Terror","Cloak And Dagger","Underhanded Strike","Apotheosis","Infinite Blades"],"relics":["Ring of the Snake","Dream Catcher","Gremlin Horn","Pantograph","Busted Crown","TwistedFunnel","Snake Skull","Necronomicon","Old Coin","Paper Crane","Whetstone","Regal Pillow"],"potions_floor_usage":[7,7,16,25,30,30],"damage_taken":[{"damage":6,"enemies":"Cultist","floor":1,"turns":5},{"damage":2,"enemies":"2 Louse","floor":2,"turns":2},{"damage":0,"enemies":"Small Slimes","floor":4,"turns":3},{"damage":26,"enemies":"Exordium Thugs","floor":5,"turns":8},{"damage":39,"enemies":"Gremlin Nob","floor":7,"turns":5},{"damage":0,"enemies":"Blue Slaver","floor":8,"turns":5},{"damage":0,"enemies":"2 Fungi Beasts","floor":12,"turns":4},{"damage":36,"enemies":"Slime Boss","floor":16,"turns":10},{"damage":0,"enemies":"Chosen","floor":18,"turns":4},{"damage":0,"enemies":"Spheric Guardian","floor":21,"turns":2},{"damage":35,"enemies":"Book of Stabbing","floor":25,"turns":5},{"damage":20,"enemies":"Snake Plant","floor":27,"turns":3},{"damage":1,"enemies":"Centurion and Healer","floor":28,"turns":6},{"damage":5,"enemies":"Colosseum Slavers","floor":30,"turns":2}],"seed_played":"9102061820480653954","potions_obtained":[{"floor":1,"key":"LiquidBronze"},{"floor":4,"key":"SkillPotion"},{"floor":8,"key":"Dexterity Potion"},{"floor":16,"key":"SpeedPotion"},{"floor":18,"key":"Regen Potion"},{"floor":25,"key":"Fire Potion"}],"is_trial":false,"path_per_floor":["M","M","?","M","M","R","E","M","T","R","T","M","?","?","R","B",null,"M","$","?","M","?","R","?","E","T","M","M","$","?"],"character_chosen":"THE_SILENT","items_purchased":["TwistedFunnel","Snake Skull","Dagger Spray","Apotheosis","Regal Pillow","Infinite Blades"],"campfire_rested":2,"item_purchase_floors":[19,19,19,29,29,29],"current_hp_per_floor":[71,69,69,69,43,43,4,4,4,27,27,27,12,5,28,17,77,77,77,61,61,61,61,47,26,26,6,5,5,0],"gold":5,"neow_bonus":"TEN_PERCENT_HP_BONUS","is_prod":false,"is_daily":false,"chose_seed":false,"campfire_upgraded":2,"win_rate":0,"timestamp":1568394876,"path_taken":["M","M","?","?","M","R","E","M","T","R","?","M","?","?","R","BOSS","M","$","?","M","?","R","?","E","T","M","M","$","?"],"build_version":"2019-07-17","purchased_purges":0,"victory":false,"max_hp_per_floor":[77,77,77,77,77,77,77,77,77,77,77,77,77,77,77,77,77,77,77,77,77,77,77,82,82,82,82,82,82,82],"card_choices":[{"not_picked":["Slice","Riddle With Holes"],"picked":"Poisoned Stab","floor":1},{"not_picked":["Reflex","Skewer"],"picked":"Footwork","floor":2},{"not_picked":["Slice","Backstab"],"picked":"Backflip","floor":4},{"not_picked":["Flying Knee","Concentrate"],"picked":"Blur","floor":5},{"not_picked":["Outmaneuver","Storm of Steel"],"picked":"Bouncing Flask","floor":7},{"not_picked":["Backflip","Sucker Punch"],"picked":"Underhanded Strike","floor":8},{"not_picked":["Blade Dance","Flying Knee"],"picked":"Terror","floor":10},{"not_picked":["Terror","Bane"],"picked":"Bullet Time","floor":12},{"not_picked":["Blade Dance","Outmaneuver"],"picked":"Poisoned Stab","floor":15},{"not_picked":["Tools of the Trade","Adrenaline"],"picked":"Envenom","floor":16},{"not_picked":[],"picked":"Poisoned Stab","floor":18},{"not_picked":["Cloak And Dagger"],"picked":"SKIP","floor":21},{"not_picked":[],"picked":"Terror","floor":25},{"not_picked":[],"picked":"Cloak And Dagger","floor":27},{"not_picked":[],"picked":"Underhanded Strike","floor":28}],"player_experience":169035,"relics_obtained":[{"floor":7,"key":"Dream Catcher"},{"floor":9,"key":"Gremlin Horn"},{"floor":11,"key":"Pantograph"},{"floor":20,"key":"Necronomicon"},{"floor":25,"key":"Paper Crane"},{"floor":26,"key":"Whetstone"}],"event_choices":[{"damage_healed":0,"gold_gain":0,"cards_transformed":["Strike_G"],"player_choice":"Transformed","damage_taken":0,"max_hp_gain":0,"max_hp_loss":0,"event_name":"Transmorgrifier","floor":3,"gold_loss":0,"cards_obtained":["A Thousand Cuts"]},{"damage_healed":0,"gold_gain":0,"player_choice":"Entered Light","damage_taken":15,"max_hp_gain":0,"max_hp_loss":0,"event_name":"Shining Light","floor":13,"gold_loss":0,"cards_upgraded":["Defend_G","Survivor"]},{"damage_healed":0,"gold_gain":0,"player_choice":"Damaged","damage_taken":7,"max_hp_gain":0,"max_hp_loss":0,"event_name":"Wheel of Change","floor":14,"gold_loss":0},{"damage_healed":0,"gold_gain":0,"player_choice":"Obtained Book","damage_taken":16,"max_hp_gain":0,"max_hp_loss":0,"event_name":"Cursed Tome","floor":20,"gold_loss":0},{"damage_healed":0,"gold_gain":0,"player_choice":"Opened","damage_taken":0,"relics_obtained":["Old Coin"],"max_hp_gain":0,"max_hp_loss":0,"event_name":"The Mausoleum","floor":22,"gold_loss":0},{"damage_healed":0,"gold_gain":0,"player_choice":"Shed Blood","damage_taken":19,"max_hp_gain":5,"max_hp_loss":0,"event_name":"Forgotten Altar","floor":24,"gold_loss":0},{"damage_healed":0,"gold_gain":0,"player_choice":"Fight","damage_taken":0,"max_hp_gain":0,"max_hp_loss":0,"event_name":"Colosseum","floor":30,"gold_loss":0}],"is_beta":false,"boss_relics":[{"not_picked":["Philosopher\u0027s Stone","Sozu"],"picked":"Busted Crown"}],"items_purged_floors":[],"is_endless":false,"potions_floor_spawned":[1,4,8,16,18,25],"killed_by":"Colosseum Slavers","ascension_level":4}