{"gold_per_floor":[114,134,134,144,156,188,199,224,247,247],"floor_reached":10,"playtime":456,"items_purged":[],"score":96,"play_id":"a0884e49-69c3-4160-a2ed-ffb9379f96ff","local_time":"20190913180236","is_ascension_mode":true,"campfire_choices":[],"neow_cost":"NONE","seed_source_timestamp":2762144132138600,"circlet_count":0,"master_deck":["Strike_G","Strike_G","Strike_G","Strike_G","Strike_G","Defend_G","Defend_G","Defend_G","Defend_G","Defend_G","Survivor","Neutralize","Deadly Poison","Cloak And Dagger","Heel Hook","Dagger Spray","Flechettes","Dash","Infinite Blades"],"relics":["Sozu","NlothsMask","Gremlin Horn","Bag of Preparation"],"potions_floor_usage":[],"damage_taken":[{"damage":4,"enemies":"Jaw Worm","floor":1,"turns":3},{"damage":0,"enemies":"Cultist","floor":2,"turns":4},{"damage":0,"enemies":"Small Slimes","floor":4,"turns":3},{"damage":0,"enemies":"Looter","floor":5,"turns":3},{"damage":27,"enemies":"Gremlin Nob","floor":6,"turns":5},{"damage":5,"enemies":"Blue Slaver","floor":7,"turns":3},{"damage":20,"enemies":"3 Sentries","floor":8,"turns":9},{"damage":14,"enemies":"Lagavulin","floor":10,"turns":3}],"seed_played":"690371091773149758","potions_obtained":[],"is_trial":false,"path_per_floor":["M","M","?","M","M","E","M","E","T","E"],"character_chosen":"THE_SILENT","items_purchased":[],"campfire_rested":0,"item_purchase_floors":[],"current_hp_per_floor":[66,66,66,66,66,39,34,14,14,0],"gold":247,"neow_bonus":"BOSS_RELIC","is_prod":false,"is_daily":false,"chose_seed":false,"campfire_upgraded":0,"win_rate":0,"timestamp":1568390556,"path_taken":["M","M","?","?","M","E","M","E","T","E"],"build_version":"2019-07-17","purchased_purges":0,"victory":false,"max_hp_per_floor":[70,70,70,70,70,70,70,70,70,70],"card_choices":[{"not_picked":["Blade Dance","Leg Sweep"],"picked":"Deadly Poison","floor":1},{"not_picked":["Outmaneuver","Dagger Throw"],"picked":"Cloak And Dagger","floor":2},{"not_picked":["Concentrate","Acrobatics"],"picked":"Heel Hook","floor":4},{"not_picked":["Bane","Quick Slash"],"picked":"Dagger Spray","floor":5},{"not_picked":["Tactician","Slice"],"picked":"Flechettes","floor":6},{"not_picked":["Distraction","Outmaneuver"],"picked":"Dash","floor":7},{"not_picked":["Flechettes","Distraction"],"picked":"Infinite Blades","floor":8}],"player_experience":165777,"relics_obtained":[{"floor":6,"key":"Gremlin Horn"},{"floor":8,"key":"Bag of Preparation"}],"event_choices":[{"damage_healed":0,"gold_gain":0,"player_choice":"Trade","damage_taken":0,"relics_obtained":["NlothsMask"],"max_hp_gain":0,"max_hp_loss":0,"event_name":"FaceTrader","floor":3,"gold_loss":0}],"is_beta":false,"boss_relics":[],"items_purged_floors":[],"is_endless":false,"potions_floor_spawned":[5,6],"killed_by":"Lagavulin","ascension_level":4}