{"gold_per_floor":[111,286,286,296,296,324,324,337,337,337,356,356,391,405,405,504,504,514,169,179,179,198,198,0,15,94,94,104,119,138,171,171,273,273,293,14,28,40,40],"floor_reached":39,"playtime":1644,"items_purged":[],"score":490,"play_id":"7150812b-dae7-40f4-82b3-38d6151bc3b7","local_time":"20190728230110","is_ascension_mode":false,"campfire_choices":[{"floor":7,"key":"RECALL"},{"data":"Whirlwind","floor":15,"key":"SMITH"},{"data":"Discovery","floor":23,"key":"SMITH"},{"floor":27,"key":"REST"},{"data":"Demon Form","floor":32,"key":"SMITH"}],"neow_cost":"NONE","seed_source_timestamp":1025409506258222,"circlet_count":0,"master_deck":["Bash","Wild Strike","Cleave","Infernal Blade","Ghostly Armor","Whirlwind+1","Dropkick","Battle Trance","Brutality","Fire Breathing","Body Slam","Demon Form+1","Armaments","Bloodletting","Ghostly Armor","Fire Breathing","Corruption","Sword Boomerang","Flame Barrier","Discovery+1","Dual Wield","Sword Boomerang","Reckless Charge","J.A.X.","Wild Strike","Anger","Whirlwind","Dual Wield","Pommel Strike","Second Wind+1","Battle Trance","Dark Embrace","Havoc+1","Feel No Pain","Second Wind+1","Headbutt","True Grit+1"],"relics":["Burning Blood","NeowsBlessing","WarpedTongs","Letter Opener","Bottled Lightning","Boot","Pandora\u0027s Box","Vajra","Regal Pillow","Gremlin Horn","WingedGreaves","Mark of Pain","DollysMirror"],"potions_floor_usage":[16,16,16,16,16,16,31,33],"damage_taken":[{"damage":0,"enemies":"Small Slimes","floor":1,"turns":1},{"damage":0,"enemies":"2 Louse","floor":4,"turns":1},{"damage":0,"enemies":"Lagavulin","floor":6,"turns":1},{"damage":7,"enemies":"Cultist","floor":8,"turns":3},{"damage":0,"enemies":"2 Fungi Beasts","floor":11,"turns":3},{"damage":34,"enemies":"Gremlin Nob","floor":13,"turns":5},{"damage":9,"enemies":"Large Slime","floor":14,"turns":4},{"damage":43,"enemies":"The Guardian","floor":16,"turns":8},{"damage":21,"enemies":"Spheric Guardian","floor":18,"turns":5},{"damage":1,"enemies":"3 Byrds","floor":20,"turns":3},{"damage":43,"enemies":"Snake Plant","floor":22,"turns":3},{"damage":0,"enemies":"3 Cultists","floor":25,"turns":3},{"damage":31,"enemies":"Centurion and Healer","floor":28,"turns":4},{"damage":9,"enemies":"Snake Plant","floor":29,"turns":4},{"damage":10,"enemies":"3 Cultists","floor":30,"turns":3},{"damage":6,"enemies":"Gremlin Leader","floor":31,"turns":4},{"damage":24,"enemies":"Collector","floor":33,"turns":4},{"damage":15,"enemies":"3 Shapes","floor":35,"turns":1},{"damage":34,"enemies":"Orb Walker","floor":37,"turns":3},{"damage":3,"enemies":"3 Darklings","floor":38,"turns":1},{"damage":48,"enemies":"Writhing Mass","floor":39,"turns":3}],"seed_played":"4264107150814374208","potions_obtained":[{"floor":4,"key":"SteroidPotion"},{"floor":6,"key":"EntropicBrew"},{"floor":14,"key":"Strength Potion"},{"floor":16,"key":"Ancient Potion"},{"floor":18,"key":"Dexterity Potion"},{"floor":25,"key":"Ancient Potion"},{"floor":31,"key":"Strength Potion"},{"floor":37,"key":"FearPotion"}],"is_trial":false,"path_per_floor":["M","?","?","M","?","E","R","M","T","?","M","?","E","M","R","B",null,"M","$","M","?","M","R","$","M","T","R","M","M","M","E","R","B",null,"M","$","M","M","M"],"character_chosen":"IRONCLAD","items_purchased":["Discovery","Dual Wield","Sword Boomerang","Vajra","Regal Pillow","Anger","Feel No Pain","DollysMirror"],"campfire_rested":1,"item_purchase_floors":[19,19,19,19,24,24,36,36],"current_hp_per_floor":[80,80,80,80,80,80,80,79,79,72,78,62,34,31,31,14,80,65,65,70,70,33,33,33,39,39,78,53,50,46,46,46,28,80,71,71,43,46,0],"gold":40,"neow_bonus":"THREE_ENEMY_KILL","is_prod":false,"is_daily":false,"chose_seed":false,"campfire_upgraded":3,"win_rate":0,"timestamp":1564347670,"path_taken":["M","?","?","M","?","E","R","?","T","?","M","?","E","M","R","BOSS","M","$","M","?","M","R","$","M","T","R","M","M","M","E","R","BOSS","M","$","M","M","M"],"build_version":"2019-07-17","purchased_purges":0,"victory":false,"max_hp_per_floor":[80,80,80,80,80,80,80,80,80,80,80,80,80,80,80,80,80,80,80,80,80,80,80,80,80,80,80,80,80,80,80,80,80,80,80,80,80,80,80],"card_choices":[{"not_picked":["Clothesline","Body Slam"],"picked":"Wild Strike","floor":1},{"not_picked":["Dual Wield","Pommel Strike"],"picked":"Cleave","floor":4},{"not_picked":["Hemokinesis","Havoc"],"picked":"Infernal Blade","floor":6},{"not_picked":["Twin Strike","True Grit"],"picked":"Ghostly Armor","floor":8},{"not_picked":["Metallicize","Body Slam"],"picked":"Whirlwind","floor":11},{"not_picked":["Whirlwind","Sword Boomerang"],"picked":"Dropkick","floor":13},{"not_picked":["Sword Boomerang","Fire Breathing"],"picked":"Battle Trance","floor":14},{"not_picked":["Double Tap","Limit Break"],"picked":"Brutality","floor":16},{"not_picked":["Twin Strike+1","Warcry+1"],"picked":"Flame Barrier","floor":18},{"not_picked":["Metallicize","Perfected Strike+1"],"picked":"Reckless Charge","floor":20},{"not_picked":["Shockwave","Headbutt"],"picked":"Wild Strike","floor":22},{"not_picked":["Carnage","Intimidate"],"picked":"Whirlwind","floor":25},{"not_picked":["Havoc+1","Carnage"],"picked":"Dual Wield","floor":28},{"not_picked":["Thunderclap+1","Flex"],"picked":"Pommel Strike","floor":29},{"not_picked":["Twin Strike","Flex"],"picked":"Second Wind+1","floor":30},{"not_picked":["Spot Weakness","True Grit"],"picked":"Battle Trance","floor":31},{"not_picked":["Impervious","Double Tap"],"picked":"Dark Embrace","floor":33},{"not_picked":["Clash","Cleave"],"picked":"Havoc+1","floor":35},{"not_picked":["Searing Blow","Warcry"],"picked":"Headbutt","floor":37},{"not_picked":["Infernal Blade","Shockwave+1"],"picked":"True Grit+1","floor":38}],"player_experience":125026,"relics_obtained":[{"floor":6,"key":"Letter Opener"},{"floor":9,"key":"Bottled Lightning"},{"floor":13,"key":"Boot"},{"floor":26,"key":"Gremlin Horn"},{"floor":31,"key":"WingedGreaves"}],"event_choices":[{"damage_healed":0,"gold_gain":175,"player_choice":"AGREE","damage_taken":0,"max_hp_gain":0,"max_hp_loss":0,"event_name":"Liars Game","floor":2,"gold_loss":0,"cards_obtained":["Doubt"]},{"cards_removed":["Doubt"],"damage_healed":0,"gold_gain":0,"player_choice":"Forget","damage_taken":0,"max_hp_gain":0,"max_hp_loss":0,"event_name":"Living Wall","floor":3,"gold_loss":0},{"damage_healed":0,"gold_gain":0,"player_choice":"Rummage","damage_taken":0,"relics_obtained":["WarpedTongs"],"max_hp_gain":0,"max_hp_loss":0,"event_name":"Accursed Blacksmith","floor":5,"gold_loss":0,"cards_obtained":["Pain"]},{"cards_removed":["Pain"],"damage_healed":0,"gold_gain":0,"player_choice":"Card Removal","damage_taken":7,"max_hp_gain":0,"max_hp_loss":0,"event_name":"Golden Wing","floor":10,"gold_loss":0},{"damage_healed":0,"gold_gain":0,"player_choice":"Entered Light","damage_taken":16,"max_hp_gain":0,"max_hp_loss":0,"event_name":"Shining Light","floor":12,"gold_loss":0,"cards_upgraded":["Defend_R","Strike_R"]},{"damage_healed":0,"gold_gain":0,"player_choice":"Obtain J.A.X.","damage_taken":0,"max_hp_gain":0,"max_hp_loss":0,"event_name":"Drug Dealer","floor":21,"gold_loss":0,"cards_obtained":["J.A.X."]}],"is_beta":false,"boss_relics":[{"not_picked":["Tiny House","Sozu"],"picked":"Pandora\u0027s Box"},{"not_picked":["Busted Crown","Philosopher\u0027s Stone"],"picked":"Mark of Pain"}],"items_purged_floors":[],"is_endless":false,"potions_floor_spawned":[4,6,14,16,18,25,29,31,37],"killed_by":"Writhing Mass","ascension_level":0}