{"gold_per_floor":[114,128,128,145,145,177,177,191,191,201,227,258,258,269,269,367,367,387,406,4,4,19,48,48,103,103,103,139,139,139,150,150,280,280,292,14,14,14,63,63],"floor_reached":40,"playtime":3829,"items_purged":["Defend_R"],"score":434,"play_id":"7c4f5f6a-7a53-4b24-aff6-2a3f1dd6e144","local_time":"20190901141521","is_ascension_mode":false,"campfire_choices":[{"data":"Armaments","floor":7,"key":"SMITH"},{"floor":15,"key":"REST"},{"floor":24,"key":"REST"},{"floor":27,"key":"REST"},{"data":"Demon Form","floor":30,"key":"SMITH"},{"floor":32,"key":"REST"}],"neow_cost":"TEN_PERCENT_HP_LOSS","seed_source_timestamp":1708329200278000,"circlet_count":0,"master_deck":["Strike_R","Strike_R","Strike_R","Strike_R","Strike_R","Defend_R","Defend_R","Defend_R","Bash","Cleave","Dropkick","Disarm","Armaments+1","Infernal Blade","Spot Weakness","Fire Breathing+1","Demon Form+1","Fire Breathing","Berserk","Pommel Strike","Perfected Strike+1","HandOfGreed","Bandage Up","Battle Trance","Cleave","Cleave","Searing Blow+1","Anger+1","Clash","Feed","Clothesline+1","Thunderclap","Warcry","Perfected Strike+1"],"relics":["Black Blood","Red Skull","Orichalcum","Odd Mushroom","Gremlin Horn","Velvet Choker","Nunchaku","Pear","Bird Faced Urn","Ginger","Blood Vial","Charon\u0027s Ashes"],"potions_floor_usage":[6,16,16,16,25,33,33],"damage_taken":[{"damage":9,"enemies":"2 Louse","floor":1,"turns":4},{"damage":1,"enemies":"Cultist","floor":2,"turns":4},{"damage":6,"enemies":"Jaw Worm","floor":4,"turns":2},{"damage":32,"enemies":"Gremlin Nob","floor":6,"turns":5},{"damage":16,"enemies":"Gremlin Gang","floor":8,"turns":5},{"damage":4,"enemies":"Blue Slaver","floor":10,"turns":3},{"damage":10,"enemies":"The Mushroom Lair","floor":11,"turns":4},{"damage":17,"enemies":"Lagavulin","floor":12,"turns":6},{"damage":7,"enemies":"Large Slime","floor":14,"turns":5},{"damage":30,"enemies":"Slime Boss","floor":16,"turns":10},{"damage":31,"enemies":"3 Byrds","floor":18,"turns":5},{"damage":18,"enemies":"Shell Parasite","floor":19,"turns":4},{"damage":21,"enemies":"Chosen and Byrds","floor":22,"turns":5},{"damage":28,"enemies":"Gremlin Leader","floor":23,"turns":4},{"damage":27,"enemies":"Book of Stabbing","floor":25,"turns":4},{"damage":18,"enemies":"Sentry and Sphere","floor":28,"turns":4},{"damage":15,"enemies":"Snake Plant","floor":31,"turns":2},{"damage":80,"enemies":"Collector","floor":33,"turns":7},{"damage":30,"enemies":"3 Darklings","floor":35,"turns":5},{"damage":59,"enemies":"2 Orb Walkers","floor":39,"turns":5},{"damage":62,"enemies":"Nemesis","floor":40,"turns":4}],"seed_played":"3347028994263311602","potions_obtained":[{"floor":2,"key":"GamblersBrew"},{"floor":4,"key":"Weak Potion"},{"floor":10,"key":"LiquidBronze"},{"floor":12,"key":"SteroidPotion"},{"floor":13,"key":"Dexterity Potion"},{"floor":14,"key":"Ancient Potion"},{"floor":16,"key":"FearPotion"},{"floor":19,"key":"AttackPotion"},{"floor":25,"key":"SkillPotion"},{"floor":28,"key":"EssenceOfSteel"}],"is_trial":false,"path_per_floor":["M","M","?","M","?","E","R","M","T","M","?","E","?","M","R","B",null,"M","M","$","?","M","E","R","E","T","R","M","?","R","M","R","B",null,"M","$","?","$","?","E"],"character_chosen":"IRONCLAD","items_purchased":["HandOfGreed","Bandage Up","Battle Trance","Thunderclap","Blood Vial","AttackPotion","Warcry"],"campfire_rested":4,"item_purchase_floors":[20,20,20,36,36,36,36],"current_hp_per_floor":[69,72,82,82,82,56,56,46,46,48,44,33,33,32,56,32,82,57,45,45,45,34,16,40,33,33,60,56,56,56,49,76,14,92,82,82,82,82,43,0],"gold":63,"neow_bonus":"THREE_RARE_CARDS","is_prod":false,"is_daily":false,"chose_seed":false,"campfire_upgraded":2,"win_rate":0.0,"timestamp":1567340121,"path_taken":["M","M","?","?","?","E","R","M","T","?","?","E","?","M","R","BOSS","M","?","$","?","?","E","R","E","T","R","M","?","R","M","R","BOSS","M","$","?","?","?","E"],"build_version":"2019-07-17","purchased_purges":1,"victory":false,"max_hp_per_floor":[72,72,82,82,82,82,82,82,82,82,82,82,82,82,82,82,82,82,82,82,82,82,82,82,92,92,92,92,92,92,92,92,92,92,92,92,92,92,92,92],"card_choices":[{"not_picked":["Fiend Fire","Limit Break"],"picked":"Juggernaut","floor":0},{"not_picked":["Clash","Bloodletting"],"picked":"Cleave","floor":1},{"not_picked":["Heavy Blade","Clash"],"picked":"Dropkick","floor":2},{"not_picked":["Infernal Blade","Sword Boomerang"],"picked":"Disarm","floor":4},{"not_picked":["Cleave","Flame Barrier"],"picked":"Armaments","floor":6},{"not_picked":["Rupture","Armaments"],"picked":"Infernal Blade","floor":8},{"not_picked":["Sword Boomerang","Cleave"],"picked":"Spot Weakness","floor":10},{"not_picked":["Flame Barrier","Spot Weakness"],"picked":"Fire Breathing","floor":11},{"not_picked":["Perfected Strike","Armaments"],"picked":"Demon Form","floor":12},{"not_picked":["Perfected Strike","Clothesline"],"picked":"Fire Breathing","floor":14},{"not_picked":["Reaper","Bludgeon"],"picked":"Berserk","floor":16},{"not_picked":["True Grit","Dual Wield"],"picked":"Pommel Strike","floor":18},{"not_picked":["Body Slam","Ghostly Armor"],"picked":"Perfected Strike+1","floor":19},{"not_picked":["Armaments","Perfected Strike"],"picked":"Cleave","floor":22},{"not_picked":["Bloodletting+1","Impervious"],"picked":"Cleave","floor":23},{"not_picked":["Heavy Blade","Pommel Strike"],"picked":"Searing Blow+1","floor":25},{"not_picked":["Entrench+1","Headbutt"],"picked":"Anger+1","floor":28},{"not_picked":["Second Wind","Pommel Strike"],"picked":"Clash","floor":31},{"not_picked":["Limit Break","Fiend Fire"],"picked":"Feed","floor":33},{"not_picked":["Sever Soul+1","Shrug It Off"],"picked":"Clothesline+1","floor":35},{"not_picked":["Shrug It Off+1","Twin Strike"],"picked":"Perfected Strike+1","floor":39}],"player_experience":6975,"relics_obtained":[{"floor":6,"key":"Red Skull"},{"floor":9,"key":"Orichalcum"},{"floor":11,"key":"Odd Mushroom"},{"floor":12,"key":"Gremlin Horn"},{"floor":23,"key":"Nunchaku"},{"floor":25,"key":"Pear"},{"floor":26,"key":"Bird Faced Urn"},{"floor":39,"key":"Charon\u0027s Ashes"}],"event_choices":[{"cards_removed":["Juggernaut"],"damage_healed":0,"gold_gain":0,"player_choice":"Offered Rare","damage_taken":0,"max_hp_gain":10,"max_hp_loss":0,"event_name":"Bonfire Elementals","floor":3,"gold_loss":0},{"damage_healed":0,"gold_gain":0,"player_choice":"Cursed","damage_taken":0,"max_hp_gain":0,"max_hp_loss":0,"event_name":"Wheel of Change","floor":5,"gold_loss":0,"cards_obtained":["Decay"]},{"damage_healed":0,"gold_gain":0,"player_choice":"Fought Mushrooms","damage_taken":0,"max_hp_gain":0,"max_hp_loss":0,"event_name":"Mushrooms","floor":11,"gold_loss":0},{"damage_healed":0,"gold_gain":0,"player_choice":"Got Potions","damage_taken":0,"max_hp_gain":0,"max_hp_loss":0,"event_name":"Lab","floor":13,"gold_loss":0},{"damage_healed":0,"gold_gain":0,"player_choice":"Forge","damage_taken":0,"max_hp_gain":0,"max_hp_loss":0,"event_name":"Accursed Blacksmith","floor":21,"gold_loss":0,"cards_upgraded":["Fire Breathing"]},{"damage_healed":0,"gold_gain":0,"player_choice":"Opened","damage_taken":0,"relics_obtained":["Ginger"],"max_hp_gain":0,"max_hp_loss":0,"event_name":"The Mausoleum","floor":29,"gold_loss":0},{"cards_removed":["Decay"],"damage_healed":0,"gold_gain":0,"player_choice":"Removed Curses","damage_taken":0,"max_hp_gain":0,"max_hp_loss":0,"event_name":"Fountain of Cleansing","floor":37,"gold_loss":0},{"damage_healed":0,"gold_gain":0,"player_choice":"Fight","damage_taken":0,"max_hp_gain":0,"max_hp_loss":0,"event_name":"Mysterious Sphere","floor":39,"gold_loss":0}],"is_beta":false,"boss_relics":[{"not_picked":["Black Star","Sozu"],"picked":"Velvet Choker"},{"not_picked":["Runic Dome","Coffee Dripper"],"picked":"Black Blood"}],"items_purged_floors":[20],"is_endless":false,"potions_floor_spawned":[2,4,10,12,14,16,19,25,28],"killed_by":"Nemesis","ascension_level":0}