{"gold_per_floor":[118,118,118,8,24,59,59,90,136,148,175,7,7,27,27,128,178,195,207,482,499,53,81,93,118,141,171,186,212,212,232,232,336,336,355,366,45,45,65,91,91,0,45,60,385,63,75,89,89,89],"floor_reached":51,"playtime":3322,"items_purged":["Regret","Regret","Strike_B+1","Decay"],"score":1109,"play_id":"b64a28db-1c4e-44da-bd86-0e18715ab2ad","local_time":"20190918191957","is_ascension_mode":true,"campfire_choices":[{"floor":7,"key":"REST"},{"data":"Apotheosis","floor":15,"key":"SMITH"},{"data":"1","floor":30,"key":"LIFT"},{"data":"2","floor":32,"key":"LIFT"},{"floor":41,"key":"REST"},{"data":"3","floor":49,"key":"LIFT"}],"neow_cost":"NONE","seed_source_timestamp":3195846897187600,"circlet_count":0,"master_deck":["Strike_B+1","Strike_B","Strike_B","Defend_B","Defend_B","Defend_B","Defend_B","Zap+1","Dualcast","Cold Snap","Static Discharge","Leap","Leap","Stack","Cold Snap","Beam Cell","Apotheosis+1","Sunder","Seek","Conserve Battery","Leap","Chaos","Undo","Storm","FTL+1","Self Repair","FTL+1","Compile Driver+1","Reinforced Body","Storm+1","FTL+1","Echo Form+1","Static Discharge+1","Self Repair+1","Storm+1","Self Repair+1","Stack+1","Hologram","Hello World+1","Leap","Amplify","Static Discharge+1","Defragment+1","Master of Strategy","Go for the Eyes+1","Conserve Battery"],"relics":["Cracked Core","Whetstone","Lantern","Bag of Marbles","Symbiotic Virus","Shuriken","Smiling Mask","Bronze Scales","GremlinMask","Tiny House","DataDisk","Lee\u0027s Waffle","Molten Egg 2","Frozen Egg 2","Centennial Puzzle","Potion Belt","Girya","Sozu","DollysMirror","Pear","Ancient Tea Set","Old Coin"],"potions_floor_usage":[6,16,18,25,27,33,40],"damage_taken":[{"damage":0,"enemies":"2 Louse","floor":1,"turns":1},{"damage":0,"enemies":"Small Slimes","floor":5,"turns":2},{"damage":7,"enemies":"Gremlin Nob","floor":6,"turns":3},{"damage":8,"enemies":"3 Sentries","floor":8,"turns":7},{"damage":1,"enemies":"Cultist","floor":10,"turns":3},{"damage":11,"enemies":"Gremlin Nob","floor":11,"turns":4},{"damage":2,"enemies":"Red Slaver","floor":14,"turns":2},{"damage":14,"enemies":"The Guardian","floor":16,"turns":11},{"damage":18,"enemies":"Shell Parasite","floor":18,"turns":5},{"damage":3,"enemies":"3 Byrds","floor":19,"turns":2},{"damage":7,"enemies":"Centurion and Healer","floor":21,"turns":6},{"damage":9,"enemies":"Book of Stabbing","floor":23,"turns":5},{"damage":4,"enemies":"Cultist and Chosen","floor":24,"turns":5},{"damage":26,"enemies":"Slavers","floor":25,"turns":4},{"damage":8,"enemies":"Book of Stabbing","floor":27,"turns":5},{"damage":10,"enemies":"Sentry and Sphere","floor":28,"turns":4},{"damage":4,"enemies":"Slavers","floor":29,"turns":5},{"damage":0,"enemies":"Snecko","floor":31,"turns":4},{"damage":23,"enemies":"Automaton","floor":33,"turns":7},{"damage":30,"enemies":"3 Darklings","floor":35,"turns":4},{"damage":0,"enemies":"3 Shapes","floor":36,"turns":4},{"damage":4,"enemies":"3 Darklings","floor":39,"turns":5},{"damage":57,"enemies":"Reptomancer","floor":40,"turns":5},{"damage":2,"enemies":"Transient","floor":44,"turns":5},{"damage":47,"enemies":"Nemesis","floor":45,"turns":5},{"damage":4,"enemies":"4 Shapes","floor":47,"turns":4},{"damage":4,"enemies":"3 Darklings","floor":48,"turns":2},{"damage":73,"enemies":"Awakened One","floor":50,"turns":9}],"seed_played":"-7382969476691484188","potions_obtained":[{"floor":5,"key":"PowerPotion"},{"floor":11,"key":"Dexterity Potion"},{"floor":14,"key":"FairyPotion"},{"floor":16,"key":"Weak Potion"},{"floor":17,"key":"Ancient Potion"},{"floor":19,"key":"Explosive Potion"},{"floor":21,"key":"LiquidBronze"},{"floor":25,"key":"Dexterity Potion"},{"floor":29,"key":"PowerPotion"}],"is_trial":false,"path_per_floor":["M","?","?","$","M","E","R","E","T","M","E","$","?","M","R","B",null,"M","M","?","M","$","E","M","E","T","E","M","E","R","M","R","B",null,"M","M","$","?","M","E","R","$","T","M","E","$","M","M","R","B",null],"character_chosen":"DEFECT","items_purchased":["Static Discharge","Apotheosis","Storm","DataDisk","Lee\u0027s Waffle","Storm+1","DollysMirror","Hello World+1","Leap","Defragment+1","Master of Strategy"],"campfire_rested":2,"item_purchase_floors":[4,12,22,22,22,37,37,42,42,46,46],"current_hp_per_floor":[68,68,65,65,65,58,75,67,67,66,55,55,55,53,53,39,71,53,50,50,43,87,78,74,58,58,60,57,63,63,63,63,50,78,55,55,55,55,71,64,93,93,93,97,80,80,96,97,97,44],"gold":89,"neow_bonus":"RANDOM_COMMON_RELIC","is_prod":false,"is_daily":false,"chose_seed":false,"campfire_upgraded":1,"win_rate":0,"timestamp":1568827197,"path_taken":["M","?","?","$","M","E","R","E","T","M","E","$","?","M","R","BOSS","M","M","?","M","$","E","M","E","T","E","?","E","R","M","R","BOSS","M","M","$","?","M","E","R","$","T","M","E","$","?","M","R","BOSS"],"build_version":"2019-07-17","purchased_purges":4,"victory":true,"max_hp_per_floor":[75,75,75,75,75,75,75,75,75,75,75,75,75,75,75,75,80,80,80,80,80,87,87,87,87,87,87,87,87,87,87,87,87,87,87,87,87,87,87,97,97,97,97,97,97,97,97,97,97,97],"card_choices":[{"not_picked":["Leap","Tempest"],"picked":"Cold Snap","floor":1},{"not_picked":["Go for the Eyes","Gash"],"picked":"Leap","floor":5},{"not_picked":["Gash","Rebound"],"picked":"Leap","floor":6},{"not_picked":["Go for the Eyes","Rebound"],"picked":"Stack","floor":8},{"not_picked":["Coolheaded","Hologram"],"picked":"Cold Snap","floor":10},{"not_picked":["Biased Cognition","Skim"],"picked":"Beam Cell","floor":11},{"not_picked":["Redo","Rebound"],"picked":"Sunder","floor":14},{"not_picked":["Hyperbeam","Core Surge"],"picked":"Seek","floor":16},{"not_picked":["Genetic Algorithm","FTL"],"picked":"Conserve Battery","floor":17},{"not_picked":["Coolheaded","Sweeping Beam"],"picked":"Leap","floor":18},{"not_picked":["Reprogram","Force Field+1"],"picked":"Chaos","floor":19},{"not_picked":["Sunder+1","Barrage"],"picked":"Undo","floor":21},{"not_picked":["Ball Lightning+1","Force Field"],"picked":"FTL","floor":23},{"not_picked":["Tempest","Beam Cell+1"],"picked":"Self Repair","floor":24},{"not_picked":["Go for the Eyes+1","Streamline+1"],"picked":"FTL+1","floor":25},{"not_picked":["Blizzard+1","Streamline+1"],"picked":"Compile Driver+1","floor":27},{"not_picked":["Cold Snap+1","Tempest"],"picked":"Reinforced Body","floor":28},{"not_picked":["Ball Lightning+1","Amplify"],"picked":"Storm+1","floor":29},{"not_picked":["Sweeping Beam+1","Gash+1"],"picked":"FTL+1","floor":31},{"not_picked":["Biased Cognition+1","Multi-Cast"],"picked":"Echo Form+1","floor":33},{"not_picked":["Turbo","Coolheaded"],"picked":"Static Discharge+1","floor":35},{"not_picked":["Barrage+1","Redo+1"],"picked":"Self Repair+1","floor":36},{"not_picked":["Sweeping Beam+1","Barrage+1"],"picked":"Stack+1","floor":39},{"not_picked":["Ball Lightning+1","Cold Snap+1"],"picked":"Hologram","floor":40},{"not_picked":["Redo+1","Barrage+1"],"picked":"Amplify","floor":44},{"not_picked":["Fusion+1","Doom and Gloom+1"],"picked":"Static Discharge+1","floor":45},{"not_picked":["Coolheaded+1","Redo+1"],"picked":"Go for the Eyes+1","floor":47},{"not_picked":["Hologram","Coolheaded"],"picked":"Conserve Battery","floor":48}],"player_experience":246279,"relics_obtained":[{"floor":6,"key":"Symbiotic Virus"},{"floor":8,"key":"Shuriken"},{"floor":9,"key":"Smiling Mask"},{"floor":11,"key":"Bronze Scales"},{"floor":23,"key":"Molten Egg 2"},{"floor":25,"key":"Frozen Egg 2"},{"floor":26,"key":"Centennial Puzzle"},{"floor":27,"key":"Potion Belt"},{"floor":29,"key":"Girya"},{"floor":40,"key":"Pear"},{"floor":43,"key":"Ancient Tea Set"},{"floor":45,"key":"Old Coin"}],"event_choices":[{"damage_healed":0,"gold_gain":0,"player_choice":"Box","damage_taken":0,"relics_obtained":["Lantern"],"max_hp_gain":0,"max_hp_loss":0,"event_name":"Big Fish","floor":2,"gold_loss":0,"cards_obtained":["Regret"]},{"damage_healed":0,"gold_gain":0,"player_choice":"Success","damage_taken":3,"relics_obtained":["Bag of Marbles"],"max_hp_gain":0,"max_hp_loss":0,"event_name":"Scrap Ooze","floor":3,"gold_loss":0},{"damage_healed":0,"gold_gain":0,"player_choice":"Trade","damage_taken":0,"relics_obtained":["GremlinMask"],"max_hp_gain":0,"max_hp_loss":0,"event_name":"FaceTrader","floor":13,"gold_loss":0},{"damage_healed":0,"gold_gain":275,"player_choice":"Desecrate","damage_taken":0,"max_hp_gain":0,"max_hp_loss":0,"event_name":"Golden Shrine","floor":20,"gold_loss":0,"cards_obtained":["Regret"]},{"damage_healed":0,"gold_gain":0,"player_choice":"Cursed","damage_taken":0,"max_hp_gain":0,"max_hp_loss":0,"event_name":"Wheel of Change","floor":38,"gold_loss":0,"cards_obtained":["Decay"]}],"is_beta":false,"boss_relics":[{"not_picked":["Nuclear Battery","Coffee Dripper"],"picked":"Tiny House"},{"not_picked":["FrozenCore","Astrolabe"],"picked":"Sozu"}],"items_purged_floors":[4,22,37,46],"is_endless":false,"potions_floor_spawned":[5,11,14,16,19,21,25,29,35,45,47,48],"ascension_level":6}