{"gold_per_floor":[112,112,129,145,160,195,195,205,205,205,220,232,258,258,258,335,335,345,363,378,35,85,85,116,116,186,204,219,219,230,255,255,255],"floor_reached":33,"playtime":2292,"items_purged":["Regret"],"score":652,"play_id":"0762f78f-85f5-4e72-af97-25b5310d68ef","local_time":"20191009180733","is_ascension_mode":true,"campfire_choices":[{"data":"Genetic Algorithm","floor":7.0,"key":"SMITH"},{"data":"Capacitor","floor":10.0,"key":"SMITH"},{"data":"Consume","floor":15.0,"key":"SMITH"},{"floor":23.0,"key":"REST"},{"floor":29,"key":"REST"},{"floor":32,"key":"REST"}],"neow_cost":"PERCENT_DAMAGE","seed_source_timestamp":935058664649900,"circlet_count":0,"master_deck":["AscendersBane","Defend_B","Defend_B","Defend_B","Defend_B","Zap","Dualcast","Skim","Go for the Eyes","Genetic Algorithm+1","Hyperbeam","Capacitor+1","Streamline","Static Discharge","Auto Shields","Consume+1","Coolheaded","All For One","Chill","FTL","Aggregate","Bandage Up","Stack","Force Field","Skim","Hologram","Leap","Machine Learning"],"special_seed":0,"relics":["FrozenCore","Pear","Darkstone Periapt","Gremlin Horn","Singing Bowl","Boot","Strawberry","Mercury Hourglass","Regal Pillow"],"potions_floor_usage":[31,33],"damage_taken":[{"damage":9.0,"enemies":"2 Louse","floor":1.0,"turns":3.0},{"damage":1.0,"enemies":"Cultist","floor":3.0,"turns":3.0},{"damage":5.0,"enemies":"Jaw Worm","floor":4.0,"turns":5.0},{"damage":6.0,"enemies":"3 Louse","floor":5.0,"turns":3.0},{"damage":14.0,"enemies":"Gremlin Nob","floor":6.0,"turns":3.0},{"damage":2.0,"enemies":"2 Fungi Beasts","floor":8.0,"turns":3.0},{"damage":4.0,"enemies":"Looter","floor":11.0,"turns":3.0},{"damage":0.0,"enemies":"Exordium Thugs","floor":12.0,"turns":4.0},{"damage":19.0,"enemies":"Lagavulin","floor":13.0,"turns":7.0},{"damage":29.0,"enemies":"Slime Boss","floor":16.0,"turns":9.0},{"damage":25.0,"enemies":"2 Thieves","floor":18.0,"turns":5.0},{"damage":10.0,"enemies":"3 Byrds","floor":19.0,"turns":5.0},{"damage":10.0,"enemies":"Centurion and Healer","floor":20.0,"turns":6.0},{"damage":33.0,"enemies":"Gremlin Leader","floor":24.0,"turns":9.0},{"damage":14,"enemies":"Snake Plant","floor":27,"turns":5},{"damage":5,"enemies":"Snecko","floor":28,"turns":10},{"damage":3,"enemies":"Chosen and Byrds","floor":30,"turns":8},{"damage":55,"enemies":"Slavers","floor":31,"turns":7},{"damage":75,"enemies":"Automaton","floor":33,"turns":14}],"seed_played":"3483884364810740394","potions_obtained":[{"floor":1.0,"key":"PowerPotion"},{"floor":3.0,"key":"SteroidPotion"},{"floor":8.0,"key":"Explosive Potion"},{"floor":11.0,"key":"Poison Potion"},{"floor":13.0,"key":"Weak Potion"},{"floor":16.0,"key":"Ancient Potion"},{"floor":18.0,"key":"Explosive Potion"},{"floor":19.0,"key":"SpeedPotion"},{"floor":20.0,"key":"FocusPotion"},{"floor":31,"key":"Ancient Potion"}],"is_trial":false,"path_per_floor":["M","?","M","M","M","E","R","M","T","R","M","M","E","?","R","B",null,"M","M","M","$","?","R","E","?","T","M","M","R","M","E","R","B"],"character_chosen":"DEFECT","items_purchased":["Bandage Up","Boot"],"campfire_rested":3,"item_purchase_floors":[21,21],"current_hp_per_floor":[37,81,80,75,69,65,65,63,63,63,59,59,40,46,46,17,77,52,42,32,32,32,61,39,39,39,31,30,61,62,11,57,0],"gold":255,"neow_bonus":"TRANSFORM_TWO_CARDS","is_prod":false,"is_daily":false,"chose_seed":false,"campfire_upgraded":3,"win_rate":0,"timestamp":1570637253,"path_taken":["M","?","M","M","M","E","R","?","T","R","?","M","E","?","R","BOSS","M","M","M","$","?","R","E","?","T","M","M","R","M","E","R","BOSS"],"build_version":"2019-07-17","purchased_purges":1,"victory":false,"max_hp_per_floor":[71,81,81,81,81,91,91,91,91,91,91,91,91,97,97,97,97,97,97,97,97,97,97,104,104,104,106,106,106,106,106,106,106],"card_choices":[{"not_picked":["Consume","Redo"],"picked":"Go for the Eyes","floor":1.0},{"not_picked":["Streamline","Compile Driver"],"picked":"Genetic Algorithm","floor":3.0},{"not_picked":["Barrage","Hologram"],"picked":"Hyperbeam","floor":4.0},{"not_picked":["Beam Cell","Consume"],"picked":"Capacitor","floor":5.0},{"not_picked":["Go for the Eyes","Redo"],"picked":"Streamline","floor":6.0},{"not_picked":["Stack","Sweeping Beam"],"picked":"Static Discharge","floor":8.0},{"not_picked":["Hologram","Sweeping Beam"],"picked":"Auto Shields","floor":11.0},{"not_picked":["Leap","Compile Driver"],"picked":"Consume","floor":12.0},{"not_picked":["Core Surge","Gash"],"picked":"Coolheaded","floor":13.0},{"not_picked":["Reboot","Biased Cognition"],"picked":"All For One","floor":16.0},{"not_picked":["Undo","Gash+1"],"picked":"Chill","floor":18.0},{"not_picked":["Melter","Scrape"],"picked":"FTL","floor":19.0},{"not_picked":["Ball Lightning","Leap"],"picked":"Aggregate","floor":20.0},{"not_picked":["Steam","Darkness"],"picked":"Stack","floor":24.0},{"not_picked":["Rebound","Skim","Coolheaded"],"picked":"Singing Bowl","floor":27},{"not_picked":["Stack","Steam Power"],"picked":"Hologram","floor":28},{"not_picked":["Streamline","Sweeping Beam"],"picked":"Leap","floor":30},{"not_picked":["Go for the Eyes","Genetic Algorithm"],"picked":"Machine Learning","floor":31}],"player_experience":445753,"relics_obtained":[{"floor":6.0,"key":"Pear"},{"floor":9.0,"key":"Darkstone Periapt"},{"floor":13.0,"key":"Gremlin Horn"},{"floor":24.0,"key":"Strawberry"},{"floor":26.0,"key":"Mercury Hourglass"},{"floor":31,"key":"Regal Pillow"}],"event_choices":[{"cards_removed":["Seek"],"damage_healed":34.0,"max_hp_gain":10.0,"max_hp_loss":0.0,"gold_gain":0.0,"event_name":"Bonfire Elementals","player_choice":"Offered Rare","floor":2.0,"gold_loss":0.0,"damage_taken":0.0},{"damage_healed":0.0,"max_hp_gain":0.0,"max_hp_loss":0.0,"gold_gain":0.0,"event_name":"Big Fish","player_choice":"Box","floor":14.0,"gold_loss":0.0,"damage_taken":0.0,"relics_obtained":["Singing Bowl"],"cards_obtained":["Regret"]},{"damage_healed":0.0,"max_hp_gain":0.0,"max_hp_loss":0.0,"gold_gain":50.0,"event_name":"Nest","player_choice":"Stole From Cult","floor":22.0,"gold_loss":0.0,"damage_taken":0.0},{"damage_healed":0.0,"max_hp_gain":0.0,"max_hp_loss":0.0,"gold_gain":0.0,"cards_transformed":["Strike_B","Strike_B"],"event_name":"Drug Dealer","player_choice":"Became Test Subject","floor":25.0,"gold_loss":0.0,"damage_taken":0.0,"cards_obtained":["Force Field","Skim"]}],"is_beta":false,"boss_relics":[{"not_picked":["Velvet Choker","Nuclear Battery"],"picked":"FrozenCore"}],"items_purged_floors":[21],"is_endless":false,"potions_floor_spawned":[1,3,8,11,13,16,18,19,20,31],"killed_by":"Automaton","ascension_level":20}