{"gold_per_floor":[116,131,148,148,323,358,376,397,424,424,449,468,507,507],"floor_reached":14,"playtime":636,"items_purged":[],"score":135,"play_id":"ff354f6b-e78b-417a-8b45-0aa371ce5b1f","local_time":"20190917183853","is_ascension_mode":true,"campfire_choices":[{"floor":10,"key":"REST"}],"neow_cost":"NONE","seed_source_timestamp":3109741232467300,"circlet_count":0,"master_deck":["Strike_R","Strike_R","Strike_R","Strike_R","Strike_R","Defend_R","Defend_R","Defend_R","Defend_R","Bash","Iron Wave","Armaments","Havoc","Doubt","Iron Wave","Perfected Strike","Iron Wave","Flex","Flame Barrier"],"relics":["Burning Blood","Golden Idol","Bag of Marbles","Pen Nib","Lantern"],"potions_floor_usage":[6,8,8],"damage_taken":[{"damage":1,"enemies":"Cultist","floor":1,"turns":4},{"damage":0,"enemies":"Small Slimes","floor":2,"turns":4},{"damage":0,"enemies":"2 Louse","floor":3,"turns":3},{"damage":39,"enemies":"Gremlin Nob","floor":6,"turns":5},{"damage":32,"enemies":"Large Slime","floor":7,"turns":7},{"damage":0,"enemies":"Red Slaver","floor":8,"turns":4},{"damage":5,"enemies":"3 Louse","floor":11,"turns":4},{"damage":0,"enemies":"2 Fungi Beasts","floor":12,"turns":3},{"damage":41,"enemies":"Lagavulin","floor":13,"turns":6},{"damage":20,"enemies":"Exordium Thugs","floor":14,"turns":4}],"seed_played":"7146658561170891680","potions_obtained":[{"floor":2,"key":"Explosive Potion"},{"floor":6,"key":"PowerPotion"},{"floor":7,"key":"EssenceOfSteel"}],"is_trial":false,"path_per_floor":["M","M","M","?","?","E","M","M","T","R","M","M","E","M"],"character_chosen":"IRONCLAD","items_purchased":[],"campfire_rested":1,"item_purchase_floors":[],"current_hp_per_floor":[85,88,88,66,66,33,7,13,13,39,40,46,11,0],"gold":507,"neow_bonus":"TEN_PERCENT_HP_BONUS","is_prod":false,"is_daily":false,"chose_seed":false,"campfire_upgraded":0,"win_rate":0,"timestamp":1568738333,"path_taken":["M","M","M","?","?","E","M","M","T","R","M","M","E","M"],"build_version":"2019-07-17","purchased_purges":0,"victory":false,"max_hp_per_floor":[88,88,88,88,88,88,88,88,88,88,88,88,88,88],"card_choices":[{"not_picked":["Body Slam","Havoc"],"picked":"Iron Wave","floor":1},{"not_picked":["Dropkick","Shrug It Off"],"picked":"Armaments","floor":2},{"not_picked":["Dual Wield","Intimidate"],"picked":"Havoc","floor":3},{"not_picked":["Sword Boomerang","Pommel Strike"],"picked":"Iron Wave","floor":6},{"not_picked":["Clothesline","Heavy Blade"],"picked":"Perfected Strike","floor":7},{"not_picked":["Pommel Strike","Hemokinesis"],"picked":"Iron Wave","floor":8},{"not_picked":["Havoc","Barricade"],"picked":"Flex","floor":11},{"not_picked":["Feel No Pain","Burning Pact","Body Slam"],"picked":"SKIP","floor":12},{"not_picked":["Havoc","Disarm"],"picked":"Flame Barrier","floor":13}],"player_experience":233644,"relics_obtained":[{"floor":6,"key":"Bag of Marbles"},{"floor":9,"key":"Pen Nib"},{"floor":13,"key":"Lantern"}],"event_choices":[{"damage_healed":0,"gold_gain":0,"player_choice":"Take Damage","damage_taken":22,"relics_obtained":["Golden Idol"],"max_hp_gain":0,"max_hp_loss":0,"event_name":"Golden Idol","floor":4,"gold_loss":0},{"damage_healed":0,"gold_gain":175,"player_choice":"AGREE","damage_taken":0,"max_hp_gain":0,"max_hp_loss":0,"event_name":"Liars Game","floor":5,"gold_loss":0,"cards_obtained":["Doubt"]}],"is_beta":false,"boss_relics":[],"items_purged_floors":[],"is_endless":false,"potions_floor_spawned":[2,6,7],"killed_by":"Exordium Thugs","ascension_level":6}