{"gold_per_floor":[110,110,123,144,162,202,222,222,222,266,266,332,351,386,386,514,514,530,77,93,93,93],"floor_reached":22,"playtime":944,"items_purged":[],"score":237,"play_id":"5c8da91e-c221-4fa5-bcb1-e9437734c3f1","local_time":"20190930000425","is_ascension_mode":true,"campfire_choices":[{"floor":8,"key":"RECALL"},{"data":"Bash","floor":11,"key":"SMITH"},{"data":"Rage","floor":15,"key":"SMITH"}],"neow_cost":"NONE","seed_source_timestamp":1509934810094100,"circlet_count":0,"master_deck":["Strike_R","Strike_R","Strike_R","Strike_R","Strike_R","Defend_R","Defend_R","Defend_R","Defend_R","Bash+1","Rage+1","Flex","Power Through","Anger","Spot Weakness","Dropkick","Feel No Pain","Ghostly Armor","Spot Weakness","Double Tap","Burning Pact+1","Panacea","Shrug It Off","Heavy Blade","Necronomicurse"],"relics":["Black Blood","NeowsBlessing","Golden Idol","Oddly Smooth Stone","Matryoshka","Mercury Hourglass","Paper Frog","Bottled Flame","Champion Belt","Necronomicon"],"potions_floor_usage":[6,6,6,10,14,16],"damage_taken":[{"damage":0,"enemies":"2 Louse","floor":1,"turns":1},{"damage":0,"enemies":"Small Slimes","floor":3,"turns":2},{"damage":0,"enemies":"Jaw Worm","floor":4,"turns":1},{"damage":0,"enemies":"Exordium Wildlife","floor":5,"turns":4},{"damage":20,"enemies":"Gremlin Nob","floor":6,"turns":5},{"damage":0,"enemies":"3 Louse","floor":7,"turns":4},{"damage":24,"enemies":"Lagavulin","floor":10,"turns":6},{"damage":35,"enemies":"Lagavulin Event","floor":12,"turns":6},{"damage":0,"enemies":"Looter","floor":13,"turns":4},{"damage":3,"enemies":"Gremlin Nob","floor":14,"turns":4},{"damage":23,"enemies":"Slime Boss","floor":16,"turns":6},{"damage":0,"enemies":"Chosen","floor":18,"turns":4},{"damage":52,"enemies":"3 Byrds","floor":20,"turns":5},{"damage":22,"enemies":"Shelled Parasite and Fungi","floor":22,"turns":2}],"seed_played":"-6581344931443544237","potions_obtained":[{"floor":1,"key":"FearPotion"},{"floor":3,"key":"Swift Potion"},{"floor":5,"key":"Weak Potion"},{"floor":6,"key":"Regen Potion"},{"floor":12,"key":"EssenceOfSteel"},{"floor":14,"key":"FearPotion"}],"is_trial":false,"path_per_floor":["M","?","M","M","M","E","M","R","T","E","R","?","M","E","R","B",null,"M","$","M","?","M"],"character_chosen":"IRONCLAD","items_purchased":["Panacea","Shrug It Off","Champion Belt"],"campfire_rested":0,"item_purchase_floors":[19,19,19],"current_hp_per_floor":[80,60,66,72,78,64,70,70,70,66,66,37,43,46,46,29,80,80,80,38,22,0],"gold":93,"neow_bonus":"THREE_ENEMY_KILL","is_prod":false,"is_daily":false,"chose_seed":false,"campfire_upgraded":2,"win_rate":0,"timestamp":1569794665,"path_taken":["M","?","M","M","M","E","M","R","T","E","R","?","M","E","R","BOSS","M","$","M","?","M"],"build_version":"2019-07-17","purchased_purges":0,"victory":false,"max_hp_per_floor":[80,80,80,80,80,80,80,80,80,80,80,80,80,80,80,80,80,80,80,80,80,80],"card_choices":[{"not_picked":["Corruption","Infernal Blade"],"picked":"Rage","floor":1},{"not_picked":["Pommel Strike","Second Wind"],"picked":"Flex","floor":3},{"not_picked":["Iron Wave","Flex"],"picked":"Power Through","floor":4},{"not_picked":["Entrench","Warcry"],"picked":"Anger","floor":5},{"not_picked":["Metallicize","Body Slam"],"picked":"Spot Weakness","floor":6},{"not_picked":["Rupture","Sword Boomerang"],"picked":"Dropkick","floor":7},{"not_picked":["Exhume","True Grit"],"picked":"Feel No Pain","floor":10},{"not_picked":["Wild Strike","Clash"],"picked":"Ghostly Armor","floor":12},{"not_picked":["Clash","Corruption","Blood for Blood"],"picked":"SKIP","floor":13},{"not_picked":["Wild Strike","Dropkick"],"picked":"Spot Weakness","floor":14},{"not_picked":["Fiend Fire","Dark Embrace"],"picked":"Double Tap","floor":16},{"not_picked":["Anger","Searing Blow+1"],"picked":"Burning Pact+1","floor":18},{"not_picked":["Perfected Strike","Hemokinesis"],"picked":"Heavy Blade","floor":20}],"player_experience":253539,"relics_obtained":[{"floor":6,"key":"Oddly Smooth Stone"},{"floor":9,"key":"Matryoshka"},{"floor":10,"key":"Mercury Hourglass"},{"floor":14,"key":"Bottled Flame"},{"floor":21,"key":"Necronomicon"}],"event_choices":[{"damage_healed":0,"gold_gain":0,"player_choice":"Take Damage","damage_taken":20,"relics_obtained":["Golden Idol"],"max_hp_gain":0,"max_hp_loss":0,"event_name":"Golden Idol","floor":2,"gold_loss":0},{"damage_healed":0,"gold_gain":30,"player_choice":"Searched \u00273\u0027 times","damage_taken":0,"relics_obtained":["Paper Frog"],"max_hp_gain":0,"max_hp_loss":0,"event_name":"Dead Adventurer","floor":12,"gold_loss":0},{"damage_healed":0,"gold_gain":0,"player_choice":"Obtained Book","damage_taken":16,"max_hp_gain":0,"max_hp_loss":0,"event_name":"Cursed Tome","floor":21,"gold_loss":0}],"is_beta":false,"boss_relics":[{"not_picked":["Pandora\u0027s Box","Empty Cage"],"picked":"Black Blood"}],"items_purged_floors":[],"is_endless":false,"potions_floor_spawned":[1,3,5,6,12,14],"killed_by":"Shelled Parasite and Fungi","ascension_level":3}