{"gold_per_floor":[114,128,203,221,233,266,266,299,299,309,309,343,343,358,358,453,453,472,485,400,400,400,400,426,440,440,465,465,485,520,520,520,520],"floor_reached":33,"playtime":1685,"items_purged":[],"score":488,"play_id":"eb2a42d5-901f-4a41-b9d2-716a976f8e9b","local_time":"20190924220315","is_ascension_mode":true,"campfire_choices":[{"floor":7.0,"key":"REST"},{"floor":11.0,"key":"REST"},{"data":"Flame Barrier","floor":15.0,"key":"SMITH"},{"data":"Spot Weakness","floor":23.0,"key":"SMITH"},{"data":"Double Tap","floor":28.0,"key":"SMITH"},{"data":"Iron Wave","floor":32.0,"key":"SMITH"}],"neow_cost":"NONE","seed_source_timestamp":3725538175290800,"circlet_count":0,"master_deck":["Strike_R","Strike_R","Strike_R","Strike_R","Strike_R","Defend_R+1","Defend_R+1","Defend_R","Defend_R","Bash","Iron Wave+1","Shrug It Off","Flame Barrier+1","Disarm","Feel No Pain","Cleave","Body Slam+1","Spot Weakness+1","Thunderclap","Double Tap+1","Clash","Body Slam","Body Slam+1","Anger","Carnage","Pommel Strike+1"],"special_seed":0,"relics":["Burning Blood","Centennial Puzzle","Anchor","Regal Pillow","Red Skull","Paper Frog","Busted Crown","Pear","Sundial","War Paint","PreservedInsect","Juzu Bracelet"],"potions_floor_usage":[33,33],"damage_taken":[{"damage":7.0,"enemies":"Small Slimes","floor":1.0,"turns":3.0},{"damage":0.0,"enemies":"2 Louse","floor":2.0,"turns":2.0},{"damage":1.0,"enemies":"Cultist","floor":4.0,"turns":3.0},{"damage":20.0,"enemies":"Gremlin Gang","floor":5.0,"turns":11.0},{"damage":27.0,"enemies":"Lagavulin","floor":6.0,"turns":11.0},{"damage":37.0,"enemies":"Gremlin Nob","floor":8.0,"turns":6.0},{"damage":4.0,"enemies":"2 Fungi Beasts","floor":10.0,"turns":3.0},{"damage":36.0,"enemies":"Lagavulin","floor":12.0,"turns":8.0},{"damage":0.0,"enemies":"3 Louse","floor":14.0,"turns":3.0},{"damage":26.0,"enemies":"Slime Boss","floor":16.0,"turns":8.0},{"damage":1.0,"enemies":"2 Thieves","floor":18.0,"turns":3.0},{"damage":10.0,"enemies":"Spheric Guardian","floor":19.0,"turns":5.0},{"damage":0.0,"enemies":"Gremlin Leader","floor":24.0,"turns":3.0},{"damage":15.0,"enemies":"Snecko","floor":25.0,"turns":5.0},{"damage":14.0,"enemies":"Book of Stabbing","floor":27.0,"turns":4.0},{"damage":20.0,"enemies":"Shelled Parasite and Fungi","floor":29.0,"turns":3.0},{"damage":0.0,"enemies":"Gremlin Leader","floor":30.0,"turns":3.0},{"damage":69,"enemies":"Champ","floor":33,"turns":6}],"seed_played":"-2437944492522705184","potions_obtained":[{"floor":1.0,"key":"SmokeBomb"},{"floor":5.0,"key":"FearPotion"},{"floor":8.0,"key":"SpeedPotion"},{"floor":12.0,"key":"SpeedPotion"},{"floor":14.0,"key":"SkillPotion"},{"floor":16.0,"key":"FearPotion"},{"floor":18.0,"key":"AttackPotion"},{"floor":19.0,"key":"Fire Potion"},{"floor":25.0,"key":"Fire Potion"},{"floor":29.0,"key":"SteroidPotion"},{"floor":31.0,"key":"Dexterity Potion"}],"is_trial":false,"path_per_floor":["M","M","?","M","M","E","R","E","T","M","R","E","?","M","R","B",null,"M","M","?","?","?","R","E","M","T","E","R","M","E","?","R","B"],"character_chosen":"IRONCLAD","items_purchased":[],"campfire_rested":2,"item_purchase_floors":[],"current_hp_per_floor":[71,77,66,71,57,36,60,29,29,31,70,40,40,46,46,26,67,72,68,78,78,78,78,84,75,75,67,67,53,59,59,59,0],"gold":520,"neow_bonus":"RANDOM_COMMON_RELIC","is_prod":false,"is_daily":false,"chose_seed":false,"campfire_upgraded":4,"win_rate":0,"timestamp":1569355395,"path_taken":["M","M","?","M","M","E","R","E","T","M","R","E","?","?","R","BOSS","M","?","?","?","?","R","E","M","T","E","R","?","E","?","R","BOSS"],"build_version":"2019-07-17","purchased_purges":0,"victory":false,"max_hp_per_floor":[80,80,80,80,80,80,80,80,80,80,80,80,80,80,80,80,80,80,80,90,90,90,90,90,90,90,90,90,90,90,90,90,90],"card_choices":[{"not_picked":["Spot Weakness","Ghostly Armor"],"picked":"Iron Wave","floor":1.0},{"not_picked":["Iron Wave","Sentinel"],"picked":"Shrug It Off","floor":2.0},{"not_picked":["Iron Wave","Bloodletting"],"picked":"Flame Barrier","floor":4.0},{"not_picked":["Power Through","Pummel"],"picked":"Disarm","floor":5.0},{"not_picked":["Corruption","Barricade"],"picked":"Feel No Pain","floor":6.0},{"not_picked":["True Grit","Rage"],"picked":"Cleave","floor":8.0},{"not_picked":["Clothesline","Power Through"],"picked":"Body Slam","floor":10.0},{"not_picked":["Reckless Charge","Headbutt"],"picked":"Spot Weakness","floor":12.0},{"not_picked":["Entrench","Ghostly Armor"],"picked":"Thunderclap","floor":14.0},{"not_picked":["Reaper","Brutality"],"picked":"Double Tap","floor":16.0},{"not_picked":[],"picked":"Clash","floor":18.0},{"not_picked":[],"picked":"Body Slam","floor":19.0},{"not_picked":[],"picked":"Anger","floor":24.0},{"not_picked":["Feel No Pain"],"picked":"SKIP","floor":25.0},{"not_picked":[],"picked":"Carnage","floor":27.0},{"not_picked":["Evolve"],"picked":"SKIP","floor":29.0},{"not_picked":[],"picked":"Pommel Strike+1","floor":30.0}],"player_experience":327616,"relics_obtained":[{"floor":6.0,"key":"Anchor"},{"floor":8.0,"key":"Regal Pillow"},{"floor":9.0,"key":"Red Skull"},{"floor":12.0,"key":"Paper Frog"},{"floor":24.0,"key":"Sundial"},{"floor":26.0,"key":"War Paint"},{"floor":27.0,"key":"PreservedInsect"},{"floor":30.0,"key":"Juzu Bracelet"}],"event_choices":[{"damage_healed":0.0,"max_hp_gain":0.0,"max_hp_loss":0.0,"gold_gain":75.0,"event_name":"World of Goop","player_choice":"Gather Gold","floor":3.0,"gold_loss":0.0,"damage_taken":11.0},{"damage_healed":0.0,"max_hp_gain":0.0,"max_hp_loss":0.0,"gold_gain":0.0,"event_name":"Upgrade Shrine","player_choice":"Upgraded","floor":13.0,"gold_loss":0.0,"damage_taken":0.0,"cards_upgraded":["Body Slam"]},{"damage_healed":0.0,"max_hp_gain":0.0,"max_hp_loss":0.0,"gold_gain":0.0,"event_name":"Addict","player_choice":"Obtained Relic","floor":20.0,"gold_loss":85.0,"damage_taken":0.0,"relics_obtained":["Pear"]},{"damage_healed":0.0,"max_hp_gain":0.0,"max_hp_loss":0.0,"gold_gain":0.0,"event_name":"Ghosts","player_choice":"Ignored","floor":21.0,"gold_loss":0.0,"damage_taken":0.0},{"damage_healed":0.0,"max_hp_gain":0.0,"max_hp_loss":0.0,"gold_gain":0.0,"event_name":"Duplicator","player_choice":"Copied","floor":22.0,"gold_loss":0.0,"damage_taken":0.0,"cards_obtained":["Body Slam"]},{"damage_healed":0.0,"max_hp_gain":0.0,"max_hp_loss":0.0,"gold_gain":0.0,"event_name":"Lab","player_choice":"Got Potions","floor":31.0,"gold_loss":0.0,"damage_taken":0.0}],"is_beta":false,"boss_relics":[{"not_picked":["Eternal Feather","Coffee Dripper"],"picked":"Busted Crown"}],"items_purged_floors":[],"is_endless":false,"potions_floor_spawned":[1,5,8,12,14,16,18,19,25,29],"killed_by":"Champ","ascension_level":6}