{"gold_per_floor":[119,119,119,137,212,238,238,250,273,299,299,312,312,312,312,312],"floor_reached":16,"playtime":1304,"items_purged":[],"score":98,"play_id":"d7173875-b5e6-4655-b577-bd6db414807c","local_time":"20190915234535","is_ascension_mode":false,"campfire_choices":[{"floor":7,"key":"REST"},{"floor":11,"key":"REST"},{"floor":13,"key":"REST"},{"floor":15,"key":"REST"}],"neow_cost":"NONE","seed_source_timestamp":45336178584800,"circlet_count":0,"master_deck":["Strike_P","Strike_P","Strike_P+1","Strike_P","Defend_P","Defend_P","Defend_P+1","Defend_P+1","Eruption","Vigilance","Establishment+1","Regret","Weave","Sanctity","Ragnarok","WindmillStrike"],"relics":["PureWater","NeowsBlessing","Peace Pipe","Toy Ornithopter","Orichalcum","Happy Flower","War Paint"],"potions_floor_usage":[12,16,16],"damage_taken":[{"damage":0,"enemies":"Small Slimes","floor":1,"turns":1},{"damage":0,"enemies":"2 Louse","floor":4,"turns":1},{"damage":3,"enemies":"Cultist","floor":8,"turns":2},{"damage":45,"enemies":"3 Sentries","floor":10,"turns":9},{"damage":16,"enemies":"Gremlin Gang","floor":12,"turns":6},{"damage":68,"enemies":"The Guardian","floor":16,"turns":7}],"seed_played":"-8842789652869716476","potions_obtained":[{"floor":8,"key":"FearPotion"},{"floor":10,"key":"SpeedPotion"},{"floor":12,"key":"GamblersBrew"}],"is_trial":false,"path_per_floor":["M","?","?","M","?","T","R","M","T","E","R","M","R","?","R","B"],"character_chosen":"WATCHER","items_purchased":[],"campfire_rested":4,"item_purchase_floors":[],"current_hp_per_floor":[65,52,52,52,41,41,60,57,57,12,31,20,39,36,55,0],"gold":312,"neow_bonus":"THREE_ENEMY_KILL","is_prod":false,"is_daily":false,"chose_seed":false,"campfire_upgraded":0,"win_rate":0.0,"timestamp":1568616335,"path_taken":["M","?","?","M","?","?","R","M","T","E","R","M","R","?","R","BOSS"],"build_version":"2019-09-12","purchased_purges":0,"victory":false,"max_hp_per_floor":[65,65,65,65,65,65,65,65,65,65,65,65,65,65,65,65],"card_choices":[{"not_picked":["Sanctity","InnerPeace"],"picked":"Establishment","floor":1},{"not_picked":["WreathOfFlame","FollowUp"],"picked":"Weave","floor":4},{"not_picked":["ThirdEye","CarveReality"],"picked":"Sanctity","floor":8},{"not_picked":["EmptyMind","Tantrum"],"picked":"Ragnarok","floor":10},{"not_picked":["SpiritShield","TalkToTheHand"],"picked":"WindmillStrike","floor":12}],"player_experience":231504,"relics_obtained":[{"floor":6,"key":"Toy Ornithopter"},{"floor":9,"key":"Orichalcum"},{"floor":10,"key":"Happy Flower"}],"event_choices":[{"damage_healed":0,"gold_gain":0,"player_choice":"Entered Light","damage_taken":13,"max_hp_gain":0,"max_hp_loss":0,"event_name":"Shining Light","floor":2,"gold_loss":0,"cards_upgraded":["Establishment","Strike_P"]},{"damage_healed":0,"gold_gain":0,"player_choice":"Box","damage_taken":0,"relics_obtained":["Peace Pipe"],"max_hp_gain":0,"max_hp_loss":0,"event_name":"Big Fish","floor":3,"gold_loss":0,"cards_obtained":["Regret"]},{"damage_healed":0,"gold_gain":75,"player_choice":"Gather Gold","damage_taken":11,"max_hp_gain":0,"max_hp_loss":0,"event_name":"World of Goop","floor":5,"gold_loss":0},{"damage_healed":0,"gold_gain":0,"player_choice":"Success","damage_taken":3,"relics_obtained":["War Paint"],"max_hp_gain":0,"max_hp_loss":0,"event_name":"Scrap Ooze","floor":14,"gold_loss":0}],"is_beta":true,"boss_relics":[],"items_purged_floors":[],"is_endless":false,"potions_floor_spawned":[8,10,12],"killed_by":"The Guardian","ascension_level":0}