{"gold_per_floor":[115,115,115,133,151,177,177,205,282,313,323,3,19,31,31,126,126,144,144,144,126,139,158,158,186,186,186,186,186,217,235,235,235],"floor_reached":33,"playtime":2642,"items_purged":[],"score":334,"play_id":"d585dd15-769e-4e54-80f8-4600e7955301","local_time":"20190904104835","is_ascension_mode":false,"campfire_choices":[{"floor":7,"key":"RECALL"},{"data":"Chrysalis","floor":15,"key":"SMITH"},{"floor":24,"key":"REST"},{"floor":29,"key":"REST"},{"floor":32,"key":"REST"}],"neow_cost":"PERCENT_DAMAGE","seed_source_timestamp":1956304080337700,"circlet_count":0,"master_deck":["Strike_R","Strike_R+1","Strike_R","Strike_R","Strike_R","Defend_R","Defend_R","Defend_R+1","Defend_R","Bash","Metamorphosis","Sword Boomerang","Armaments","Juggernaut","Blood for Blood","Iron Wave","Clothesline","Juggernaut","Chrysalis+1","Clash","Armaments","Impervious","Clash","Infernal Blade","Spot Weakness","Clash+1","Infernal Blade+1","Dropkick","Body Slam+1","Anger"],"relics":["Burning Blood","Ginger","Ancient Tea Set","Orichalcum","PreservedInsect","Busted Crown","Pen Nib","Mango","Peace Pipe"],"potions_floor_usage":[6,8,16,16,21,28,31,33,33],"damage_taken":[{"damage":9,"enemies":"2 Louse","floor":1,"turns":3},{"damage":7,"enemies":"Small Slimes","floor":4,"turns":3},{"damage":0,"enemies":"Cultist","floor":5,"turns":3},{"damage":18,"enemies":"3 Sentries","floor":6,"turns":5},{"damage":18,"enemies":"Lagavulin","floor":8,"turns":5},{"damage":17,"enemies":"3 Sentries","floor":10,"turns":6},{"damage":4,"enemies":"Red Slaver","floor":11,"turns":4},{"damage":8,"enemies":"2 Fungi Beasts","floor":13,"turns":4},{"damage":9,"enemies":"Looter","floor":14,"turns":3},{"damage":26,"enemies":"Hexaghost","floor":16,"turns":9},{"damage":5,"enemies":"Shell Parasite","floor":18,"turns":6},{"damage":14,"enemies":"2 Thieves","floor":21,"turns":4},{"damage":24,"enemies":"Shelled Parasite and Fungi","floor":22,"turns":6},{"damage":32,"enemies":"Centurion and Healer","floor":23,"turns":4},{"damage":19,"enemies":"Slavers","floor":25,"turns":5},{"damage":0,"enemies":"Snake Plant","floor":28,"turns":1},{"damage":12,"enemies":"Gremlin Leader","floor":30,"turns":7},{"damage":59,"enemies":"3 Cultists","floor":31,"turns":8},{"damage":40,"enemies":"Automaton","floor":33,"turns":6}],"seed_played":"28791848628816708","potions_obtained":[{"floor":1,"key":"PowerPotion"},{"floor":4,"key":"Regen Potion"},{"floor":8,"key":"SteroidPotion"},{"floor":14,"key":"EssenceOfSteel"},{"floor":16,"key":"AttackPotion"},{"floor":21,"key":"Dexterity Potion"},{"floor":23,"key":"SmokeBomb"},{"floor":30,"key":"EssenceOfSteel"},{"floor":31,"key":"Poison Potion"}],"is_trial":false,"path_per_floor":["M","?","?","M","M","E","R","E","T","E","M","$","M","M","R","B",null,"M","?","?","M","M","M","R","E","T","?","M","R","E","M","R","B"],"character_chosen":"IRONCLAD","items_purchased":["PreservedInsect","Chrysalis"],"campfire_rested":3,"item_purchase_floors":[12,12],"current_hp_per_floor":[53,37,80,79,80,77,77,65,65,54,56,56,54,51,51,31,80,80,80,80,72,54,28,52,39,53,34,40,69,63,10,39,0],"gold":235,"neow_bonus":"RANDOM_COLORLESS_2","is_prod":false,"is_daily":false,"chose_seed":false,"campfire_upgraded":1,"win_rate":0,"timestamp":1567586915,"path_taken":["M","?","?","M","M","E","R","E","T","E","M","$","?","M","R","BOSS","M","?","?","M","M","M","R","E","T","?","?","R","E","M","R","BOSS"],"build_version":"2019-07-17","purchased_purges":0,"victory":false,"max_hp_per_floor":[80,80,80,80,80,80,80,80,80,80,80,80,80,80,80,80,80,80,80,80,80,80,80,80,80,94,99,99,99,99,99,99,99],"card_choices":[{"not_picked":["True Grit","Sentinel"],"picked":"Sword Boomerang","floor":1},{"not_picked":["Headbutt","Sword Boomerang"],"picked":"Armaments","floor":4},{"not_picked":["Sever Soul","Wild Strike"],"picked":"Juggernaut","floor":5},{"not_picked":["Headbutt","Twin Strike"],"picked":"Blood for Blood","floor":6},{"not_picked":["Twin Strike","Wild Strike"],"picked":"Iron Wave","floor":8},{"not_picked":["Pummel","True Grit"],"picked":"Clothesline","floor":10},{"not_picked":["Armaments","Rupture"],"picked":"Juggernaut","floor":11},{"not_picked":["Evolve","Sentinel"],"picked":"Clash","floor":13},{"not_picked":["Headbutt","Shrug It Off"],"picked":"Armaments","floor":14},{"not_picked":["Immolate","Bludgeon"],"picked":"Impervious","floor":16},{"not_picked":[],"picked":"Clash","floor":18},{"not_picked":[],"picked":"Spot Weakness","floor":21},{"not_picked":[],"picked":"Clash+1","floor":22},{"not_picked":[],"picked":"Infernal Blade+1","floor":23},{"not_picked":[],"picked":"Dropkick","floor":25},{"not_picked":[],"picked":"Body Slam+1","floor":30},{"not_picked":[],"picked":"Anger","floor":31}],"player_experience":72817,"relics_obtained":[{"floor":6,"key":"Ginger"},{"floor":8,"key":"Ancient Tea Set"},{"floor":10,"key":"Orichalcum"},{"floor":25,"key":"Pen Nib"},{"floor":26,"key":"Mango"},{"floor":30,"key":"Peace Pipe"}],"event_choices":[{"damage_healed":0,"gold_gain":0,"player_choice":"Entered Light","damage_taken":16,"max_hp_gain":0,"max_hp_loss":0,"event_name":"Shining Light","floor":2,"gold_loss":0,"cards_upgraded":["Strike_R","Defend_R"]},{"cards_removed":["Trip"],"damage_healed":43,"gold_gain":0,"player_choice":"Offered Uncommon","damage_taken":0,"max_hp_gain":0,"max_hp_loss":0,"event_name":"Bonfire Elementals","floor":3,"gold_loss":0},{"damage_healed":0,"gold_gain":0,"player_choice":"Ignored","damage_taken":0,"max_hp_gain":0,"max_hp_loss":0,"event_name":"Ghosts","floor":19,"gold_loss":0},{"damage_healed":0,"gold_gain":0,"player_choice":"Read","damage_taken":0,"max_hp_gain":0,"max_hp_loss":0,"event_name":"The Library","floor":20,"gold_loss":0,"cards_obtained":["Infernal Blade"]},{"damage_healed":0,"gold_gain":0,"player_choice":"Shed Blood","damage_taken":24,"max_hp_gain":5,"max_hp_loss":0,"event_name":"Forgotten Altar","floor":27,"gold_loss":0}],"is_beta":false,"boss_relics":[{"not_picked":["White Beast Statue","Snecko Eye"],"picked":"Busted Crown"}],"items_purged_floors":[],"is_endless":false,"potions_floor_spawned":[1,4,8,14,16,21,23,30,31],"killed_by":"Automaton","ascension_level":0}