{"gold_per_floor":[110,129,142,161,161,161,179,179,202,377,388,463,474,491,491,591,591,605,619,282,282,293,293,293],"floor_reached":24,"playtime":731,"items_purged":["Doubt"],"score":192,"play_id":"acf0deb6-8cae-4d4c-8a28-d6e33eec6aeb","local_time":"20191003005425","is_ascension_mode":false,"campfire_choices":[{"data":"Flex","floor":6,"key":"SMITH"},{"data":"Flex","floor":8,"key":"SMITH"},{"data":"Havoc","floor":15,"key":"SMITH"},{"floor":23,"key":"REST"}],"neow_cost":"NONE","seed_source_timestamp":220087056354500,"circlet_count":0,"master_deck":["Strike_R","Strike_R","Strike_R","Strike_R","Strike_R","Defend_R","Defend_R","Defend_R","Defend_R","Bash","Headbutt","Flex+1","Shrug It Off","Flex+1","Battle Trance","Havoc+1","Cleave","Demon Form","True Grit+1","Headbutt","Bandage Up","Chrysalis","Warcry+1"],"relics":["Burning Blood"],"potions_floor_usage":[16,16,16,16,22,24],"damage_taken":[{"damage":10,"enemies":"Cultist","floor":1,"turns":4},{"damage":7,"enemies":"Small Slimes","floor":2,"turns":3},{"damage":11,"enemies":"Jaw Worm","floor":3,"turns":2},{"damage":0,"enemies":"3 Louse","floor":4,"turns":4},{"damage":8,"enemies":"Red Slaver","floor":7,"turns":2},{"damage":21,"enemies":"Exordium Thugs","floor":11,"turns":3},{"damage":14,"enemies":"Blue Slaver","floor":13,"turns":3},{"damage":13,"enemies":"Exordium Wildlife","floor":14,"turns":3},{"damage":22,"enemies":"Hexaghost","floor":16,"turns":9},{"damage":26,"enemies":"Shell Parasite","floor":18,"turns":5},{"damage":19,"enemies":"Spheric Guardian","floor":19,"turns":5},{"damage":48,"enemies":"Chosen and Byrds","floor":22,"turns":8},{"damage":49,"enemies":"Sentry and Sphere","floor":24,"turns":6}],"seed_played":"-8010037204806594615","potions_obtained":[{"floor":1,"key":"FearPotion"},{"floor":3,"key":"Energy Potion"},{"floor":13,"key":"EntropicBrew"},{"floor":16,"key":"SpeedPotion"},{"floor":18,"key":"FearPotion"},{"floor":22,"key":"Explosive Potion"}],"is_trial":false,"path_per_floor":["M","M","M","M","?","R","M","R","T","?","M","?","M","M","R","B",null,"M","M","$","?","M","R","M"],"character_chosen":"IRONCLAD","items_purchased":["Bandage Up","Chrysalis"],"campfire_rested":1,"item_purchase_floors":[20,20],"current_hp_per_floor":[84,83,78,84,84,84,82,82,82,82,67,56,48,41,41,25,88,68,55,55,55,17,43,0],"gold":293,"neow_bonus":"TEN_PERCENT_HP_BONUS","is_prod":false,"is_daily":false,"chose_seed":false,"campfire_upgraded":3,"win_rate":0,"timestamp":1570056865,"path_taken":["M","M","M","M","?","R","M","R","T","?","M","?","M","M","R","BOSS","M","M","$","?","M","R","M"],"build_version":"2019-07-17","purchased_purges":1,"victory":false,"max_hp_per_floor":[88,88,88,88,88,88,88,88,88,88,88,88,88,88,88,88,88,88,88,88,88,88,88,88],"card_choices":[{"not_picked":["Rampage","Metallicize"],"picked":"Headbutt","floor":1},{"not_picked":["Heavy Blade","Corruption"],"picked":"Flex","floor":2},{"not_picked":["Armaments","Clothesline"],"picked":"Shrug It Off","floor":3},{"not_picked":["Metallicize","Warcry","Battle Trance"],"picked":"SKIP","floor":4},{"not_picked":["Brutality","Anger"],"picked":"Flex","floor":7},{"not_picked":["Sever Soul","Uppercut"],"picked":"Battle Trance","floor":11},{"not_picked":["Clash","True Grit"],"picked":"Havoc","floor":13},{"not_picked":["Bludgeon","Iron Wave"],"picked":"Cleave","floor":14},{"not_picked":["Reaper","Double Tap"],"picked":"Demon Form","floor":16},{"not_picked":["Carnage+1","Blood for Blood"],"picked":"True Grit+1","floor":18},{"not_picked":["Thunderclap+1","Burning Pact"],"picked":"Headbutt","floor":19},{"not_picked":["Headbutt","Iron Wave"],"picked":"Warcry+1","floor":22}],"player_experience":258087,"relics_obtained":[],"event_choices":[{"damage_healed":0,"gold_gain":0,"player_choice":"Fled","damage_taken":0,"max_hp_gain":0,"max_hp_loss":0,"event_name":"Scrap Ooze","floor":5,"gold_loss":0},{"damage_healed":0,"gold_gain":175,"player_choice":"AGREE","damage_taken":0,"max_hp_gain":0,"max_hp_loss":0,"event_name":"Liars Game","floor":10,"gold_loss":0,"cards_obtained":["Doubt"]},{"damage_healed":0,"gold_gain":75,"player_choice":"Gather Gold","damage_taken":11,"max_hp_gain":0,"max_hp_loss":0,"event_name":"World of Goop","floor":12,"gold_loss":0},{"damage_healed":0,"gold_gain":0,"player_choice":"Ignored","damage_taken":0,"max_hp_gain":0,"max_hp_loss":0,"event_name":"Cursed Tome","floor":21,"gold_loss":0}],"is_beta":false,"boss_relics":[{"not_picked":["Coffee Dripper","Velvet Choker","Astrolabe"]}],"items_purged_floors":[20],"is_endless":false,"potions_floor_spawned":[1,3,13,16,18,22],"killed_by":"Sentry and Sphere","ascension_level":0}