{"gold_per_floor":[117,135,135,148,223,223,255,255,255,284,296,309,336,106,106,204,204,218,133,408,418,107,107,119,119,142,153,167,194,209,224,224,321,321,341,354,354,364,35,69,69,102,102,131,145,145,145,145,145,145,145,145,17,47,47],"floor_reached":55,"playtime":2866,"items_purged":["Regret","Regret","Parasite"],"score":977,"play_id":"5fa84ff4-44cc-480d-9f08-db7b14640eb3","local_time":"20190913192910","is_ascension_mode":true,"campfire_choices":[{"floor":6,"key":"RECALL"},{"floor":8,"key":"REST"},{"floor":15,"key":"REST"},{"floor":23,"key":"REST"},{"floor":25,"key":"REST"},{"floor":32,"key":"REST"},{"floor":41,"key":"REST"},{"data":"Juggernaut","floor":49,"key":"SMITH"},{"data":"True Grit","floor":52,"key":"SMITH"}],"neow_cost":"NONE","seed_source_timestamp":109074569093800,"circlet_count":0,"master_deck":["Strike_R","Strike_R","Strike_R+1","Strike_R","Defend_R","Defend_R","Defend_R","Defend_R+1","Bash","Feed","Feel No Pain","Barricade","Wild Strike+1","Headbutt","Cleave","Flex","Entrench","Metallicize","Impervious","True Grit+1","Spot Weakness+1","Inflame","Sever Soul","True Grit+1","Shrug It Off","Spot Weakness+1","Heavy Blade","Impervious","Flex","Headbutt","Juggernaut+1","Headbutt+1","Power Through+1","Power Through+1","Body Slam","Reaper","Ghostly Armor+1","Immolate","Madness","Madness","Flex+1"],"relics":["Burning Blood","NeowsBlessing","Matryoshka","Pear","Red Skull","Sundial","Blue Candle","Mark of Pain","Self Forming Clay","Happy Flower","Blood Vial","Pocketwatch","Runic Dome","War Paint","Whetstone","Juzu Bracelet","Bottled Lightning","Dead Branch","Nunchaku"],"potions_floor_usage":[10,16,29,31,36,42,50,50,54,55,55,55],"damage_taken":[{"damage":0,"enemies":"Jaw Worm","floor":1,"turns":1},{"damage":0,"enemies":"Small Slimes","floor":2,"turns":1},{"damage":0,"enemies":"Cultist","floor":4,"turns":1},{"damage":63,"enemies":"3 Sentries","floor":7,"turns":9},{"damage":38,"enemies":"Lagavulin","floor":10,"turns":6},{"damage":16,"enemies":"Lots of Slimes","floor":11,"turns":4},{"damage":7,"enemies":"2 Fungi Beasts","floor":12,"turns":2},{"damage":16,"enemies":"Gremlin Nob","floor":13,"turns":3},{"damage":9,"enemies":"Slime Boss","floor":16,"turns":9},{"damage":67,"enemies":"Spheric Guardian","floor":18,"turns":8},{"damage":29,"enemies":"Chosen","floor":21,"turns":5},{"damage":46,"enemies":"Shelled Parasite and Fungi","floor":24,"turns":7},{"damage":19,"enemies":"Cultist and Chosen","floor":27,"turns":9},{"damage":19,"enemies":"Centurion and Healer","floor":28,"turns":6},{"damage":28,"enemies":"Book of Stabbing","floor":29,"turns":6},{"damage":1,"enemies":"Snecko","floor":30,"turns":5},{"damage":21,"enemies":"Sentry and Sphere","floor":31,"turns":5},{"damage":50,"enemies":"Collector","floor":33,"turns":14},{"damage":16,"enemies":"Orb Walker","floor":35,"turns":3},{"damage":40,"enemies":"3 Darklings","floor":36,"turns":7},{"damage":37,"enemies":"Writhing Mass","floor":38,"turns":6},{"damage":0,"enemies":"Giant Head","floor":40,"turns":9},{"damage":22,"enemies":"Reptomancer","floor":42,"turns":7},{"damage":13,"enemies":"Giant Head","floor":44,"turns":7},{"damage":0,"enemies":"Sphere and 2 Shapes","floor":45,"turns":4},{"damage":76,"enemies":"Time Eater","floor":50,"turns":13},{"damage":108,"enemies":"Shield and Spear","floor":54,"turns":9},{"damage":29,"enemies":"The Heart","floor":55,"turns":2}],"seed_played":"-5834134192849214388","potions_obtained":[{"floor":4,"key":"Swift Potion"},{"floor":7,"key":"Fire Potion"},{"floor":11,"key":"Ancient Potion"},{"floor":12,"key":"FairyPotion"},{"floor":18,"key":"Fire Potion"},{"floor":21,"key":"PowerPotion"},{"floor":33,"key":"GamblersBrew"},{"floor":36,"key":"Fruit Juice"},{"floor":40,"key":"Fire Potion"},{"floor":42,"key":"Dexterity Potion"},{"floor":45,"key":"Regen Potion"},{"floor":46,"key":"BloodPotion"},{"floor":46,"key":"Strength Potion"},{"floor":54,"key":"Block Potion"}],"is_trial":false,"path_per_floor":["M","M","?","M","?","R","E","R","T","E","M","M","E","$","R","B",null,"M","?","?","M","$","R","M","R","T","M","M","E","M","M","R","B",null,"M","M","?","M","$","E","R","E","T","E","M","?","?","?","R","B",null,"R","$","E","B"],"character_chosen":"IRONCLAD","items_purchased":["Flex","Entrench","Metallicize","Inflame","Sever Soul","True Grit","Body Slam","War Paint","PowerPotion","Regen Potion"],"campfire_rested":6,"item_purchase_floors":[14,14,14,22,22,22,39,39,53,53],"current_hp_per_floor":[80,80,80,83,72,72,28,56,56,24,17,19,9,9,39,39,105,47,47,47,24,24,56,16,48,48,37,29,12,19,17,51,9,114,104,77,77,48,48,56,90,76,76,81,92,92,77,77,77,53,119,119,119,26,0],"gold":47,"neow_bonus":"THREE_ENEMY_KILL","is_prod":false,"is_daily":false,"chose_seed":false,"campfire_upgraded":2,"win_rate":0,"timestamp":1568395750,"path_taken":["M","M","?","M","?","R","E","R","T","E","M","M","E","$","R","BOSS","M","?","?","M","$","R","M","R","T","M","?","E","M","?","R","BOSS","M","M","?","M","$","E","R","E","T","E","M","?","?","?","R","BOSS","R","$","E","BOSS"],"build_version":"2019-07-17","purchased_purges":3,"victory":false,"max_hp_per_floor":[80,80,80,83,83,83,96,96,96,96,99,102,102,102,102,105,105,108,108,108,108,108,108,108,108,108,108,111,114,114,114,114,114,114,114,119,119,119,116,116,116,116,116,116,119,119,119,119,119,119,119,119,119,119,119],"card_choices":[{"not_picked":["Twin Strike","Hemokinesis"],"picked":"Headbutt","floor":1},{"not_picked":["Iron Wave","Feel No Pain"],"picked":"Feed","floor":2},{"not_picked":["Sword Boomerang","True Grit","Iron Wave"],"picked":"SKIP","floor":4},{"not_picked":["Wild Strike","Ghostly Armor"],"picked":"Feel No Pain","floor":7},{"not_picked":["Wild Strike","Havoc"],"picked":"Barricade","floor":10},{"not_picked":["Body Slam","Burning Pact"],"picked":"Wild Strike","floor":11},{"not_picked":["Combust","Bloodletting"],"picked":"Headbutt","floor":12},{"not_picked":["Thunderclap","Twin Strike"],"picked":"Cleave","floor":13},{"not_picked":["Immolate","Dark Embrace"],"picked":"Impervious","floor":16},{"not_picked":["Clash","Infernal Blade+1"],"picked":"True Grit+1","floor":18},{"not_picked":["Shrug It Off+1","Body Slam"],"picked":"Spot Weakness+1","floor":21},{"not_picked":["Clothesline","Body Slam"],"picked":"Shrug It Off","floor":24},{"not_picked":["Perfected Strike","True Grit"],"picked":"Spot Weakness","floor":27},{"not_picked":["Battle Trance","True Grit"],"picked":"Heavy Blade","floor":28},{"not_picked":["Seeing Red","Infernal Blade"],"picked":"Impervious","floor":29},{"not_picked":["Twin Strike","Anger"],"picked":"Flex","floor":30},{"not_picked":["Pommel Strike+1","Pummel"],"picked":"Headbutt","floor":31},{"not_picked":["Dark Embrace","Feed"],"picked":"Juggernaut","floor":33},{"not_picked":["Infernal Blade+1","Anger+1"],"picked":"Headbutt+1","floor":35},{"not_picked":["Feel No Pain","Wild Strike"],"picked":"Power Through+1","floor":36},{"not_picked":["Flex+1","Heavy Blade+1"],"picked":"Power Through+1","floor":38},{"not_picked":["Sword Boomerang","Twin Strike+1"],"picked":"Reaper","floor":40},{"not_picked":["Clash+1","Havoc+1"],"picked":"Ghostly Armor+1","floor":42},{"not_picked":["Perfected Strike","Rupture+1"],"picked":"Immolate","floor":44},{"not_picked":["Dropkick","Twin Strike+1","Thunderclap"],"picked":"SKIP","floor":45},{"not_picked":["Havoc","Cleave+1"],"picked":"Flex+1","floor":54}],"player_experience":240246,"relics_obtained":[{"floor":7,"key":"Pear"},{"floor":9,"key":"Red Skull"},{"floor":10,"key":"Sundial"},{"floor":13,"key":"Blue Candle"},{"floor":26,"key":"Happy Flower"},{"floor":26,"key":"Blood Vial"},{"floor":29,"key":"Pocketwatch"},{"floor":40,"key":"Whetstone"},{"floor":42,"key":"Juzu Bracelet"},{"floor":43,"key":"Bottled Lightning"},{"floor":44,"key":"Dead Branch"},{"floor":54,"key":"Nunchaku"}],"event_choices":[{"damage_healed":0,"gold_gain":0,"player_choice":"Box","damage_taken":0,"relics_obtained":["Matryoshka"],"max_hp_gain":0,"max_hp_loss":0,"event_name":"Big Fish","floor":3,"gold_loss":0,"cards_obtained":["Regret"]},{"damage_healed":0,"gold_gain":75,"player_choice":"Gather Gold","damage_taken":11,"max_hp_gain":0,"max_hp_loss":0,"event_name":"World of Goop","floor":5,"gold_loss":0},{"damage_healed":0,"gold_gain":0,"player_choice":"Obtained Relic","damage_taken":0,"relics_obtained":["Self Forming Clay"],"max_hp_gain":0,"max_hp_loss":0,"event_name":"Addict","floor":19,"gold_loss":85},{"damage_healed":0,"gold_gain":275,"player_choice":"Desecrate","damage_taken":0,"max_hp_gain":0,"max_hp_loss":0,"event_name":"Golden Shrine","floor":20,"gold_loss":0,"cards_obtained":["Regret"]},{"cards_removed":["Headbutt"],"damage_healed":0,"gold_gain":0,"player_choice":"Removed Attack","damage_taken":0,"max_hp_gain":0,"max_hp_loss":0,"event_name":"Falling","floor":37,"gold_loss":0},{"damage_healed":0,"gold_gain":0,"player_choice":"Got Potions","damage_taken":0,"max_hp_gain":0,"max_hp_loss":0,"event_name":"Lab","floor":46,"gold_loss":0},{"damage_healed":0,"gold_gain":0,"player_choice":"Embrace Madness","damage_taken":15,"max_hp_gain":0,"max_hp_loss":0,"event_name":"Winding Halls","floor":47,"gold_loss":0,"cards_obtained":["Madness","Madness"]},{"cards_removed":["Strike_R"],"damage_healed":0,"gold_gain":0,"player_choice":"Purged","damage_taken":0,"max_hp_gain":0,"max_hp_loss":0,"event_name":"Purifier","floor":48,"gold_loss":0}],"is_beta":false,"boss_relics":[{"not_picked":["Calling Bell","Pandora\u0027s Box"],"picked":"Mark of Pain"},{"not_picked":["Tiny House","Runic Cube"],"picked":"Runic Dome"}],"items_purged_floors":[14,22,39],"is_endless":false,"potions_floor_spawned":[4,7,11,12,13,18,21,27,33,36,40,42,45,54],"killed_by":"The Heart","ascension_level":2}