{"gold_per_floor":[110,130,141,160,160,191,191,211,241,276,3,3,32,32,32,129,129,144,164,164,183,183,217,217,229,302,336,436,436,463,476,476,578,578,593,593,340,340,356,385,385,397,422,422,433,433,448,71,71,71],"floor_reached":51,"playtime":11378,"items_purged":["Strike_G","Regret","Regret"],"score":755,"play_id":"889c7c20-4e6f-4110-b04a-4fafe77b4ecd","local_time":"20191012192550","is_ascension_mode":false,"campfire_choices":[{"data":"Calculated Gamble","floor":7.0,"key":"SMITH"},{"floor":12.0,"key":"REST"},{"data":"Burst","floor":15.0,"key":"SMITH"},{"floor":24.0,"key":"REST"},{"data":"A Thousand Cuts","floor":32.0,"key":"SMITH"},{"floor":41,"key":"REST"},{"data":"Panache","floor":49,"key":"SMITH"}],"neow_cost":"NONE","seed_source_timestamp":72612976355587,"circlet_count":0,"master_deck":["Defend_G","Defend_G","Defend_G","Defend_G","Defend_G","Survivor","Neutralize","Burst+1","Blade Dance","Leg Sweep","Backstab","Poisoned Stab","Calculated Gamble+1","Deflect","A Thousand Cuts+1","Cloak And Dagger+1","Quick Slash+1","Bite+1","Bite+1","Bite+1","Bite+1","Bite+1","Backstab+1","All Out Attack+1","Bullet Time+1","Choke+1","Sucker Punch+1","Backflip","Corpse Explosion","Decay","Deflect+1","Deflect+1","Panache+1"],"special_seed":0,"relics":["Ring of the Serpent","Regal Pillow","Tiny Chest","Pen Nib","Sling","Molten Egg 2","FossilizedHelix","Smiling Mask","Kunai","Dead Branch","Nunchaku","Singing Bowl","Ornamental Fan","Calling Bell","Vajra","Shuriken","StoneCalendar","Strange Spoon","Bag of Marbles","Omamori","WarpedTongs","Ancient Tea Set"],"potions_floor_usage":[35,50,50],"damage_taken":[{"damage":3.0,"enemies":"Cultist","floor":1.0,"turns":5.0},{"damage":0.0,"enemies":"2 Louse","floor":2.0,"turns":4.0},{"damage":0.0,"enemies":"Small Slimes","floor":3.0,"turns":3.0},{"damage":0.0,"enemies":"3 Louse","floor":4.0,"turns":4.0},{"damage":13.0,"enemies":"Lagavulin","floor":6.0,"turns":5.0},{"damage":2.0,"enemies":"2 Fungi Beasts","floor":8.0,"turns":4.0},{"damage":23.0,"enemies":"Gremlin Nob","floor":10.0,"turns":5.0},{"damage":23.0,"enemies":"3 Sentries","floor":13.0,"turns":11.0},{"damage":23.0,"enemies":"The Guardian","floor":16.0,"turns":19.0},{"damage":0.0,"enemies":"Shell Parasite","floor":18.0,"turns":9.0},{"damage":4.0,"enemies":"3 Byrds","floor":19.0,"turns":5.0},{"damage":12.0,"enemies":"3 Cultists","floor":21.0,"turns":7.0},{"damage":48.0,"enemies":"Gremlin Leader","floor":23.0,"turns":11.0},{"damage":9.0,"enemies":"Centurion and Healer","floor":25.0,"turns":5.0},{"damage":14.0,"enemies":"Slavers","floor":27.0,"turns":7.0},{"damage":0.0,"enemies":"Colosseum Slavers","floor":28.0,"turns":3.0},{"damage":0.0,"enemies":"Colosseum Nobs","floor":28.0,"turns":2.0},{"damage":0.0,"enemies":"Book of Stabbing","floor":30.0,"turns":3.0},{"damage":5.0,"enemies":"Snake Plant","floor":31.0,"turns":4.0},{"damage":55.0,"enemies":"Collector","floor":33.0,"turns":13.0},{"damage":10,"enemies":"3 Darklings","floor":35,"turns":3},{"damage":0,"enemies":"Orb Walker","floor":39,"turns":2},{"damage":35,"enemies":"Reptomancer","floor":40,"turns":7},{"damage":7,"enemies":"Jaw Worm Horde","floor":42,"turns":4},{"damage":0,"enemies":"Spire Growth","floor":45,"turns":4},{"damage":0,"enemies":"Sphere and 2 Shapes","floor":47,"turns":3},{"damage":50,"enemies":"Awakened One","floor":50,"turns":17}],"seed_played":"786147243966268840","potions_obtained":[{"floor":2.0,"key":"Poison Potion"},{"floor":4.0,"key":"AttackPotion"},{"floor":8.0,"key":"Regen Potion"},{"floor":13.0,"key":"PowerPotion"},{"floor":18.0,"key":"Regen Potion"},{"floor":25.0,"key":"FairyPotion"},{"floor":31.0,"key":"Regen Potion"},{"floor":33.0,"key":"SkillPotion"},{"floor":42,"key":"Block Potion"}],"is_trial":false,"path_per_floor":["M","M","M","M","?","E","R","M","T","E","$","R","E","?","R","B",null,"M","M","?","M","?","E","R","M","T","E","?","?","E","M","R","B",null,"M","?","$","?","M","E","R","M","T","?","M","?","M","$","R","B",null],"character_chosen":"THE_SILENT","items_purchased":["Sling","Strange Spoon","Panache","Ancient Tea Set"],"campfire_rested":3,"item_purchase_floors":[11,37,48,48],"current_hp_per_floor":[67,67,67,67,67,54,54,52,52,29,29,65,42,39,39,31,70,70,66,66,54,49,17,46,49,49,49,49,49,49,49,49,31,49,42,42,42,42,47,23,49,47,47,47,53,53,55,55,55,28],"gold":71,"neow_bonus":"ONE_RANDOM_RARE_CARD","is_prod":false,"is_daily":false,"chose_seed":false,"campfire_upgraded":4,"win_rate":0,"timestamp":1570901150,"path_taken":["M","M","M","M","?","E","R","M","T","E","$","R","E","?","R","BOSS","M","M","?","M","?","E","R","M","T","E","?","?","E","M","R","BOSS","M","?","$","?","M","E","R","M","T","?","?","?","M","?","R","BOSS"],"build_version":"2019-07-17","purchased_purges":3,"victory":true,"max_hp_per_floor":[70,70,70,70,70,70,70,70,70,70,70,70,70,70,70,70,70,70,70,70,70,49,49,49,49,49,49,49,49,49,49,49,49,49,49,49,49,47,49,49,49,51,51,51,53,53,55,55,55,55],"card_choices":[{"not_picked":["Reflex","Cloak And Dagger"],"picked":"Blade Dance","floor":1.0},{"not_picked":["Dodge and Roll","Bane"],"picked":"Leg Sweep","floor":2.0},{"not_picked":["Blur","Blade Dance"],"picked":"Backstab","floor":3.0},{"not_picked":["Cloak And Dagger","PiercingWail"],"picked":"Poisoned Stab","floor":4.0},{"not_picked":["Dodge and Roll","Flying Knee"],"picked":"Calculated Gamble","floor":6.0},{"not_picked":["Tactician","Acrobatics"],"picked":"Deflect","floor":8.0},{"not_picked":["Bouncing Flask","Dagger Spray","Flying Knee"],"picked":"SKIP","floor":10.0},{"not_picked":["Backflip","Choke","Adrenaline"],"picked":"SKIP","floor":13.0},{"not_picked":["Venomology","Burst"],"picked":"A Thousand Cuts","floor":16.0},{"not_picked":["Slice+1","Deflect"],"picked":"Cloak And Dagger+1","floor":18.0},{"not_picked":["Outmaneuver","Backflip"],"picked":"Crippling Poison","floor":19.0},{"not_picked":["Reflex","Well Laid Plans"],"picked":"Quick Slash+1","floor":21.0},{"not_picked":["Reflex","Outmaneuver"],"picked":"Backstab+1","floor":23.0},{"not_picked":["Blade Dance","Flying Knee+1"],"picked":"All Out Attack+1","floor":25.0},{"not_picked":["Poisoned Stab+1","Bane+1"],"picked":"Bullet Time","floor":27.0},{"not_picked":["Riddle With Holes+1","Bane+1"],"picked":"Choke+1","floor":28.0},{"not_picked":["Underhanded Strike+1","Caltrops"],"picked":"Sucker Punch+1","floor":30.0},{"not_picked":["Skewer+1","Escape Plan"],"picked":"Backflip","floor":31.0},{"not_picked":["After Image","Die Die Die+1"],"picked":"Corpse Explosion","floor":33.0},{"not_picked":["Deadly Poison+1","Sucker Punch+1"],"picked":"Deflect+1","floor":35},{"not_picked":["Heel Hook+1","Dagger Throw+1","Backflip"],"picked":"Singing Bowl","floor":39},{"not_picked":["Noxious Fumes","Quick Slash+1"],"picked":"Deflect+1","floor":40},{"not_picked":["Underhanded Strike+1","Dash+1","Choke+1"],"picked":"Singing Bowl","floor":42},{"not_picked":["Dagger Spray+1","Bouncing Flask+1","Terror+1"],"picked":"Singing Bowl","floor":45},{"not_picked":["Poisoned Stab+1","Footwork+1","Dagger Spray+1"],"picked":"Singing Bowl","floor":47}],"player_experience":373883,"relics_obtained":[{"floor":6.0,"key":"Regal Pillow"},{"floor":9.0,"key":"Tiny Chest"},{"floor":10.0,"key":"Pen Nib"},{"floor":13.0,"key":"Molten Egg 2"},{"floor":23.0,"key":"Smiling Mask"},{"floor":26.0,"key":"Kunai"},{"floor":27.0,"key":"Dead Branch"},{"floor":28.0,"key":"Nunchaku"},{"floor":28.0,"key":"Singing Bowl"},{"floor":30.0,"key":"Ornamental Fan"},{"floor":34.0,"key":"Vajra"},{"floor":34.0,"key":"Shuriken"},{"floor":34.0,"key":"StoneCalendar"},{"floor":40,"key":"Bag of Marbles"},{"floor":43,"key":"Omamori"}],"event_choices":[{"damage_healed":0.0,"max_hp_gain":0.0,"max_hp_loss":0.0,"gold_gain":0.0,"event_name":"Liars Game","player_choice":"Ignored","floor":5.0,"gold_loss":0.0,"damage_taken":0.0},{"damage_healed":0.0,"max_hp_gain":0.0,"max_hp_loss":0.0,"gold_gain":0.0,"event_name":"Scrap Ooze","player_choice":"Success","floor":14.0,"gold_loss":0.0,"damage_taken":3.0,"relics_obtained":["FossilizedHelix"]},{"damage_healed":0.0,"max_hp_gain":0.0,"max_hp_loss":0.0,"gold_gain":0.0,"event_name":"The Mausoleum","player_choice":"Ignored","floor":20.0,"gold_loss":0.0,"damage_taken":0.0},{"damage_healed":0.0,"max_hp_gain":0.0,"max_hp_loss":21.0,"gold_gain":0.0,"event_name":"Vampires","player_choice":"Became a vampire","floor":22.0,"gold_loss":0.0,"damage_taken":0.0,"cards_obtained":["Bite","Bite","Bite","Bite","Bite"]},{"damage_healed":0.0,"max_hp_gain":0.0,"max_hp_loss":0.0,"gold_gain":0.0,"event_name":"Colosseum","player_choice":"Fight","floor":28.0,"gold_loss":0.0,"damage_taken":0.0},{"damage_healed":0.0,"max_hp_gain":0.0,"max_hp_loss":0.0,"gold_gain":0.0,"event_name":"Colosseum","player_choice":"Fought Nobs","floor":28.0,"gold_loss":0.0,"damage_taken":0.0},{"damage_healed":0.0,"max_hp_gain":0.0,"max_hp_loss":0.0,"gold_gain":0.0,"event_name":"Ghosts","player_choice":"Ignored","floor":29.0,"gold_loss":0.0,"damage_taken":0.0},{"cards_removed":["Crippling Poison"],"damage_healed":0,"gold_gain":0,"player_choice":"Removed Skill","damage_taken":0,"max_hp_gain":0,"max_hp_loss":0,"event_name":"Falling","floor":36,"gold_loss":0},{"damage_healed":0,"gold_gain":0,"player_choice":"Max HP","damage_taken":0,"max_hp_gain":0,"max_hp_loss":2,"event_name":"Winding Halls","floor":38,"gold_loss":0},{"damage_healed":0,"gold_gain":0,"player_choice":"Upgraded","damage_taken":0,"max_hp_gain":0,"max_hp_loss":0,"event_name":"Upgrade Shrine","floor":44,"gold_loss":0,"cards_upgraded":["Bullet Time"]},{"damage_healed":0,"gold_gain":0,"player_choice":"Rummage","damage_taken":0,"relics_obtained":["WarpedTongs"],"max_hp_gain":0,"max_hp_loss":0,"event_name":"Accursed Blacksmith","floor":46,"gold_loss":0,"cards_obtained":["Pain"]}],"is_beta":false,"boss_relics":[{"not_picked":["HoveringKite","Eternal Feather"],"picked":"Ring of the Serpent"},{"not_picked":["Velvet Choker","Coffee Dripper"],"picked":"Calling Bell"}],"items_purged_floors":[11,37,48],"is_endless":false,"potions_floor_spawned":[2,4,8,13,18,25,28,31,33,42,47],"ascension_level":0}