{"gold_per_floor":[361,381,393,393,403,428,440,30,56,88,88,105,121,18,18,142,142,162,173,190,208,20,20,45,45,45,70,89,89,89,89,89,89],"floor_reached":33,"playtime":1898,"items_purged":["Pain"],"score":374,"play_id":"558e8541-fedd-40f7-8b74-22786a4c87b1","local_time":"20190729140225","is_ascension_mode":false,"campfire_choices":[{"floor":11,"key":"RECALL"},{"data":"Evolve","floor":15,"key":"SMITH"},{"floor":23,"key":"REST"},{"floor":25,"key":"REST"},{"floor":30,"key":"REST"},{"floor":32,"key":"REST"}],"neow_cost":"CURSE","seed_source_timestamp":2319471392165,"circlet_count":0,"master_deck":["Strike_R+1","Strike_R","Strike_R+1","Strike_R","Strike_R","Defend_R","Defend_R","Defend_R","Defend_R","Bash","Parasite","Perfected Strike","Perfected Strike","Second Wind","Iron Wave","Ghostly Armor","Reaper","Wild Strike","HandOfGreed","Intimidate","Flame Barrier","Wild Strike","Whirlwind","Evolve+1","Swift Strike","Dark Embrace","Wild Strike","Pommel Strike","Reaper","Armaments+1","Magnetism","Twin Strike","Wild Strike+1","Disarm","Headbutt"],"relics":["Black Blood","WarpedTongs","The Courier","Bronze Scales","Whetstone","Potion Belt","Ornamental Fan","Vajra","Nilry\u0027s Codex"],"potions_floor_usage":[6,10,10,16,18,24,24,24,33,33],"damage_taken":[{"damage":10,"enemies":"Jaw Worm","floor":1,"turns":4},{"damage":1,"enemies":"Cultist","floor":2,"turns":3},{"damage":7,"enemies":"2 Louse","floor":3,"turns":3},{"damage":4,"enemies":"Large Slime","floor":5,"turns":4},{"damage":39,"enemies":"Lagavulin","floor":6,"turns":6},{"damage":2,"enemies":"2 Fungi Beasts","floor":7,"turns":3},{"damage":0,"enemies":"Gremlin Nob","floor":10,"turns":2},{"damage":4,"enemies":"3 Louse","floor":12,"turns":3},{"damage":0,"enemies":"Large Slime","floor":13,"turns":6},{"damage":36,"enemies":"Slime Boss","floor":16,"turns":8},{"damage":7,"enemies":"2 Thieves","floor":18,"turns":4},{"damage":30,"enemies":"Shell Parasite","floor":19,"turns":5},{"damage":16,"enemies":"Snake Plant","floor":20,"turns":3},{"damage":25,"enemies":"3 Cultists","floor":21,"turns":6},{"damage":26,"enemies":"Gremlin Leader","floor":24,"turns":7},{"damage":44,"enemies":"Book of Stabbing","floor":27,"turns":5},{"damage":5,"enemies":"Centurion and Healer","floor":28,"turns":7},{"damage":104,"enemies":"Collector","floor":33,"turns":7}],"seed_played":"-6220502138678591687","potions_obtained":[{"floor":3,"key":"SteroidPotion"},{"floor":5,"key":"Block Potion"},{"floor":6,"key":"Energy Potion"},{"floor":7,"key":"Energy Potion"},{"floor":10,"key":"SteroidPotion"},{"floor":20,"key":"PowerPotion"},{"floor":21,"key":"Fire Potion"},{"floor":27,"key":"Poison Potion"},{"floor":28,"key":"Weak Potion"}],"is_trial":false,"path_per_floor":["M","M","M","?","M","E","M","$","T","E","R","M","M","$","R","B",null,"M","M","M","M","$","R","E","R","T","E","M","?","R","?","R","B"],"character_chosen":"IRONCLAD","items_purchased":["Wild Strike","Bronze Scales","HandOfGreed","Intimidate","Evolve","Swift Strike","Magnetism","Twin Strike","Block Potion"],"campfire_rested":4,"item_purchase_floors":[8,8,8,8,14,14,22,22,22],"current_hp_per_floor":[76,80,79,79,80,47,51,51,51,57,57,59,71,71,71,54,80,80,60,54,48,48,72,56,80,80,46,51,35,59,44,69,0],"gold":89,"neow_bonus":"TWO_FIFTY_GOLD","is_prod":false,"is_daily":false,"chose_seed":false,"campfire_upgraded":1,"win_rate":0,"timestamp":1564401745,"path_taken":["M","M","M","?","M","E","M","$","T","E","R","M","M","$","R","BOSS","M","M","M","M","$","R","E","R","T","E","M","?","R","?","R","BOSS"],"build_version":"2019-07-17","purchased_purges":1,"victory":false,"max_hp_per_floor":[80,80,80,80,80,80,80,80,80,80,80,80,80,80,80,80,80,80,80,80,80,80,80,80,80,80,80,80,80,80,85,85,85],"card_choices":[{"not_picked":["Combust","Pommel Strike"],"picked":"Perfected Strike","floor":1},{"not_picked":["Infernal Blade","Heavy Blade"],"picked":"Perfected Strike","floor":2},{"not_picked":["Heavy Blade","Uppercut"],"picked":"Second Wind","floor":3},{"not_picked":["Metallicize","Dual Wield"],"picked":"Iron Wave","floor":5},{"not_picked":["Rampage","Clothesline"],"picked":"Ghostly Armor","floor":6},{"not_picked":["Twin Strike","Thunderclap"],"picked":"Reaper","floor":7},{"not_picked":["Rupture","Battle Trance"],"picked":"Flame Barrier","floor":10},{"not_picked":["Havoc","Clash"],"picked":"Wild Strike","floor":12},{"not_picked":["Cleave","Dual Wield"],"picked":"Whirlwind","floor":13},{"not_picked":["Berserk","Immolate"],"picked":"Dark Embrace","floor":16},{"not_picked":["Heavy Blade","Inflame"],"picked":"Wild Strike","floor":18},{"not_picked":["Clothesline","Thunderclap"],"picked":"Pommel Strike","floor":19},{"not_picked":["Heavy Blade","Rupture"],"picked":"Reaper","floor":20},{"not_picked":["Shrug It Off","Seeing Red"],"picked":"Armaments+1","floor":21},{"not_picked":["Rampage","Clash"],"picked":"Wild Strike+1","floor":24},{"not_picked":["Heavy Blade+1","Rupture"],"picked":"Disarm","floor":27},{"not_picked":["Uppercut+1","Armaments"],"picked":"Headbutt","floor":28}],"player_experience":137882,"relics_obtained":[{"floor":6,"key":"The Courier"},{"floor":10,"key":"Whetstone"},{"floor":24,"key":"Potion Belt"},{"floor":26,"key":"Ornamental Fan"},{"floor":27,"key":"Vajra"},{"floor":29,"key":"Nilry\u0027s Codex"}],"event_choices":[{"damage_healed":0,"gold_gain":0,"player_choice":"Rummage","damage_taken":0,"relics_obtained":["WarpedTongs"],"max_hp_gain":0,"max_hp_loss":0,"event_name":"Accursed Blacksmith","floor":4,"gold_loss":0,"cards_obtained":["Pain"]},{"damage_healed":0,"gold_gain":0,"player_choice":"Obtained Book","damage_taken":16,"max_hp_gain":0,"max_hp_loss":0,"event_name":"Cursed Tome","floor":29,"gold_loss":0},{"damage_healed":0,"gold_gain":0,"player_choice":"Shed Blood","damage_taken":20,"max_hp_gain":5,"max_hp_loss":0,"event_name":"Forgotten Altar","floor":31,"gold_loss":0}],"is_beta":false,"boss_relics":[{"not_picked":["Lizard Tail","Sozu"],"picked":"Black Blood"}],"items_purged_floors":[8],"is_endless":false,"potions_floor_spawned":[3,5,6,7,10,20,21,27,28],"killed_by":"Collector","ascension_level":0}