{"gold_per_floor":[20,31,31,31,46,46,71,71,71,91,104,104,163,117,117,117],"floor_reached":16,"playtime":246,"items_purged":[],"score":117,"play_id":"9883ce74-c7d2-45a3-9cc6-1715084caddc","local_time":"20190907202607","is_ascension_mode":false,"campfire_choices":[{"data":"Flex","floor":6,"key":"SMITH"},{"data":"Thunderclap","floor":8,"key":"SMITH"},{"data":"Heavy Blade","floor":12,"key":"SMITH"},{"data":"Cleave","floor":15,"key":"SMITH"}],"neow_cost":"NO_GOLD","seed_source_timestamp":687453159040600,"circlet_count":0,"master_deck":["Strike_R","Strike_R","Strike_R","Strike_R","Strike_R","Defend_R","Defend_R","Defend_R","Defend_R","Bash","Flex+1","Twin Strike","Pommel Strike","Thunderclap+1","Heavy Blade+1","Cleave+1","Shrug It Off"],"relics":["Burning Blood","Golden Idol","Vajra","Frozen Egg 2"],"potions_floor_usage":[],"damage_taken":[{"damage":0,"enemies":"Small Slimes","floor":1,"turns":3},{"damage":6,"enemies":"Jaw Worm","floor":2,"turns":3},{"damage":1,"enemies":"Cultist","floor":5,"turns":3},{"damage":10,"enemies":"Looter","floor":7,"turns":2},{"damage":16,"enemies":"Large Slime","floor":10,"turns":3},{"damage":14,"enemies":"3 Louse","floor":11,"turns":2},{"damage":58,"enemies":"Hexaghost","floor":16,"turns":7}],"seed_played":"-5405746160171362780","potions_obtained":[{"floor":1,"key":"Fire Potion"},{"floor":2,"key":"GamblersBrew"},{"floor":11,"key":"GamblersBrew"}],"is_trial":false,"path_per_floor":["M","M","?","?","M","R","M","R","T","M","M","R","?","$","R","B"],"character_chosen":"IRONCLAD","items_purchased":["Shrug It Off"],"campfire_rested":0,"item_purchase_floors":[14],"current_hp_per_floor":[96,96,72,72,77,77,73,73,73,63,55,55,55,55,55,0],"gold":117,"neow_bonus":"TWENTY_PERCENT_HP_BONUS","is_prod":false,"is_daily":false,"chose_seed":false,"campfire_upgraded":4,"win_rate":0,"timestamp":1567880767,"path_taken":["M","M","?","?","M","R","M","R","T","M","?","R","?","$","R","BOSS"],"build_version":"2019-07-17","purchased_purges":0,"victory":false,"max_hp_per_floor":[96,96,96,96,96,96,96,96,96,96,96,96,96,96,96,96],"card_choices":[{"not_picked":["Corruption","Thunderclap"],"picked":"Flex","floor":1},{"not_picked":["Armaments","Shockwave"],"picked":"Twin Strike","floor":2},{"not_picked":["Havoc","Shockwave"],"picked":"Pommel Strike","floor":5},{"not_picked":["Anger","Warcry"],"picked":"Thunderclap","floor":7},{"not_picked":["Entrench","Impervious"],"picked":"Heavy Blade","floor":10},{"not_picked":["Twin Strike","Wild Strike"],"picked":"Cleave","floor":11}],"player_experience":211956,"relics_obtained":[{"floor":9,"key":"Frozen Egg 2"}],"event_choices":[{"damage_healed":0,"gold_gain":0,"player_choice":"Take Damage","damage_taken":24,"relics_obtained":["Golden Idol"],"max_hp_gain":0,"max_hp_loss":0,"event_name":"Golden Idol","floor":3,"gold_loss":0},{"damage_healed":0,"gold_gain":0,"player_choice":"Gave Potion","damage_taken":0,"relics_obtained":["Vajra"],"max_hp_gain":0,"max_hp_loss":0,"event_name":"WeMeetAgain","floor":4,"gold_loss":0},{"damage_healed":0,"gold_gain":59,"player_choice":"Gained Gold","damage_taken":0,"max_hp_gain":0,"max_hp_loss":0,"event_name":"Golden Wing","floor":13,"gold_loss":0}],"is_beta":false,"boss_relics":[],"items_purged_floors":[],"is_endless":false,"potions_floor_spawned":[1,2,11],"killed_by":"Hexaghost","ascension_level":0}