{"gold_per_floor":[114,114,133,60,74,105,105,132,132,143,197,232,250,250,250,348,348,360,379,294,294,48,48,76,76,100,135,60,60,75,75,75,178,178,191,206,223,234,251,251,263,263],"floor_reached":42,"playtime":1970,"items_purged":["Perfected Strike"],"score":655,"play_id":"ad1d8fda-f155-4c46-a221-4197e0b951f5","local_time":"20190914201625","is_ascension_mode":true,"campfire_choices":[{"data":"Heavy Blade","floor":7,"key":"SMITH"},{"data":"Flex","floor":15,"key":"SMITH"},{"data":"Limit Break","floor":23,"key":"SMITH"},{"floor":25,"key":"REST"},{"floor":29,"key":"DIG"},{"floor":32,"key":"REST"},{"floor":40,"key":"DIG"}],"neow_cost":"NONE","seed_source_timestamp":199209679602100,"circlet_count":0,"master_deck":["Bash","Dropkick","Heavy Blade+1","Spot Weakness","Cleave","Ghostly Armor+1","Flex+1","Metallicize+1","Rage+1","Shrug It Off","Spot Weakness","Juggernaut+1","Rupture+1","Reckless Charge","Limit Break+1","Rage","Rage","Whirlwind","Searing Blow","Metallicize+1","Anger","Bloodletting","Intimidate","Anger","Flex","Armaments+1","Shrug It Off","Anger","Bite","Bite","Bite","Bite","Bite","Demon Form+1","Headbutt+1","Flame Barrier","Anger","Combust+1","Shrug It Off","Dual Wield","Metallicize+1","Metallicize+1"],"relics":["Burning Blood","Bag of Marbles","Frozen Egg 2","Dodecahedron","Lantern","Prayer Wheel","Gambling Chip","Pandora\u0027s Box","Magic Flower","Red Skull","Ice Cream","Orichalcum","Shovel","War Paint","Eternal Feather","Molten Egg 2"],"potions_floor_usage":[6,6,12,33,38,39],"damage_taken":[{"damage":14,"enemies":"Jaw Worm","floor":1,"turns":3},{"damage":6,"enemies":"2 Louse","floor":3,"turns":2},{"damage":0,"enemies":"Small Slimes","floor":5,"turns":2},{"damage":24,"enemies":"3 Sentries","floor":6,"turns":5},{"damage":30,"enemies":"Lagavulin","floor":8,"turns":5},{"damage":0,"enemies":"Exordium Wildlife","floor":10,"turns":3},{"damage":0,"enemies":"Gremlin Nob","floor":12,"turns":2},{"damage":15,"enemies":"2 Fungi Beasts","floor":13,"turns":3},{"damage":30,"enemies":"The Guardian","floor":16,"turns":6},{"damage":0,"enemies":"Chosen","floor":18,"turns":3},{"damage":27,"enemies":"2 Thieves","floor":19,"turns":5},{"damage":25,"enemies":"Book of Stabbing","floor":24,"turns":5},{"damage":34,"enemies":"Gremlin Leader","floor":27,"turns":7},{"damage":33,"enemies":"Shelled Parasite and Fungi","floor":30,"turns":4},{"damage":68,"enemies":"Champ","floor":33,"turns":8},{"damage":8,"enemies":"Orb Walker","floor":35,"turns":3},{"damage":38,"enemies":"3 Shapes","floor":36,"turns":4},{"damage":19,"enemies":"Sphere and 2 Shapes","floor":37,"turns":6},{"damage":17,"enemies":"3 Darklings","floor":38,"turns":5},{"damage":57,"enemies":"Maw","floor":39,"turns":8},{"damage":30,"enemies":"Sphere and 2 Shapes","floor":41,"turns":4},{"damage":48,"enemies":"Reptomancer","floor":42,"turns":4}],"seed_played":"8711219190358363002","potions_obtained":[{"floor":1,"key":"Weak Potion"},{"floor":5,"key":"Poison Potion"},{"floor":10,"key":"FearPotion"},{"floor":12,"key":"FairyPotion"},{"floor":19,"key":"Ancient Potion"},{"floor":27,"key":"SteroidPotion"},{"floor":33,"key":"Weak Potion"},{"floor":35,"key":"EssenceOfSteel"},{"floor":36,"key":"Block Potion"}],"is_trial":false,"path_per_floor":["M","?","M","$","M","E","R","E","T","M","?","E","M","T","R","B",null,"M","M","?","?","$","R","E","R","T","E","?","R","M","?","R","B",null,"M","M","M","M","M","R","M","E"],"character_chosen":"IRONCLAD","items_purchased":["Spot Weakness","Anger","Red Skull"],"campfire_rested":2,"item_purchase_floors":[4,22,22],"current_hp_per_floor":[72,69,71,71,79,62,62,40,40,48,48,56,49,49,49,27,80,80,59,59,50,50,50,37,61,61,39,39,39,18,18,42,24,80,80,57,56,61,30,54,39,0],"gold":263,"neow_bonus":"RANDOM_COMMON_RELIC","is_prod":false,"is_daily":false,"chose_seed":false,"campfire_upgraded":3,"win_rate":0,"timestamp":1568484985,"path_taken":["M","?","M","$","M","E","R","E","T","M","?","E","M","?","R","BOSS","M","M","?","?","$","R","E","R","T","E","?","R","?","?","R","BOSS","M","M","M","M","M","R","M","E"],"build_version":"2019-07-17","purchased_purges":1,"victory":false,"max_hp_per_floor":[80,80,80,80,80,80,80,80,80,80,80,80,80,80,80,80,80,80,80,80,80,80,80,80,80,80,80,80,80,80,80,80,80,80,80,80,80,80,80,80,80,80],"card_choices":[{"not_picked":["Seeing Red","Anger"],"picked":"Dropkick","floor":1},{"not_picked":["Shrug It Off","Clash"],"picked":"Heavy Blade","floor":3},{"not_picked":["Entrench","Perfected Strike"],"picked":"Cleave","floor":5},{"not_picked":["Body Slam","Armaments"],"picked":"Ghostly Armor","floor":6},{"not_picked":["Perfected Strike","Sentinel"],"picked":"Flex","floor":8},{"not_picked":["Iron Wave","Clothesline"],"picked":"Metallicize+1","floor":10},{"not_picked":["Body Slam","Fire Breathing+1"],"picked":"Rage","floor":12},{"not_picked":["Body Slam","Havoc"],"picked":"Shrug It Off","floor":13},{"not_picked":["Heavy Blade","Armaments"],"picked":"Spot Weakness","floor":13},{"not_picked":["Dark Embrace+1","Bludgeon"],"picked":"Juggernaut+1","floor":16},{"not_picked":["Feel No Pain+1","Sentinel+1"],"picked":"Metallicize+1","floor":18},{"not_picked":["Body Slam","Perfected Strike+1"],"picked":"Anger","floor":18},{"not_picked":["Rampage+1","Warcry"],"picked":"Bloodletting","floor":19},{"not_picked":["Reckless Charge","Heavy Blade"],"picked":"Intimidate","floor":19},{"not_picked":["Iron Wave+1","Flame Barrier"],"picked":"Flex","floor":24},{"not_picked":["Perfected Strike","Wild Strike"],"picked":"Armaments+1","floor":27},{"not_picked":["True Grit","Corruption+1"],"picked":"Shrug It Off","floor":30},{"not_picked":["Body Slam","Hemokinesis"],"picked":"Anger","floor":30},{"not_picked":["Offering","Feed"],"picked":"Demon Form+1","floor":33},{"not_picked":["Twin Strike","True Grit"],"picked":"Headbutt+1","floor":35},{"not_picked":["Ghostly Armor","Carnage"],"picked":"Flame Barrier","floor":35},{"not_picked":["Clash","Wild Strike"],"picked":"Anger","floor":36},{"not_picked":["Power Through","Wild Strike+1"],"picked":"Combust+1","floor":36},{"not_picked":["Carnage","Headbutt"],"picked":"Shrug It Off","floor":37},{"not_picked":["Heavy Blade","Twin Strike+1","Searing Blow"],"picked":"SKIP","floor":37},{"not_picked":["Warcry+1","Body Slam+1","Clothesline"],"picked":"SKIP","floor":38},{"not_picked":["Sword Boomerang+1","Thunderclap","Iron Wave"],"picked":"SKIP","floor":38},{"not_picked":["Iron Wave","Sword Boomerang+1"],"picked":"Dual Wield","floor":39},{"not_picked":["Shrug It Off+1","Fire Breathing+1"],"picked":"Metallicize+1","floor":39},{"not_picked":["Carnage+1","Hemokinesis+1"],"picked":"Metallicize+1","floor":41},{"not_picked":["Battle Trance","Corruption+1","Twin Strike+1"],"picked":"SKIP","floor":41}],"player_experience":248922,"relics_obtained":[{"floor":6,"key":"Frozen Egg 2"},{"floor":8,"key":"Dodecahedron"},{"floor":9,"key":"Lantern"},{"floor":12,"key":"Prayer Wheel"},{"floor":14,"key":"Gambling Chip"},{"floor":24,"key":"Ice Cream"},{"floor":26,"key":"Orichalcum"},{"floor":27,"key":"Shovel"},{"floor":29,"key":"War Paint"},{"floor":40,"key":"Molten Egg 2"}],"event_choices":[{"damage_healed":0,"gold_gain":0,"player_choice":"Success","damage_taken":3,"relics_obtained":["Blood Vial"],"max_hp_gain":0,"max_hp_loss":0,"event_name":"Scrap Ooze","floor":2,"gold_loss":0},{"damage_healed":0,"gold_gain":54,"player_choice":"Gained Gold","damage_taken":0,"max_hp_gain":0,"max_hp_loss":0,"event_name":"Golden Wing","floor":11,"gold_loss":0},{"damage_healed":0,"gold_gain":0,"player_choice":"Obtained Relic","damage_taken":0,"relics_obtained":["Magic Flower"],"max_hp_gain":0,"max_hp_loss":0,"event_name":"Addict","floor":20,"gold_loss":85},{"damage_healed":0,"gold_gain":0,"player_choice":"Stopped","damage_taken":9,"max_hp_gain":0,"max_hp_loss":0,"event_name":"Cursed Tome","floor":21,"gold_loss":0},{"cards_removed":["Sentinel"],"damage_healed":0,"gold_gain":0,"player_choice":"Gave Gold","damage_taken":0,"max_hp_gain":0,"max_hp_loss":0,"event_name":"Beggar","floor":28,"gold_loss":75},{"damage_healed":0,"gold_gain":0,"player_choice":"Became a vampire (Vial)","damage_taken":0,"max_hp_gain":0,"max_hp_loss":0,"event_name":"Vampires","floor":31,"relics_lost":["Blood Vial"],"gold_loss":0,"cards_obtained":["Bite","Bite","Bite","Bite","Bite"]}],"is_beta":false,"boss_relics":[{"not_picked":["White Beast Statue","Ectoplasm"],"picked":"Pandora\u0027s Box"},{"not_picked":["Orrery","Lizard Tail"],"picked":"Eternal Feather"}],"items_purged_floors":[22],"is_endless":false,"potions_floor_spawned":[1,5,10,12,19,27,33,35,36],"killed_by":"Reptomancer","ascension_level":3}