{"gold_per_floor":[114,114,114,114,132,132,150,164,164,164,182,212,48,123,123,224,224,238,249,249,249,260,292,292,302,370,370,389,389,389,402,402,402],"floor_reached":33,"playtime":773,"items_purged":[],"score":267,"play_id":"c62ce4d5-d9ff-47f7-9074-5a4fdbf3f3e4","local_time":"20190907223319","is_ascension_mode":false,"campfire_choices":[{"data":"Inflame","floor":6,"key":"SMITH"},{"data":"Inflame","floor":10,"key":"SMITH"},{"data":"Heavy Blade","floor":15,"key":"SMITH"},{"floor":24,"key":"REST"},{"floor":27,"key":"REST"},{"data":"Demon Form","floor":29,"key":"SMITH"},{"floor":32,"key":"REST"}],"neow_cost":"NONE","seed_source_timestamp":694558264349200,"circlet_count":0,"master_deck":["Strike_R+1","Strike_R+1","Strike_R+1","Strike_R+1","Strike_R+1","Defend_R+1","Defend_R+1","Defend_R+1","Defend_R+1","Bash","Spot Weakness+1","Enlightenment","Inflame+1","Inflame+1","Anger","Shrug It Off","Heavy Blade+1","Demon Form+1","Cleave","Impervious","Whirlwind+1","Cleave+1","Perfected Strike","Corruption","Offering"],"relics":["Burning Blood","War Paint","Unceasing Top","Pen Nib","Lizard Tail","Matryoshka","Happy Flower","Mercury Hourglass","Nloth\u0027s Gift"],"potions_floor_usage":[16,19,31,33],"damage_taken":[{"damage":8,"enemies":"Small Slimes","floor":1,"turns":3},{"damage":0,"enemies":"2 Louse","floor":5,"turns":3},{"damage":0,"enemies":"Cultist","floor":7,"turns":3},{"damage":5,"enemies":"Lots of Slimes","floor":8,"turns":4},{"damage":1,"enemies":"Exordium Wildlife","floor":11,"turns":3},{"damage":27,"enemies":"Gremlin Nob","floor":12,"turns":4},{"damage":35,"enemies":"Hexaghost","floor":16,"turns":6},{"damage":32,"enemies":"2 Thieves","floor":18,"turns":4},{"damage":29,"enemies":"3 Byrds","floor":19,"turns":6},{"damage":25,"enemies":"Cultist and Chosen","floor":22,"turns":6},{"damage":54,"enemies":"Book of Stabbing","floor":23,"turns":5},{"damage":39,"enemies":"Sentry and Sphere","floor":25,"turns":4},{"damage":12,"enemies":"Snecko","floor":28,"turns":5},{"damage":4,"enemies":"3 Cultists","floor":31,"turns":3},{"damage":57,"enemies":"Collector","floor":33,"turns":3}],"seed_played":"-2606383300143375378","potions_obtained":[{"floor":1,"key":"Dexterity Potion"},{"floor":8,"key":"Regen Potion"},{"floor":11,"key":"FairyPotion"},{"floor":16,"key":"SpeedPotion"},{"floor":25,"key":"SkillPotion"},{"floor":28,"key":"SkillPotion"}],"is_trial":false,"path_per_floor":["M","?","?","?","M","R","M","M","T","R","M","E","$","?","R","B",null,"M","M","?","?","M","E","R","M","T","R","M","R","?","M","R","B"],"character_chosen":"IRONCLAD","items_purchased":["Demon Form","Cleave"],"campfire_rested":3,"item_purchase_floors":[13,13],"current_hp_per_floor":[78,53,53,53,59,59,65,66,66,66,71,50,50,39,39,25,80,54,31,31,31,12,16,40,7,7,31,25,25,25,27,51,0],"gold":402,"neow_bonus":"RANDOM_COMMON_RELIC","is_prod":false,"is_daily":false,"chose_seed":false,"campfire_upgraded":4,"win_rate":0,"timestamp":1567888399,"path_taken":["M","?","?","?","M","R","?","?","T","R","M","E","$","?","R","BOSS","M","M","?","?","M","E","R","M","T","R","?","R","?","?","R","BOSS"],"build_version":"2019-07-17","purchased_purges":0,"victory":false,"max_hp_per_floor":[80,80,80,80,80,80,80,80,80,80,80,80,80,80,80,80,80,80,80,80,80,80,80,80,80,80,80,80,80,80,80,80,80],"card_choices":[{"not_picked":["Rampage","Armaments"],"picked":"Spot Weakness","floor":1},{"not_picked":["Anger","Infernal Blade"],"picked":"Inflame","floor":5},{"not_picked":["True Grit","Thunderclap"],"picked":"Inflame","floor":7},{"not_picked":["Rupture","Entrench"],"picked":"Anger","floor":8},{"not_picked":["Reckless Charge","Second Wind"],"picked":"Shrug It Off","floor":11},{"not_picked":["Uppercut","Headbutt"],"picked":"Heavy Blade","floor":12},{"not_picked":["Brutality","Offering"],"picked":"Impervious","floor":16},{"not_picked":["Fire Breathing","Iron Wave","Dual Wield+1"],"picked":"SKIP","floor":18},{"not_picked":["Evolve","Armaments","Warcry"],"picked":"SKIP","floor":19},{"not_picked":["Searing Blow","Havoc"],"picked":"Whirlwind+1","floor":22},{"not_picked":["True Grit+1","Infernal Blade"],"picked":"Cleave+1","floor":23},{"not_picked":["Carnage","Body Slam+1"],"picked":"Perfected Strike","floor":25},{"not_picked":["Headbutt","Body Slam+1"],"picked":"Corruption","floor":28},{"not_picked":["Burning Pact","Infernal Blade"],"picked":"Offering","floor":31}],"player_experience":218227,"relics_obtained":[{"floor":9,"key":"Bottled Lightning"},{"floor":12,"key":"Pen Nib"},{"floor":23,"key":"Matryoshka"},{"floor":26,"key":"Happy Flower"},{"floor":26,"key":"Mercury Hourglass"}],"event_choices":[{"damage_healed":0,"gold_gain":0,"player_choice":"Success","damage_taken":25,"relics_obtained":["Unceasing Top"],"max_hp_gain":0,"max_hp_loss":0,"event_name":"Scrap Ooze","floor":2,"gold_loss":0},{"damage_healed":0,"gold_gain":0,"player_choice":"Grow","damage_taken":0,"max_hp_gain":0,"max_hp_loss":0,"event_name":"Living Wall","floor":3,"gold_loss":0,"cards_upgraded":["Spot Weakness"]},{"damage_healed":0,"gold_gain":0,"player_choice":"1 cards matched","damage_taken":0,"max_hp_gain":0,"max_hp_loss":0,"event_name":"Match and Keep!","floor":4,"gold_loss":0,"cards_obtained":["Enlightenment"]},{"damage_healed":0,"gold_gain":75,"player_choice":"Gather Gold","damage_taken":11,"max_hp_gain":0,"max_hp_loss":0,"event_name":"World of Goop","floor":14,"gold_loss":0},{"damage_healed":0,"gold_gain":0,"player_choice":"Ignored","damage_taken":0,"max_hp_gain":0,"max_hp_loss":0,"event_name":"Ghosts","floor":20,"gold_loss":0},{"damage_healed":0,"gold_gain":0,"player_choice":"Simplicity","damage_taken":0,"max_hp_gain":0,"max_hp_loss":0,"event_name":"Back to Basics","floor":21,"gold_loss":0,"cards_upgraded":["Strike_R","Strike_R","Strike_R","Strike_R","Strike_R","Defend_R","Defend_R"]},{"damage_healed":0,"gold_gain":0,"player_choice":"Traded Relic","damage_taken":0,"relics_obtained":["Nloth\u0027s Gift"],"max_hp_gain":0,"max_hp_loss":0,"event_name":"N\u0027loth","floor":30,"relics_lost":["Bottled Lightning"],"gold_loss":0}],"is_beta":false,"boss_relics":[{"not_picked":["Orrery","Cursed Key"],"picked":"Lizard Tail"}],"items_purged_floors":[],"is_endless":false,"potions_floor_spawned":[1,8,11,16,25,28],"killed_by":"Collector","ascension_level":0}