{"gold_per_floor":[118,193,193,71,88,88,120,120,120,146,76,76,87,99,99,194,194,205,205,224,156,171,171],"floor_reached":23,"playtime":7927,"items_purged":["Strike_G"],"score":264,"play_id":"308dd4f9-3153-49c0-bfef-0e9ef5e498cd","local_time":"20191010193430","is_ascension_mode":true,"campfire_choices":[{"data":"Neutralize","floor":6,"key":"SMITH"},{"floor":8,"key":"REST"},{"floor":15,"key":"REST"}],"neow_cost":"TEN_PERCENT_HP_LOSS","seed_source_timestamp":51254350166900,"circlet_count":0,"master_deck":["Defend_G","Defend_G","Defend_G","Defend_G","Defend_G","Survivor","Neutralize+1","Wraith Form v2","Noxious Fumes","Backflip","Bouncing Flask","Dash","Acrobatics","Deadly Poison","Adrenaline","PiercingWail","Bite","Bite","Bite","Bite","Bite","Footwork","Leg Sweep"],"relics":["Ring of the Serpent","Bag of Marbles","Paper Crane","Pen Nib","Oddly Smooth Stone"],"potions_floor_usage":[16,16,22],"damage_taken":[{"damage":1,"enemies":"Jaw Worm","floor":1,"turns":4},{"damage":0,"enemies":"2 Louse","floor":5,"turns":4},{"damage":12,"enemies":"3 Sentries","floor":7,"turns":9},{"damage":13,"enemies":"Lagavulin","floor":10,"turns":6},{"damage":0,"enemies":"Cultist","floor":13,"turns":3},{"damage":8,"enemies":"Large Slime","floor":14,"turns":7},{"damage":34,"enemies":"Slime Boss","floor":16,"turns":9},{"damage":0,"enemies":"Spheric Guardian","floor":18,"turns":3},{"damage":0,"enemies":"Shell Parasite","floor":20,"turns":6},{"damage":34,"enemies":"Shelled Parasite and Fungi","floor":22,"turns":7},{"damage":34,"enemies":"Book of Stabbing","floor":23,"turns":6}],"seed_played":"3660614035909029894","potions_obtained":[{"floor":1,"key":"Strength Potion"},{"floor":5,"key":"GhostInAJar"},{"floor":13,"key":"GhostInAJar"},{"floor":14,"key":"PowerPotion"},{"floor":20,"key":"Ancient Potion"}],"is_trial":false,"path_per_floor":["M","?","?","$","M","R","E","R","T","E","$","T","M","M","R","B",null,"M","?","M","$","M","E"],"character_chosen":"THE_SILENT","items_purchased":["Backflip","Dash","Footwork"],"campfire_rested":2,"item_purchase_floors":[4,11,21],"current_hp_per_floor":[62,51,51,51,51,51,39,57,57,44,44,44,44,36,54,20,63,63,44,44,44,18,0],"gold":171,"neow_bonus":"THREE_RARE_CARDS","is_prod":false,"is_daily":false,"chose_seed":false,"campfire_upgraded":1,"win_rate":0,"timestamp":1570754070,"path_taken":["M","?","?","$","M","R","E","R","T","E","$","?","?","M","R","BOSS","M","?","M","$","M","E"],"build_version":"2019-07-17","purchased_purges":1,"victory":false,"max_hp_per_floor":[63,63,63,63,63,63,63,63,63,63,63,63,63,63,63,63,63,63,44,44,44,44,44],"card_choices":[{"not_picked":["Night Terror","Bullet Time"],"picked":"Wraith Form v2","floor":0},{"not_picked":["Slice","Dagger Spray"],"picked":"Noxious Fumes","floor":1},{"not_picked":["Slice","Choke","Masterful Stab"],"picked":"SKIP","floor":5},{"not_picked":["Tactician","Dodge and Roll"],"picked":"Bouncing Flask","floor":7},{"not_picked":["Flechettes","Accuracy","Glass Knife"],"picked":"SKIP","floor":10},{"not_picked":["Skewer","Underhanded Strike"],"picked":"Acrobatics","floor":13},{"not_picked":["Masterful Stab","Concentrate"],"picked":"Deadly Poison","floor":14},{"not_picked":["Unload","Storm of Steel"],"picked":"Adrenaline","floor":16},{"not_picked":["Flying Knee","All Out Attack+1"],"picked":"PiercingWail","floor":18},{"not_picked":["Poisoned Stab","Blade Dance+1","Sucker Punch"],"picked":"SKIP","floor":20},{"not_picked":["Backflip","Underhanded Strike+1"],"picked":"Leg Sweep","floor":22}],"player_experience":229687,"relics_obtained":[{"floor":7,"key":"Bag of Marbles"},{"floor":9,"key":"Paper Crane"},{"floor":10,"key":"Pen Nib"},{"floor":12,"key":"Oddly Smooth Stone"}],"event_choices":[{"damage_healed":0,"gold_gain":75,"player_choice":"Gather Gold","damage_taken":11,"max_hp_gain":0,"max_hp_loss":0,"event_name":"World of Goop","floor":2,"gold_loss":0},{"damage_healed":0,"gold_gain":0,"player_choice":"Ignored","damage_taken":0,"max_hp_gain":0,"max_hp_loss":0,"event_name":"Liars Game","floor":3,"gold_loss":0},{"damage_healed":0,"gold_gain":0,"player_choice":"Became a vampire","damage_taken":0,"max_hp_gain":0,"max_hp_loss":19,"event_name":"Vampires","floor":19,"gold_loss":0,"cards_obtained":["Bite","Bite","Bite","Bite","Bite"]}],"is_beta":false,"boss_relics":[{"not_picked":["Busted Crown","White Beast Statue"],"picked":"Ring of the Serpent"}],"items_purged_floors":[4],"is_endless":false,"potions_floor_spawned":[1,5,13,14,20],"killed_by":"Book of Stabbing","ascension_level":4}