{"gold_per_floor":[116,116,49,49,61,75,75,75,99,112,287,287,316,336,336,432,432,451,462,475,63,63,80,94,94,94,94,94,15,29,48,48,153,183,183,198,198,198,215,215,227,227,253,253,272,272,51,69,69,69],"floor_reached":51,"playtime":2689,"items_purged":["Doubt","Strike_B"],"score":726,"play_id":"52362434-57e4-4668-9b88-44d844680ebb","local_time":"20180630024514","is_ascension_mode":false,"campfire_choices":[{"data":"Defragment","floor":7,"key":"SMITH"},{"data":"Cold Snap","floor":12,"key":"SMITH"},{"data":"Blizzard","floor":15,"key":"SMITH"},{"floor":27,"key":"REST"},{"data":"Redo","floor":32,"key":"SMITH"},{"data":"Glacier","floor":40,"key":"SMITH"},{"floor":44,"key":"REST"},{"floor":46,"key":"REST"},{"data":"Glacier","floor":49,"key":"SMITH"}],"neow_cost":"NONE","seed_source_timestamp":1166506761091574,"circlet_count":0,"master_deck":["Strike_B","Strike_B","Defend_B","Defend_B+1","Defend_B+1","Defend_B","Zap+1","Dualcast","Redo+1","Defragment+1","Coolheaded","Defragment+1","Cold Snap+1","Blizzard+1","Machine Learning+1","Electrodynamics+1","Coolheaded","Self Repair+1","Chill","Redo+1","Glacier","Glacier+1","Melter+1","Cold Snap","Creative AI+1","Coolheaded","Streamline+1","Blizzard+1","Redo+1","Mind Blast","Defragment+1","Defragment+1","Glacier+1"],"relics":["Cracked Core","Regal Pillow","Frozen Egg 2","Inserter","Torii","Bag of Preparation","Tiny House","Strawberry"],"potions_floor_usage":[20,35,39],"damage_taken":[{"damage":15,"enemies":"Jaw Worm","floor":1,"turns":4},{"damage":1,"enemies":"Cultist","floor":5,"turns":3},{"damage":5,"enemies":"2 Louse","floor":6,"turns":2},{"damage":7,"enemies":"2 Fungi Beasts","floor":10,"turns":3},{"damage":3,"enemies":"3 Sentries","floor":13,"turns":8},{"damage":15,"enemies":"Gremlin Gang","floor":14,"turns":5},{"damage":7,"enemies":"Hexaghost","floor":16,"turns":12},{"damage":24,"enemies":"3 Byrds","floor":18,"turns":3},{"damage":0,"enemies":"Spheric Guardian","floor":19,"turns":5},{"damage":20,"enemies":"Centurion and Healer","floor":20,"turns":5},{"damage":20,"enemies":"Slaver and Parasite","floor":23,"turns":6},{"damage":0,"enemies":"Chosen and Byrds","floor":24,"turns":5},{"damage":7,"enemies":"Centurion and Healer","floor":30,"turns":6},{"damage":0,"enemies":"Snecko","floor":31,"turns":6},{"damage":13,"enemies":"Collector","floor":33,"turns":9},{"damage":17,"enemies":"3 Shapes","floor":35,"turns":3},{"damage":2,"enemies":"Orb Walker","floor":36,"turns":6},{"damage":28,"enemies":"3 Darklings","floor":39,"turns":5},{"damage":41,"enemies":"Maw","floor":41,"turns":10},{"damage":17,"enemies":"4 Shapes","floor":45,"turns":3},{"damage":7,"enemies":"Sphere and 2 Shapes","floor":48,"turns":3},{"damage":29,"enemies":"Awakened One","floor":50,"turns":14}],"seed_played":"2164538732469282160","potions_obtained":[{"floor":6,"key":"SkillPotion"},{"floor":10,"key":"PowerPotion"},{"floor":13,"key":"SmokeBomb"},{"floor":18,"key":"Swift Potion"},{"floor":19,"key":"Fire Potion"},{"floor":24,"key":"Ancient Potion"},{"floor":30,"key":"FearPotion"},{"floor":34,"key":"AttackPotion"},{"floor":48,"key":"FocusPotion"}],"is_trial":false,"path_per_floor":["M","?","$","?","M","M","R","?","T","M","?","R","E","M","R","B",null,"M","M","M","$","?","M","M","?","T","R","?","$","M","M","R","B",null,"M","M","?","?","M","R","M","?","T","R","M","R","$","M","R","B"],"character_chosen":"DEFECT","items_purchased":["Defragment","Self Repair+1","Torii","Glacier","Defragment+1","Fire Potion"],"campfire_rested":3,"item_purchase_floors":[3,21,21,29,47,47],"current_hp_per_floor":[60,75,75,75,74,69,69,54,54,47,47,47,44,29,29,22,75,51,51,31,31,31,21,21,21,21,58,44,44,47,57,57,54,85,68,76,76,76,48,48,17,17,24,66,49,91,91,84,84,65],"gold":69,"neow_bonus":"REMOVE_CARD","is_prod":false,"is_daily":false,"chose_seed":false,"campfire_upgraded":6,"win_rate":0.0,"timestamp":1530319514,"path_taken":["M","?","$","?","M","M","R","?","T","M","?","R","E","M","R","BOSS","M","M","M","$","?","M","M","?","T","R","?","$","M","M","R","BOSS","M","M","?","?","?","R","M","?","T","R","M","R","$","M","R","BOSS"],"build_version":"2018-06-28","purchased_purges":2,"victory":true,"max_hp_per_floor":[75,75,75,75,75,75,75,75,75,75,75,75,75,75,75,75,75,75,75,75,75,75,75,75,75,75,75,80,80,80,80,80,80,85,85,85,85,85,85,85,85,85,92,92,92,92,92,92,92,92],"card_choices":[{"not_picked":["Rip and Tear","Hello World"],"picked":"Redo","floor":1},{"not_picked":["Static Discharge","Stack"],"picked":"Coolheaded","floor":5},{"not_picked":["Coolheaded","Consume"],"picked":"Defragment","floor":6},{"not_picked":["Compile Driver","Aggregate"],"picked":"Cold Snap","floor":10},{"not_picked":["Go for the Eyes","Gash"],"picked":"Blizzard","floor":13},{"not_picked":["FTL","Double Energy"],"picked":"Machine Learning+1","floor":14},{"not_picked":["Amplify","Buffer+1"],"picked":"Electrodynamics+1","floor":16},{"not_picked":["Leap+1","Storm+1"],"picked":"Coolheaded","floor":18},{"not_picked":["Darkness","Tempest","Stack+1"],"picked":"SKIP","floor":19},{"not_picked":["Go for the Eyes","Ball Lightning","Conserve Battery"],"picked":"SKIP","floor":20},{"not_picked":["Sweeping Beam","Beam Cell"],"picked":"Chill","floor":23},{"not_picked":["Streamline","Beam Cell+1"],"picked":"Redo+1","floor":24},{"not_picked":["Fusion","Reboot"],"picked":"Melter+1","floor":30},{"not_picked":["Compile Driver","Gash"],"picked":"Cold Snap","floor":31},{"not_picked":["Rainbow","All For One"],"picked":"Creative AI+1","floor":33},{"not_picked":["Glacier","Hologram"],"picked":"Coolheaded","floor":34},{"not_picked":["Melter+1","Coolheaded"],"picked":"Streamline+1","floor":36},{"not_picked":["Stack","Beam Cell+1","Undo"],"picked":"SKIP","floor":39},{"not_picked":["Compile Driver+1","Cold Snap+1"],"picked":"Redo+1","floor":41},{"not_picked":["Dark Shackles","Good Instincts"],"picked":"Mind Blast","floor":42},{"not_picked":["Ball Lightning","Consume"],"picked":"Defragment+1","floor":45},{"not_picked":["Leap","Cold Snap+1"],"picked":"Glacier","floor":48}],"player_experience":9089,"relics_obtained":[{"floor":9,"key":"Regal Pillow"},{"floor":13,"key":"Frozen Egg 2"},{"floor":26,"key":"Bag of Preparation"},{"floor":43,"key":"Strawberry"}],"event_choices":[{"event_name":"Wheel of Change","player_choice":"Full Heal","floor":2,"damage_taken":0},{"event_name":"Accursed Blacksmith","player_choice":"Forge","floor":4,"damage_taken":0},{"event_name":"Shining Light","player_choice":"Entered Light","floor":8,"damage_taken":0},{"event_name":"Liars Game","player_choice":"agreed","floor":11,"damage_taken":0},{"event_name":"Vampires","player_choice":"Ignored","floor":22,"damage_taken":0},{"event_name":"The Library","player_choice":"Read","floor":25,"damage_taken":0},{"event_name":"Forgotten Altar","player_choice":"Shed Blood","floor":28,"damage_taken":0},{"event_name":"Duplicator","player_choice":"One dupe","floor":37,"damage_taken":0},{"event_name":"Mysterious Sphere","player_choice":"Ignore","floor":38,"damage_taken":0},{"event_name":"SensoryStone","player_choice":"Memory 1","floor":42,"damage_taken":0}],"boss_relics":[{"not_picked":["Empty Cage","Orrery"],"picked":"Inserter"},{"not_picked":["Calling Bell","Lizard Tail"],"picked":"Tiny House"}],"items_purged_floors":[21,47],"is_endless":false,"potions_floor_spawned":[6,10,13,18,19,24,30,35,48],"ascension_level":0}