{"gold_per_floor":[113,113,188,198,198,228,242,253,253,266,266,279,279,291,291,395,395,412,412,70,70,70,99,99,28,28,28,127,141,141,14,14,14],"floor_reached":33,"playtime":2864,"items_purged":["Strike_G","Strike_G"],"score":343,"play_id":"2fee592a-a53c-48a4-bf4f-098361f0a54d","local_time":"20191003171531","is_ascension_mode":true,"campfire_choices":[{"floor":11,"key":"DIG"},{"floor":15,"key":"REST"},{"floor":24,"key":"DIG"},{"data":"Setup","floor":27,"key":"SMITH"},{"floor":30,"key":"DIG"},{"floor":32,"key":"DIG"}],"neow_cost":"NONE","seed_source_timestamp":254148692636000,"circlet_count":0,"master_deck":["Strike_G+1","Strike_G","Strike_G","Defend_G","Defend_G","Defend_G+1","Defend_G","Defend_G","Survivor","Neutralize","Dagger Throw","Cloak And Dagger","Setup+1","Deadly Poison+1","Accuracy","Backflip","Malaise","Footwork","Noxious Fumes","Backstab+1","Dash+1","Blade Dance"],"relics":["Ring of the Snake","Bronze Scales","Ninja Scroll","Shovel","StoneCalendar","Coffee Dripper","Enchiridion","Molten Egg 2","Art of War","Prayer Wheel","Pear","Peace Pipe"],"potions_floor_usage":[16,16,22,29],"damage_taken":[{"damage":0,"enemies":"2 Louse","floor":1,"turns":2},{"damage":1,"enemies":"Jaw Worm","floor":4,"turns":3},{"damage":29,"enemies":"3 Sentries","floor":6,"turns":12},{"damage":0,"enemies":"Cultist","floor":7,"turns":2},{"damage":0,"enemies":"Blue Slaver","floor":8,"turns":4},{"damage":6,"enemies":"Exordium Wildlife","floor":10,"turns":3},{"damage":7,"enemies":"Gremlin Gang","floor":12,"turns":5},{"damage":0,"enemies":"Looter","floor":14,"turns":3},{"damage":11,"enemies":"Hexaghost","floor":16,"turns":9},{"damage":6,"enemies":"Chosen","floor":18,"turns":6},{"damage":0,"enemies":"Spheric Guardian","floor":22,"turns":3},{"damage":10,"enemies":"Book of Stabbing","floor":23,"turns":6},{"damage":11,"enemies":"3 Cultists","floor":29,"turns":6},{"damage":48,"enemies":"Collector","floor":33,"turns":10}],"seed_played":"-5210566348624546242","potions_obtained":[{"floor":6,"key":"AttackPotion"},{"floor":10,"key":"Strength Potion"},{"floor":12,"key":"Explosive Potion"},{"floor":16,"key":"SmokeBomb"}],"is_trial":false,"path_per_floor":["M","?","?","M","?","E","M","M","T","M","R","M","?","M","R","B",null,"M","?","$","?","M","E","R","$","T","R","?","M","R","$","R","B"],"character_chosen":"THE_SILENT","items_purchased":["Accuracy","Backflip","Malaise","Noxious Fumes","Blade Dance"],"campfire_rested":1,"item_purchase_floors":[20,20,20,25,31],"current_hp_per_floor":[70,75,64,63,63,34,34,34,34,28,28,21,6,6,28,17,75,69,69,69,53,53,43,43,43,43,43,43,32,42,42,42,0],"gold":14,"neow_bonus":"RANDOM_COMMON_RELIC","is_prod":false,"is_daily":false,"chose_seed":false,"campfire_upgraded":1,"win_rate":0,"timestamp":1570140931,"path_taken":["M","?","?","?","?","E","M","M","T","M","R","M","?","M","R","BOSS","M","?","$","?","?","E","R","?","T","R","?","M","R","?","R","BOSS"],"build_version":"2019-07-17","purchased_purges":2,"victory":false,"max_hp_per_floor":[70,75,75,75,75,75,75,75,75,75,75,75,75,75,75,75,75,75,75,75,75,75,75,75,75,75,75,75,75,85,85,85,85],"card_choices":[{"not_picked":["Quick Slash","Backstab"],"picked":"Dagger Throw","floor":1},{"not_picked":["Dagger Throw","Expertise","Blade Dance"],"picked":"SKIP","floor":4},{"not_picked":["Glass Knife","Blur","Eviscerate"],"picked":"SKIP","floor":6},{"not_picked":["Flechettes","Outmaneuver"],"picked":"Cloak And Dagger","floor":7},{"not_picked":["Cloak And Dagger","Masterful Stab"],"picked":"Setup","floor":8},{"not_picked":["Cloak And Dagger","Sucker Punch","Bane"],"picked":"SKIP","floor":10},{"not_picked":["Terror","Dagger Spray","Underhanded Strike"],"picked":"SKIP","floor":12},{"not_picked":["Concentrate","Outmaneuver","Finisher"],"picked":"SKIP","floor":14},{"not_picked":["Deflect+1","PiercingWail"],"picked":"Deadly Poison+1","floor":18},{"not_picked":["Dagger Throw","Wraith Form v2"],"picked":"Footwork","floor":23},{"not_picked":["Cloak And Dagger","Riddle With Holes+1"],"picked":"Backstab+1","floor":29},{"not_picked":["Backstab+1","Backflip"],"picked":"Dash+1","floor":29}],"player_experience":150783,"relics_obtained":[{"floor":6,"key":"Ninja Scroll"},{"floor":9,"key":"Shovel"},{"floor":11,"key":"StoneCalendar"},{"floor":21,"key":"Enchiridion"},{"floor":23,"key":"Molten Egg 2"},{"floor":24,"key":"Art of War"},{"floor":26,"key":"Prayer Wheel"},{"floor":30,"key":"Pear"},{"floor":32,"key":"Peace Pipe"}],"event_choices":[{"damage_healed":0,"gold_gain":0,"player_choice":"Donut","damage_taken":0,"max_hp_gain":5,"max_hp_loss":0,"event_name":"Big Fish","floor":2,"gold_loss":0},{"damage_healed":0,"gold_gain":75,"player_choice":"Gather Gold","damage_taken":11,"max_hp_gain":0,"max_hp_loss":0,"event_name":"World of Goop","floor":3,"gold_loss":0},{"damage_healed":0,"gold_gain":0,"player_choice":"Ignored","damage_taken":0,"max_hp_gain":0,"max_hp_loss":0,"event_name":"Golden Wing","floor":5,"gold_loss":0},{"damage_healed":0,"gold_gain":0,"player_choice":"Entered Light","damage_taken":15,"max_hp_gain":0,"max_hp_loss":0,"event_name":"Shining Light","floor":13,"gold_loss":0,"cards_upgraded":["Defend_G","Strike_G"]},{"damage_healed":0,"gold_gain":0,"player_choice":"Ignored","damage_taken":0,"max_hp_gain":0,"max_hp_loss":0,"event_name":"Ghosts","floor":19,"gold_loss":0},{"damage_healed":0,"gold_gain":0,"player_choice":"Obtained Book","damage_taken":16,"max_hp_gain":0,"max_hp_loss":0,"event_name":"Cursed Tome","floor":21,"gold_loss":0},{"damage_healed":0,"gold_gain":99,"player_choice":"Stole From Cult","damage_taken":0,"max_hp_gain":0,"max_hp_loss":0,"event_name":"Nest","floor":28,"gold_loss":0}],"is_beta":false,"boss_relics":[{"not_picked":["Velvet Choker","Fusion Hammer"],"picked":"Coffee Dripper"}],"items_purged_floors":[20,31],"is_endless":false,"potions_floor_spawned":[6,10,12,16,22],"killed_by":"Collector","ascension_level":4}