{"gold_per_floor":[144,189,234,111,156,331,340,385,410,422,434,536,548,605,617,929,941,998,130,55,100,145,145,190,235,235,235,235,280,325,415,415,715,715,760,805,814,814],"floor_reached":38,"playtime":3192,"items_purged":["Strike_R"],"score":575,"play_id":"44c648ad-5e41-4f15-a8f8-8cd716426a35","local_time":"20190903172629","daily_mods":["Specialized","Uncertain Future","Midas"],"is_ascension_mode":false,"campfire_choices":[{"floor":10,"key":"REST"},{"floor":13,"key":"REST"},{"floor":15,"key":"REST"},{"floor":23,"key":"REST"},{"floor":28,"key":"REST"},{"floor":32,"key":"REST"}],"neow_cost":"","seed_source_timestamp":0,"circlet_count":0,"master_deck":["Strike_R","Strike_R","Strike_R","Defend_R","Defend_R","Defend_R","Defend_R","Bash","Hemokinesis","Hemokinesis","Hemokinesis","Hemokinesis","Hemokinesis","Rampage","Cleave","Cleave","Flex","Armaments","Doubt","Burning Pact","Inflame","Iron Wave","Iron Wave","Feed","Perfected Strike","Seeing Red","Thunderclap","Intimidate","Clothesline+1","Clothesline","Shockwave","Dropkick+1","Demon Form+1","Dropkick","Carnage+1","Blood for Blood+1"],"special_seed":18142,"relics":["Burning Blood","Odd Mushroom","MawBank","Bottled Lightning","The Courier","Snecko Eye","Pear","Lantern","Frozen Egg 2","Boot","Happy Flower","Blood Vial","Blue Candle","Pantograph","Lizard Tail","Ice Cream"],"potions_floor_usage":[7,16,16,18,22,33,33,37,37],"damage_taken":[{"damage":6,"enemies":"Small Slimes","floor":1,"turns":2},{"damage":7,"enemies":"2 Louse","floor":2,"turns":2},{"damage":6,"enemies":"Jaw Worm","floor":3,"turns":3},{"damage":12,"enemies":"Exordium Wildlife","floor":5,"turns":3},{"damage":5,"enemies":"The Mushroom Lair","floor":7,"turns":2},{"damage":0,"enemies":"3 Louse","floor":8,"turns":3},{"damage":44,"enemies":"Lagavulin","floor":12,"turns":4},{"damage":12,"enemies":"Lots of Slimes","floor":14,"turns":3},{"damage":8,"enemies":"Slime Boss","floor":16,"turns":5},{"damage":28,"enemies":"2 Thieves","floor":18,"turns":3},{"damage":34,"enemies":"3 Byrds","floor":21,"turns":5},{"damage":19,"enemies":"Centurion and Healer","floor":22,"turns":3},{"damage":27,"enemies":"Snecko","floor":24,"turns":5},{"damage":28,"enemies":"Chosen and Byrds","floor":25,"turns":6},{"damage":37,"enemies":"Centurion and Healer","floor":29,"turns":5},{"damage":19,"enemies":"Snecko","floor":30,"turns":4},{"damage":43,"enemies":"Book of Stabbing","floor":31,"turns":5},{"damage":87,"enemies":"Champ","floor":33,"turns":11},{"damage":48,"enemies":"3 Shapes","floor":35,"turns":5},{"damage":26,"enemies":"Orb Walker","floor":36,"turns":3},{"damage":44,"enemies":"2 Orb Walkers","floor":37,"turns":3},{"damage":88,"enemies":"Transient","floor":38,"turns":5}],"seed_played":"3648438173103330956","potions_obtained":[{"floor":1,"key":"Explosive Potion"},{"floor":3,"key":"Ancient Potion"},{"floor":7,"key":"Swift Potion"},{"floor":14,"key":"PowerPotion"},{"floor":18,"key":"AttackPotion"},{"floor":24,"key":"PowerPotion"},{"floor":30,"key":"LiquidBronze"},{"floor":35,"key":"Dexterity Potion"},{"floor":36,"key":"AttackPotion"}],"is_trial":false,"path_per_floor":["M","M","M","$","M","?","?","M","T","R","T","E","R","M","R","B",null,"M","$","?","M","M","R","M","M","T","?","R","M","M","E","R","B",null,"M","M","?","M"],"character_chosen":"IRONCLAD","items_purchased":["Flex","Pear","Lantern","Frozen Egg 2","Boot","Happy Flower","Blood Vial"],"campfire_rested":6,"item_purchase_floors":[4,19,19,19,19,19,19],"current_hp_per_floor":[80,79,79,79,73,73,74,80,80,80,80,42,66,60,80,78,80,58,68,68,46,39,68,53,36,36,105,105,74,66,31,63,9,108,69,54,18,0],"gold":814,"neow_bonus":"","is_prod":false,"is_daily":true,"chose_seed":false,"campfire_upgraded":0,"win_rate":0,"timestamp":1567524389,"path_taken":["M","M","M","$","M","?","?","M","T","R","?","E","R","M","R","BOSS","M","$","?","M","M","R","M","M","T","?","R","?","M","E","R","BOSS","M","M","?","M"],"build_version":"2019-07-17","purchased_purges":1,"victory":false,"max_hp_per_floor":[80,80,80,80,80,80,80,80,80,80,80,80,80,80,80,80,80,80,90,90,94,98,98,102,105,105,105,105,105,108,108,108,108,108,111,114,114,114],"card_choices":[{"not_picked":["Havoc","Heavy Blade"],"picked":"Rampage","floor":1},{"not_picked":["Anger","Rupture"],"picked":"Cleave","floor":2},{"not_picked":["Shrug It Off","Body Slam"],"picked":"Cleave","floor":3},{"not_picked":["Sword Boomerang","Dual Wield"],"picked":"Armaments","floor":5},{"not_picked":["Bloodletting","Second Wind"],"picked":"Burning Pact","floor":7},{"not_picked":["Burning Pact","Rage"],"picked":"Inflame","floor":8},{"not_picked":["Power Through","Bloodletting"],"picked":"Iron Wave","floor":12},{"not_picked":["Shrug It Off","Armaments"],"picked":"Iron Wave","floor":14},{"not_picked":["Barricade","Offering"],"picked":"Feed","floor":16},{"not_picked":["Anger","Wild Strike+1"],"picked":"Perfected Strike","floor":18},{"not_picked":["Wild Strike","Perfected Strike"],"picked":"Seeing Red","floor":21},{"not_picked":["Body Slam","Headbutt"],"picked":"Thunderclap","floor":22},{"not_picked":["Body Slam","Second Wind"],"picked":"Intimidate","floor":24},{"not_picked":["Rage","Body Slam"],"picked":"Clothesline+1","floor":25},{"not_picked":["Reckless Charge","Heavy Blade"],"picked":"Clothesline","floor":29},{"not_picked":["Feel No Pain+1","Bloodletting"],"picked":"Shockwave","floor":30},{"not_picked":["Shrug It Off","Iron Wave"],"picked":"Dropkick+1","floor":31},{"not_picked":["Barricade+1","Offering"],"picked":"Demon Form+1","floor":33},{"not_picked":["Sentinel","Shrug It Off"],"picked":"Dropkick","floor":35},{"not_picked":["Headbutt+1","Sword Boomerang+1"],"picked":"Carnage+1","floor":36},{"not_picked":["Anger","Bloodletting+1"],"picked":"Blood for Blood+1","floor":37}],"player_experience":51111,"relics_obtained":[{"floor":7,"key":"Odd Mushroom"},{"floor":9,"key":"MawBank"},{"floor":11,"key":"Bottled Lightning"},{"floor":12,"key":"The Courier"},{"floor":26,"key":"Blue Candle"},{"floor":31,"key":"Pantograph"},{"floor":37,"key":"Ice Cream"}],"event_choices":[{"damage_healed":0,"gold_gain":175,"player_choice":"AGREE","damage_taken":0,"max_hp_gain":0,"max_hp_loss":0,"event_name":"Liars Game","floor":6,"gold_loss":0,"cards_obtained":["Doubt"]},{"damage_healed":0,"gold_gain":0,"player_choice":"Fought Mushrooms","damage_taken":0,"max_hp_gain":0,"max_hp_loss":0,"event_name":"Mushrooms","floor":7,"gold_loss":0},{"cards_removed":["Strike_R"],"damage_healed":0,"gold_gain":0,"player_choice":"Gave Gold","damage_taken":0,"max_hp_gain":0,"max_hp_loss":0,"event_name":"Beggar","floor":20,"gold_loss":75},{"damage_healed":69,"gold_gain":0,"player_choice":"Full Heal","damage_taken":0,"max_hp_gain":0,"max_hp_loss":0,"event_name":"Wheel of Change","floor":27,"gold_loss":0},{"damage_healed":0,"gold_gain":0,"player_choice":"Fight","damage_taken":0,"max_hp_gain":0,"max_hp_loss":0,"event_name":"Mysterious Sphere","floor":37,"gold_loss":0}],"is_beta":false,"boss_relics":[{"not_picked":["Black Blood","Calling Bell"],"picked":"Snecko Eye"},{"not_picked":["Orrery","Velvet Choker"],"picked":"Lizard Tail"}],"items_purged_floors":[4],"is_endless":false,"potions_floor_spawned":[1,3,7,14,18,24,30,35,36],"killed_by":"Transient","ascension_level":0}