{"gold_per_floor":[116,129,146,164,164,194,214,241,291,291,304,304],"floor_reached":12,"playtime":656,"items_purged":[],"score":92,"play_id":"92b0b6ad-409e-4c31-a38b-b001476b22bd","local_time":"20190729151455","is_ascension_mode":false,"campfire_choices":[],"neow_cost":"NONE","seed_source_timestamp":7910287520094,"circlet_count":0,"master_deck":["Strike_R","Strike_R","Strike_R","Strike_R","Strike_R","Defend_R","Defend_R","Defend_R","Defend_R","Bash","Panacea","Warcry","Warcry","Inflame","Pummel","Spot Weakness","Shrug It Off","Feel No Pain","Injury","Entrench"],"relics":["Burning Blood","Art of War","Matryoshka","Blue Candle","Mummified Hand"],"potions_floor_usage":[6,6,7,8,11],"damage_taken":[{"damage":3,"enemies":"Small Slimes","floor":1,"turns":4},{"damage":2,"enemies":"2 Louse","floor":2,"turns":2},{"damage":9,"enemies":"Cultist","floor":3,"turns":4},{"damage":15,"enemies":"Looter","floor":4,"turns":3},{"damage":34,"enemies":"Lagavulin","floor":6,"turns":5},{"damage":8,"enemies":"2 Fungi Beasts","floor":7,"turns":3},{"damage":14,"enemies":"3 Sentries","floor":8,"turns":8},{"damage":12,"enemies":"Lots of Slimes","floor":11,"turns":3},{"damage":27,"enemies":"Gremlin Nob","floor":12,"turns":3}],"seed_played":"-723784328436306349","potions_obtained":[{"floor":2,"key":"FearPotion"},{"floor":3,"key":"AttackPotion"},{"floor":6,"key":"Explosive Potion"},{"floor":7,"key":"EssenceOfSteel"},{"floor":8,"key":"PowerPotion"}],"is_trial":false,"path_per_floor":["M","M","M","M","?","E","M","E","T","?","M","E"],"character_chosen":"IRONCLAD","items_purchased":[],"campfire_rested":0,"item_purchase_floors":[],"current_hp_per_floor":[80,80,77,68,68,40,38,30,30,30,24,0],"gold":304,"neow_bonus":"RANDOM_COLORLESS","is_prod":false,"is_daily":false,"chose_seed":false,"campfire_upgraded":0,"win_rate":0,"timestamp":1564406095,"path_taken":["M","M","M","M","?","E","M","E","T","?","?","E"],"build_version":"2019-07-17","purchased_purges":0,"victory":false,"max_hp_per_floor":[80,80,80,80,80,80,80,80,80,80,80,80],"card_choices":[{"not_picked":["Seeing Red","Fire Breathing"],"picked":"Warcry","floor":1},{"not_picked":["Searing Blow","Perfected Strike"],"picked":"Warcry","floor":2},{"not_picked":["Reaper","Sword Boomerang"],"picked":"Inflame","floor":3},{"not_picked":["Havoc","Sword Boomerang"],"picked":"Pummel","floor":4},{"not_picked":["Wild Strike","Dropkick"],"picked":"Spot Weakness","floor":6},{"not_picked":["Thunderclap","Shockwave"],"picked":"Shrug It Off","floor":7},{"not_picked":["True Grit","Armaments"],"picked":"Feel No Pain","floor":8},{"not_picked":["Wild Strike","Seeing Red"],"picked":"Entrench","floor":11}],"player_experience":143121,"relics_obtained":[{"floor":6,"key":"Matryoshka"},{"floor":8,"key":"Blue Candle"},{"floor":9,"key":"Mummified Hand"}],"event_choices":[{"damage_healed":0,"gold_gain":0,"player_choice":"Box","damage_taken":0,"relics_obtained":["Art of War"],"max_hp_gain":0,"max_hp_loss":0,"event_name":"Big Fish","floor":5,"gold_loss":0,"cards_obtained":["Regret"]},{"damage_healed":0,"gold_gain":0,"cards_transformed":["Regret"],"player_choice":"Transformed","damage_taken":0,"max_hp_gain":0,"max_hp_loss":0,"event_name":"Transmorgrifier","floor":10,"gold_loss":0,"cards_obtained":["Injury"]}],"is_beta":false,"boss_relics":[],"items_purged_floors":[],"is_endless":false,"potions_floor_spawned":[2,3,6,7,8],"killed_by":"Gremlin Nob","ascension_level":0}