{"gold_per_floor":[110,60,60,80,93,93,124,141,141,159,193,213,213,213,213,308,308,326,35,35,47,60,60,94,94,94,104,19,36,54,70,70,166,166,176,276,292,292,292,292,292],"floor_reached":41,"playtime":3855,"items_purged":[],"score":510,"play_id":"a065e12d-202f-4cf7-82ce-4ad77a9529ff","local_time":"20191010151159","is_ascension_mode":true,"campfire_choices":[{"data":"Zap","floor":6,"key":"SMITH"},{"floor":13,"key":"REST"},{"data":"Defragment","floor":15,"key":"SMITH"},{"data":"Darkness","floor":23,"key":"SMITH"},{"floor":32,"key":"REST"},{"data":"Coolheaded","floor":40,"key":"SMITH"}],"neow_cost":"NONE","seed_source_timestamp":39569537047500,"circlet_count":0,"master_deck":["Strike_B","Strike_B","Strike_B","Defend_B","Defend_B","Defend_B","Defend_B","Zap+1","Dualcast","Leap","Lockon","Defragment+1","Ball Lightning","Steam","Echo Form","Chill","Biased Cognition","Darkness+1","Coolheaded+1","Doom and Gloom","Hologram","Leap+1","Redo+1","Barrage+1","Coolheaded+1","Defragment+1","Rainbow+1","Zap+1"],"relics":["Cracked Core","Darkstone Periapt","Gremlin Horn","Shuriken","Nuclear Battery","Ice Cream","Dream Catcher","Toxic Egg 2","Ginger","Inserter","FossilizedHelix"],"potions_floor_usage":[7,16,31,33,33,41],"damage_taken":[{"damage":2,"enemies":"Jaw Worm","floor":1,"turns":4},{"damage":1,"enemies":"2 Louse","floor":4,"turns":3},{"damage":0,"enemies":"Cultist","floor":5,"turns":4},{"damage":13,"enemies":"Gremlin Nob","floor":7,"turns":3},{"damage":6,"enemies":"Large Slime","floor":8,"turns":4},{"damage":1,"enemies":"Looter","floor":10,"turns":3},{"damage":26,"enemies":"3 Sentries","floor":11,"turns":6},{"damage":3,"enemies":"Blue Slaver","floor":12,"turns":4},{"damage":41,"enemies":"The Guardian","floor":16,"turns":8},{"damage":7,"enemies":"3 Byrds","floor":18,"turns":3},{"damage":3,"enemies":"Chosen","floor":21,"turns":6},{"damage":6,"enemies":"Shelled Parasite and Fungi","floor":22,"turns":6},{"damage":28,"enemies":"Gremlin Leader","floor":24,"turns":6},{"damage":3,"enemies":"Chosen and Byrds","floor":27,"turns":3},{"damage":10,"enemies":"Cultist and Chosen","floor":29,"turns":7},{"damage":23,"enemies":"Snake Plant","floor":30,"turns":3},{"damage":11,"enemies":"Centurion and Healer","floor":31,"turns":5},{"damage":24,"enemies":"Collector","floor":33,"turns":6},{"damage":14,"enemies":"3 Shapes","floor":35,"turns":5},{"damage":0,"enemies":"Mind Bloom Boss Battle","floor":36,"turns":6},{"damage":0,"enemies":"Orb Walker","floor":37,"turns":3},{"damage":75,"enemies":"Giant Head","floor":41,"turns":9}],"seed_played":"8510777742693753425","potions_obtained":[{"floor":5,"key":"Strength Potion"},{"floor":10,"key":"FairyPotion"},{"floor":11,"key":"Swift Potion"},{"floor":24,"key":"Weak Potion"},{"floor":27,"key":"Ancient Potion"},{"floor":29,"key":"PowerPotion"},{"floor":31,"key":"Strength Potion"},{"floor":35,"key":"Block Potion"}],"is_trial":false,"path_per_floor":["M","?","?","M","M","R","E","M","T","M","E","M","R","?","R","B",null,"M","$","?","M","M","R","E","$","T","M","?","M","M","M","R","B",null,"M","?","M","?","?","R","E"],"character_chosen":"DEFECT","items_purchased":["Ice Cream"],"campfire_rested":2,"item_purchase_floors":[19],"current_hp_per_floor":[80,80,80,79,79,79,66,60,60,59,33,30,54,54,54,13,82,75,75,75,72,66,66,38,38,38,35,35,25,2,8,32,8,82,68,68,68,68,68,68,0],"gold":292,"neow_bonus":"TEN_PERCENT_HP_BONUS","is_prod":false,"is_daily":false,"chose_seed":false,"campfire_upgraded":4,"win_rate":0,"timestamp":1570738319,"path_taken":["M","?","?","M","M","R","E","M","T","M","E","M","R","?","R","BOSS","M","?","?","M","M","R","E","$","T","M","?","M","M","M","R","BOSS","M","?","M","?","?","R","E"],"build_version":"2019-07-17","purchased_purges":0,"victory":false,"max_hp_per_floor":[82,82,82,82,82,82,82,82,82,82,82,82,82,82,82,82,82,82,82,82,82,82,82,82,82,82,82,82,82,82,82,82,82,82,82,82,82,82,82,82,82],"card_choices":[{"not_picked":["Stack","Double Energy","Steam Power"],"picked":"SKIP","floor":1},{"not_picked":["Go for the Eyes","Rebound"],"picked":"Leap","floor":4},{"not_picked":["Coolheaded","Turbo"],"picked":"Lockon","floor":5},{"not_picked":["Compile Driver","Conserve Battery"],"picked":"Defragment","floor":7},{"not_picked":["BootSequence","Steam"],"picked":"Ball Lightning","floor":8},{"not_picked":["Stack","Rip and Tear"],"picked":"Steam","floor":10},{"not_picked":["Beam Cell","Heatsinks"],"picked":"Echo Form","floor":11},{"not_picked":["BootSequence","Stack"],"picked":"Chill","floor":12},{"not_picked":["Core Surge","Electrodynamics"],"picked":"Biased Cognition","floor":16},{"not_picked":["Rip and Tear+1","Stack"],"picked":"Darkness","floor":18},{"not_picked":["Gash","Beam Cell","Conserve Battery"],"picked":"SKIP","floor":21},{"not_picked":["Beam Cell","Go for the Eyes+1"],"picked":"Doom and Gloom","floor":22},{"not_picked":["Streamline","Consume+1"],"picked":"Hologram","floor":24},{"not_picked":["Consume+1","Conserve Battery+1"],"picked":"Leap+1","floor":27},{"not_picked":["Coolheaded+1","Cold Snap+1"],"picked":"Redo+1","floor":29},{"not_picked":["Loop","Beam Cell"],"picked":"Barrage+1","floor":30},{"not_picked":["Go for the Eyes","Force Field+1"],"picked":"Coolheaded+1","floor":31},{"not_picked":["Hello World","Hologram+1"],"picked":"Defragment+1","floor":32},{"not_picked":["Hyperbeam","Echo Form"],"picked":"Rainbow+1","floor":33},{"not_picked":["Conserve Battery+1","Barrage","Streamline"],"picked":"SKIP","floor":35},{"not_picked":["Double Energy+1","Barrage+1","BootSequence+1"],"picked":"SKIP","floor":37}],"player_experience":223240,"relics_obtained":[{"floor":7,"key":"Darkstone Periapt"},{"floor":9,"key":"Gremlin Horn"},{"floor":11,"key":"Shuriken"},{"floor":24,"key":"Dream Catcher"},{"floor":26,"key":"Toxic Egg 2"},{"floor":36,"key":"FossilizedHelix"}],"event_choices":[{"cards_removed":["Strike_B"],"damage_healed":0,"gold_gain":0,"player_choice":"Card Removal","damage_taken":0,"max_hp_gain":0,"max_hp_loss":0,"event_name":"The Cleric","floor":2,"gold_loss":50},{"damage_healed":0,"gold_gain":0,"player_choice":"Ignored","damage_taken":0,"max_hp_gain":0,"max_hp_loss":0,"event_name":"Liars Game","floor":3,"gold_loss":0},{"damage_healed":0,"gold_gain":0,"player_choice":"Leave","damage_taken":0,"max_hp_gain":0,"max_hp_loss":0,"event_name":"FaceTrader","floor":14,"gold_loss":0},{"damage_healed":0,"gold_gain":0,"player_choice":"Read","damage_taken":0,"max_hp_gain":0,"max_hp_loss":0,"event_name":"The Library","floor":20,"gold_loss":0,"cards_obtained":["Coolheaded"]},{"damage_healed":0,"gold_gain":0,"player_choice":"Obtained Relic","damage_taken":0,"relics_obtained":["Ginger"],"max_hp_gain":0,"max_hp_loss":0,"event_name":"Addict","floor":28,"gold_loss":85},{"damage_healed":0,"gold_gain":0,"player_choice":"Fight","damage_taken":0,"max_hp_gain":0,"max_hp_loss":0,"event_name":"MindBloom","floor":36,"gold_loss":0},{"damage_healed":0,"gold_gain":0,"player_choice":"Memory 1","damage_taken":0,"max_hp_gain":0,"max_hp_loss":0,"event_name":"SensoryStone","floor":38,"gold_loss":0},{"damage_healed":0,"gold_gain":0,"player_choice":"1 cards matched","damage_taken":0,"max_hp_gain":0,"max_hp_loss":0,"event_name":"Match and Keep!","floor":39,"gold_loss":0,"cards_obtained":["Zap"]}],"is_beta":false,"boss_relics":[{"not_picked":["Runic Dome","Orrery"],"picked":"Nuclear Battery"},{"not_picked":["Tiny House","Philosopher\u0027s Stone"],"picked":"Inserter"}],"items_purged_floors":[],"is_endless":false,"potions_floor_spawned":[5,10,11,24,27,29,31,35],"killed_by":"Giant Head","ascension_level":4}