{"gold_per_floor":[211,211,224,241,261,296,296,311,311,369,126,140,174,249,249,353,353,372,372,390,390,170,198,198,198],"floor_reached":25,"playtime":589,"items_purged":["Regret","Writhe"],"score":256,"play_id":"3725c121-b5e1-45c5-884f-60178205808a","local_time":"20190907212934","is_ascension_mode":false,"campfire_choices":[{"floor":7,"key":"REST"},{"floor":15,"key":"REST"},{"data":"Heavy Blade","floor":24,"key":"SMITH"}],"neow_cost":"NONE","seed_source_timestamp":690916727790100,"circlet_count":0,"master_deck":["Strike_R","Strike_R","Strike_R","Strike_R","Strike_R","Defend_R","Defend_R","Defend_R","Defend_R","Bash","Spot Weakness","Blood for Blood","Iron Wave","Heavy Blade+1","Havoc+1","Perfected Strike","Limit Break+1","Power Through+1","Shrug It Off+1","Immolate","Infernal Blade+1","Cleave","J.A.X.+1","Whirlwind","Discovery+1","Power Through+1"],"relics":["Burning Blood","Paper Frog","Smiling Mask","Toxic Egg 2","Shuriken","Pear","Velvet Choker","Bronze Scales","Mummified Hand"],"potions_floor_usage":[6,10,13,13],"damage_taken":[{"damage":11,"enemies":"Jaw Worm","floor":1,"turns":3},{"damage":17,"enemies":"Cultist","floor":3,"turns":4},{"damage":10,"enemies":"Small Slimes","floor":4,"turns":4},{"damage":12,"enemies":"Looter","floor":5,"turns":3},{"damage":38,"enemies":"Lagavulin","floor":6,"turns":5},{"damage":17,"enemies":"Blue Slaver","floor":8,"turns":3},{"damage":33,"enemies":"Gremlin Nob","floor":10,"turns":4},{"damage":12,"enemies":"Large Slime","floor":12,"turns":5},{"damage":0,"enemies":"Gremlin Nob","floor":13,"turns":2},{"damage":24,"enemies":"Hexaghost","floor":16,"turns":9},{"damage":10,"enemies":"Spheric Guardian","floor":18,"turns":3},{"damage":30,"enemies":"2 Thieves","floor":20,"turns":3},{"damage":34,"enemies":"Book of Stabbing","floor":23,"turns":4},{"damage":58,"enemies":"Gremlin Leader","floor":25,"turns":3}],"seed_played":"3426946010602076489","potions_obtained":[{"floor":1,"key":"Strength Potion"},{"floor":6,"key":"BloodPotion"},{"floor":10,"key":"Energy Potion"},{"floor":12,"key":"Fire Potion"},{"floor":20,"key":"SpeedPotion"}],"is_trial":false,"path_per_floor":["M","?","M","M","M","E","R","M","T","?","$","M","E","?","R","B",null,"M","?","M","?","$","E","R","E"],"character_chosen":"IRONCLAD","items_purchased":["Perfected Strike","Limit Break+1","Whirlwind","Discovery+1"],"campfire_rested":2,"item_purchase_floors":[11,11,22,22],"current_hp_per_floor":[75,75,64,60,54,22,46,35,35,28,28,22,38,27,54,36,90,86,86,62,62,62,34,34,0],"gold":198,"neow_bonus":"HUNDRED_GOLD","is_prod":false,"is_daily":false,"chose_seed":false,"campfire_upgraded":1,"win_rate":0,"timestamp":1567884574,"path_taken":["M","?","M","M","M","E","R","M","T","?","?","?","E","?","R","BOSS","M","?","M","?","$","E","R","E"],"build_version":"2019-07-17","purchased_purges":2,"victory":false,"max_hp_per_floor":[80,80,80,80,80,80,80,80,80,80,80,80,90,90,90,90,90,90,90,90,90,90,90,90,90],"card_choices":[{"not_picked":["Cleave","Fire Breathing"],"picked":"Spot Weakness","floor":1},{"not_picked":["Rupture","Wild Strike"],"picked":"Blood for Blood","floor":3},{"not_picked":["Body Slam","Metallicize","Shockwave"],"picked":"SKIP","floor":4},{"not_picked":["Brutality","Warcry"],"picked":"Iron Wave","floor":5},{"not_picked":["Headbutt","Iron Wave"],"picked":"Heavy Blade","floor":6},{"not_picked":["Pommel Strike","Uppercut","Wild Strike"],"picked":"SKIP","floor":8},{"not_picked":["Warcry+1","Shrug It Off+1"],"picked":"Havoc+1","floor":10},{"not_picked":["Intimidate+1","True Grit+1"],"picked":"Power Through+1","floor":12},{"not_picked":["Reckless Charge","Sentinel+1"],"picked":"Shrug It Off+1","floor":13},{"not_picked":["Limit Break+1","Fiend Fire"],"picked":"Immolate","floor":16},{"not_picked":["Shrug It Off+1","Clash+1"],"picked":"Infernal Blade+1","floor":18},{"not_picked":["Blood for Blood","Sword Boomerang"],"picked":"Cleave","floor":20},{"not_picked":["Reckless Charge+1","Uppercut"],"picked":"Power Through+1","floor":23}],"player_experience":215350,"relics_obtained":[{"floor":6,"key":"Smiling Mask"},{"floor":9,"key":"Toxic Egg 2"},{"floor":13,"key":"Pear"},{"floor":23,"key":"Mummified Hand"}],"event_choices":[{"damage_healed":0,"gold_gain":0,"player_choice":"Box","damage_taken":0,"relics_obtained":["Paper Frog"],"max_hp_gain":0,"max_hp_loss":0,"event_name":"Big Fish","floor":2,"gold_loss":0,"cards_obtained":["Regret"]},{"damage_healed":0,"gold_gain":0,"player_choice":"Searched \u00272\u0027 times","damage_taken":0,"relics_obtained":["Shuriken"],"max_hp_gain":0,"max_hp_loss":0,"event_name":"Dead Adventurer","floor":10,"gold_loss":0},{"damage_healed":0,"gold_gain":75,"player_choice":"Gather Gold","damage_taken":11,"max_hp_gain":0,"max_hp_loss":0,"event_name":"World of Goop","floor":14,"gold_loss":0},{"damage_healed":0,"gold_gain":0,"player_choice":"Opened","damage_taken":0,"relics_obtained":["Bronze Scales"],"max_hp_gain":0,"max_hp_loss":0,"event_name":"The Mausoleum","floor":19,"gold_loss":0,"cards_obtained":["Writhe"]},{"damage_healed":0,"gold_gain":0,"player_choice":"Obtain J.A.X.","damage_taken":0,"max_hp_gain":0,"max_hp_loss":0,"event_name":"Drug Dealer","floor":21,"gold_loss":0,"cards_obtained":["J.A.X."]}],"is_beta":false,"boss_relics":[{"not_picked":["Runic Pyramid","White Beast Statue"],"picked":"Velvet Choker"}],"items_purged_floors":[11,22],"is_endless":false,"potions_floor_spawned":[1,6,10,12,20],"killed_by":"Gremlin Leader","ascension_level":0}