{"gold_per_floor":[110,127,127,127,146,171,171,187,187,197,213,246,260,273,273,348,398,409,427,33,50,50,50],"floor_reached":23,"playtime":1053,"items_purged":["Strike_B"],"score":550,"play_id":"e00f9e46-f1ad-4d77-ae9b-a62cb5bfe826","local_time":"20191004175135","is_ascension_mode":true,"campfire_choices":[{"floor":7.0,"key":"REST"},{"data":"Stack","floor":15.0,"key":"SMITH"}],"neow_cost":"NONE","seed_source_timestamp":503306956818200,"circlet_count":0,"master_deck":["AscendersBane","Strike_B","Strike_B","Defend_B","Defend_B","Defend_B","Defend_B","Zap+1","Dualcast","Gash","Gash","Hologram","Buffer+1","Go for the Eyes","Leap","Stack+1","Self Repair+1","Melter","Machine Learning+1","Biased Cognition+1","Gash","Sunder","Defragment+1","Go for the Eyes+1","Coolheaded","Writhe"],"special_seed":0,"relics":["Cracked Core","Bronze Scales","NlothsMask","Frozen Egg 2","Kunai","Tiny House","Molten Egg 2","Happy Flower"],"potions_floor_usage":[18,18,19,23],"damage_taken":[{"damage":0.0,"enemies":"Small Slimes","floor":1.0,"turns":2.0},{"damage":7.0,"enemies":"Jaw Worm","floor":2.0,"turns":2.0},{"damage":1.0,"enemies":"Cultist","floor":5.0,"turns":3.0},{"damage":40.0,"enemies":"Gremlin Nob","floor":6.0,"turns":4.0},{"damage":3.0,"enemies":"3 Louse","floor":8.0,"turns":3.0},{"damage":0.0,"enemies":"2 Fungi Beasts","floor":10.0,"turns":3.0},{"damage":0.0,"enemies":"Large Slime","floor":11.0,"turns":5.0},{"damage":0.0,"enemies":"Lagavulin","floor":12.0,"turns":8.0},{"damage":0.0,"enemies":"Blue Slaver","floor":13.0,"turns":4.0},{"damage":5.0,"enemies":"2 Fungi Beasts","floor":14.0,"turns":3.0},{"damage":0.0,"enemies":"Slime Boss","floor":16.0,"turns":7.0},{"damage":17,"enemies":"2 Thieves","floor":18,"turns":5},{"damage":0,"enemies":"Chosen","floor":19,"turns":5},{"damage":40,"enemies":"Shelled Parasite and Fungi","floor":21,"turns":5},{"damage":52,"enemies":"Slavers","floor":23,"turns":3}],"seed_played":"-4170524011428830872","potions_obtained":[{"floor":1.0,"key":"EntropicBrew"},{"floor":12.0,"key":"GamblersBrew"},{"floor":13.0,"key":"Fire Potion"},{"floor":14.0,"key":"PowerPotion"},{"floor":17.0,"key":"SneckoOil"},{"floor":18,"key":"SkillPotion"},{"floor":21,"key":"LiquidBronze"}],"is_trial":false,"path_per_floor":["M","M","?","?","M","E","R","M","T","M","M","E","M","M","R","B",null,"M","M","$","M","?","E"],"character_chosen":"DEFECT","items_purchased":["Molten Egg 2","Go for the Eyes+1"],"campfire_rested":1,"item_purchase_floors":[20,20],"current_hp_per_floor":[64,57,50,50,49,21,42,39,39,39,39,39,49,44,44,54,72,55,65,65,35,35,0],"gold":50,"neow_bonus":"RANDOM_COMMON_RELIC","is_prod":false,"is_daily":false,"chose_seed":false,"campfire_upgraded":1,"win_rate":0,"timestamp":1570204295,"path_taken":["M","M","?","?","?","E","R","M","T","M","M","E","M","M","R","BOSS","M","M","$","M","?","E"],"build_version":"2019-07-17","purchased_purges":1,"victory":false,"max_hp_per_floor":[71,71,71,71,71,71,71,71,71,71,71,71,71,71,71,71,76,76,76,76,76,76,76],"card_choices":[{"not_picked":["Beam Cell","Steam"],"picked":"Gash","floor":1.0},{"not_picked":["Loop","Ball Lightning"],"picked":"Gash","floor":2.0},{"not_picked":["Steam Power","Lockon"],"picked":"Hologram","floor":5.0},{"not_picked":["Reinforced Body","Heatsinks"],"picked":"Buffer","floor":6.0},{"not_picked":["Auto Shields","Ball Lightning"],"picked":"Go for the Eyes","floor":8.0},{"not_picked":["Barrage","Reprogram"],"picked":"Leap","floor":10.0},{"not_picked":["Ball Lightning","Steam Power"],"picked":"Stack","floor":11.0},{"not_picked":["Skim","Darkness"],"picked":"Self Repair+1","floor":12.0},{"not_picked":["Compile Driver","Reinforced Body"],"picked":"Melter","floor":13.0},{"not_picked":["Go for the Eyes","Cold Snap"],"picked":"Machine Learning+1","floor":14.0},{"not_picked":["Multi-Cast","Core Surge"],"picked":"Biased Cognition+1","floor":16.0},{"not_picked":["Auto Shields","Cold Snap"],"picked":"Gash","floor":17.0},{"not_picked":["Force Field","Rebound"],"picked":"Sunder","floor":18},{"not_picked":["Aggregate","Tempest"],"picked":"Defragment+1","floor":19},{"not_picked":["Ball Lightning+1","Reinforced Body"],"picked":"Coolheaded","floor":21}],"player_experience":417797,"relics_obtained":[{"floor":6.0,"key":"Frozen Egg 2"},{"floor":12.0,"key":"Kunai"}],"event_choices":[{"cards_removed":["Strike_B"],"damage_healed":0.0,"max_hp_gain":0.0,"max_hp_loss":0.0,"gold_gain":0.0,"event_name":"Golden Wing","player_choice":"Card Removal","floor":3.0,"gold_loss":0.0,"damage_taken":7.0},{"damage_healed":0.0,"max_hp_gain":0.0,"max_hp_loss":0.0,"gold_gain":0.0,"event_name":"FaceTrader","player_choice":"Trade","floor":4.0,"gold_loss":0.0,"damage_taken":0.0,"relics_obtained":["NlothsMask"]},{"damage_healed":0,"gold_gain":0,"player_choice":"Opened","damage_taken":0,"relics_obtained":["Happy Flower"],"max_hp_gain":0,"max_hp_loss":0,"event_name":"The Mausoleum","floor":22,"gold_loss":0,"cards_obtained":["Writhe"]}],"is_beta":false,"boss_relics":[{"not_picked":["Snecko Eye","Lizard Tail"],"picked":"Tiny House"}],"items_purged_floors":[20],"is_endless":false,"potions_floor_spawned":[1,2,12,13,14,18,21],"killed_by":"Slavers","ascension_level":19}