{"gold_per_floor":[131,143,155,177,189,201,213,260,272,284,396,408,440,463,475,487],"floor_reached":16,"playtime":1073,"items_purged":[],"score":118,"play_id":"d84dd322-202b-4aa7-a896-b1284dd93092","local_time":"20191011001323","is_ascension_mode":true,"campfire_choices":[{"data":"Neutralize","floor":6,"key":"SMITH"},{"floor":12,"key":"REST"},{"floor":15,"key":"REST"}],"neow_cost":"NONE","seed_source_timestamp":74836790409600,"circlet_count":0,"master_deck":["Strike_G","Strike_G+1","Strike_G","Strike_G+1","Defend_G","Defend_G","Defend_G","Defend_G","Defend_G","Survivor","Neutralize+1","Dagger Throw","Backflip","Dagger Spray","Dash"],"relics":["Ring of the Snake","MawBank","Ancient Tea Set","PreservedInsect","Tough Bandages"],"potions_floor_usage":[8,14],"damage_taken":[{"damage":0,"enemies":"2 Louse","floor":1,"turns":3},{"damage":0,"enemies":"Jaw Worm","floor":4,"turns":4},{"damage":17,"enemies":"3 Sentries","floor":8,"turns":11},{"damage":0,"enemies":"Small Slimes","floor":13,"turns":2},{"damage":23,"enemies":"Exordium Thugs","floor":14,"turns":8},{"damage":41,"enemies":"The Guardian","floor":16,"turns":13}],"seed_played":"-6359042541626019986","potions_obtained":[{"floor":4,"key":"Fire Potion"},{"floor":13,"key":"Fruit Juice"}],"is_trial":false,"path_per_floor":["M","?","?","M","?","R","?","E","T","$","?","R","M","M","R","B"],"character_chosen":"THE_SILENT","items_purchased":[],"campfire_rested":2,"item_purchase_floors":[],"current_hp_per_floor":[70,75,60,60,53,53,28,11,11,11,11,33,33,15,39,0],"gold":487,"neow_bonus":"RANDOM_COMMON_RELIC","is_prod":false,"is_daily":false,"chose_seed":false,"campfire_upgraded":1,"win_rate":0,"timestamp":1570770803,"path_taken":["M","?","?","M","?","R","?","E","T","$","?","R","M","M","R","BOSS"],"build_version":"2019-07-17","purchased_purges":0,"victory":false,"max_hp_per_floor":[70,75,75,75,75,75,75,75,75,75,75,75,75,80,80,80],"card_choices":[{"not_picked":["Infinite Blades","Dodge and Roll"],"picked":"Dagger Throw","floor":1},{"not_picked":["Quick Slash","Sucker Punch"],"picked":"Backflip","floor":4},{"not_picked":["Slice","Infinite Blades","Outmaneuver"],"picked":"SKIP","floor":8},{"not_picked":["Poisoned Stab","Concentrate"],"picked":"Dagger Spray","floor":13},{"not_picked":["Cloak And Dagger","Accuracy"],"picked":"Dash","floor":14}],"player_experience":237614,"relics_obtained":[{"floor":8,"key":"PreservedInsect"},{"floor":9,"key":"Tough Bandages"}],"event_choices":[{"damage_healed":0,"gold_gain":0,"player_choice":"Donut","damage_taken":0,"max_hp_gain":5,"max_hp_loss":0,"event_name":"Big Fish","floor":2,"gold_loss":0},{"damage_healed":0,"gold_gain":0,"player_choice":"Entered Light","damage_taken":15,"max_hp_gain":0,"max_hp_loss":0,"event_name":"Shining Light","floor":3,"gold_loss":0,"cards_upgraded":["Strike_G","Strike_G"]},{"cards_removed":["Strike_G"],"damage_healed":0,"gold_gain":0,"player_choice":"Card Removal","damage_taken":7,"max_hp_gain":0,"max_hp_loss":0,"event_name":"Golden Wing","floor":5,"gold_loss":0},{"damage_healed":0,"gold_gain":0,"player_choice":"Success","damage_taken":25,"relics_obtained":["Ancient Tea Set"],"max_hp_gain":0,"max_hp_loss":0,"event_name":"Scrap Ooze","floor":7,"gold_loss":0},{"damage_healed":0,"gold_gain":100,"player_choice":"Pray","damage_taken":0,"max_hp_gain":0,"max_hp_loss":0,"event_name":"Golden Shrine","floor":11,"gold_loss":0}],"is_beta":false,"boss_relics":[],"items_purged_floors":[],"is_endless":false,"potions_floor_spawned":[4,13],"killed_by":"The Guardian","ascension_level":4}