{"gold_per_floor":[111,111,127,49,63,92,92,119,171,171,186,249,249,262,262,363,363,383,395,395,395,71,106,106,116,116,149,149,149,184,200,200,300,350,364,382,401,50,50,77,97,110,135,10,38,38,48,77,77,77],"floor_reached":51,"playtime":4244,"items_purged":["Shame","Parasite","Pain"],"score":1201,"play_id":"06196c0d-a4d8-4e0f-9474-c1baf4c54f1d","local_time":"20190921091555","is_ascension_mode":true,"campfire_choices":[{"data":"Beam Cell","floor":7.0,"key":"SMITH"},{"floor":10.0,"key":"REST"},{"floor":15.0,"key":"REST"},{"floor":24.0,"key":"REST"},{"floor":28.0,"key":"REST"},{"data":"Defragment","floor":32,"key":"SMITH"},{"data":"Buffer","floor":46,"key":"SMITH"},{"data":"White Noise","floor":49,"key":"SMITH"}],"neow_cost":"NONE","seed_source_timestamp":3417561659022500,"circlet_count":0,"master_deck":["Strike_B","Defend_B","Defend_B+1","Defend_B","Defend_B","Zap","Dualcast","Echo Form","Coolheaded","Beam Cell+1","Hello World","BootSequence","Melter","Leap","Conserve Battery","Creative AI","Darkness","Sweeping Beam","Creative AI","Reprogram","Chill","Defragment+1","Self Repair+1","Stack","Hologram","Self Repair","Undo","Buffer+1","Ball Lightning","Seek","Defragment","Conserve Battery+1","Self Repair+1","Hello World+1","Parasite","Loop+1","BootSequence+1","Loop+1","White Noise+1","Capacitor+1"],"special_seed":0,"relics":["Cracked Core","Mummified Hand","Happy Flower","Pen Nib","Tiny Chest","Cursed Key","Symbiotic Virus","Bottled Tornado","Bottled Lightning","Dodecahedron","Ornamental Fan","Gambling Chip","Tiny House","Frozen Egg 2","Bottled Flame","Blood Vial","Question Card","Bronze Scales"],"potions_floor_usage":[40,50,50,50],"damage_taken":[{"damage":8.0,"enemies":"Jaw Worm","floor":1.0,"turns":4.0},{"damage":8.0,"enemies":"Cultist","floor":3.0,"turns":5.0},{"damage":0.0,"enemies":"Small Slimes","floor":5.0,"turns":4.0},{"damage":27.0,"enemies":"Gremlin Nob","floor":6.0,"turns":5.0},{"damage":15.0,"enemies":"3 Sentries","floor":8.0,"turns":6.0},{"damage":16.0,"enemies":"Exordium Thugs","floor":11.0,"turns":3.0},{"damage":0.0,"enemies":"Lagavulin","floor":12.0,"turns":5.0},{"damage":8.0,"enemies":"3 Louse","floor":14.0,"turns":4.0},{"damage":1.0,"enemies":"The Guardian","floor":16.0,"turns":10.0},{"damage":41.0,"enemies":"3 Byrds","floor":18.0,"turns":5.0},{"damage":0.0,"enemies":"Chosen","floor":19.0,"turns":5.0},{"damage":24.0,"enemies":"Book of Stabbing","floor":23.0,"turns":6.0},{"damage":15.0,"enemies":"Centurion and Healer","floor":25.0,"turns":6.0},{"damage":17.0,"enemies":"Slavers","floor":27.0,"turns":5.0},{"damage":48,"enemies":"Gremlin Leader","floor":30,"turns":9},{"damage":4,"enemies":"Sentry and Sphere","floor":31,"turns":4},{"damage":12,"enemies":"Collector","floor":33,"turns":7},{"damage":9,"enemies":"3 Darklings","floor":35,"turns":6},{"damage":0,"enemies":"Orb Walker","floor":36,"turns":4},{"damage":25,"enemies":"Sphere and 2 Shapes","floor":37,"turns":6},{"damage":12,"enemies":"Reptomancer","floor":40,"turns":6},{"damage":15,"enemies":"Writhing Mass","floor":41,"turns":6},{"damage":29,"enemies":"Jaw Worm Horde","floor":42,"turns":7},{"damage":8,"enemies":"Nemesis","floor":45,"turns":7},{"damage":0,"enemies":"3 Darklings","floor":47,"turns":4},{"damage":0,"enemies":"Reptomancer","floor":48,"turns":6},{"damage":52,"enemies":"Awakened One","floor":50,"turns":7}],"seed_played":"1720840126234729877","potions_obtained":[{"floor":2.0,"key":"FairyPotion"},{"floor":2.0,"key":"Fruit Juice"},{"floor":2.0,"key":"Swift Potion"},{"floor":3.0,"key":"Weak Potion"},{"floor":8.0,"key":"Poison Potion"},{"floor":11.0,"key":"GamblersBrew"},{"floor":19.0,"key":"SteroidPotion"},{"floor":23.0,"key":"Fire Potion"},{"floor":25.0,"key":"AttackPotion"},{"floor":30,"key":"Dexterity Potion"},{"floor":34,"key":"Fire Potion"},{"floor":36,"key":"PowerPotion"},{"floor":40,"key":"LiquidBronze"},{"floor":42,"key":"PowerPotion"}],"is_trial":false,"path_per_floor":["M","?","M","$","M","E","R","E","T","R","M","E","?","M","R","B",null,"M","M","T","?","$","E","R","M","T","E","R","?","E","M","R","B",null,"M","M","M","$","?","E","M","M","T","$","E","R","M","E","R","B",null],"character_chosen":"DEFECT","items_purchased":["Hello World","Bottled Tornado","Frozen Egg 2"],"campfire_rested":4,"item_purchase_floors":[4,22,38],"current_hp_per_floor":[60,65,57,57,57,30,30,15,15,39,23,23,23,15,39,38,70,29,29,29,29,29,5,29,34,34,37,61,61,30,53,53,68,82,85,85,85,82,82,82,82,82,82,82,82,82,82,82,82,50],"gold":77,"neow_bonus":"ONE_RANDOM_RARE_CARD","is_prod":false,"is_daily":false,"chose_seed":false,"campfire_upgraded":4,"win_rate":0,"timestamp":1569050155,"path_taken":["M","?","M","$","?","E","R","E","T","R","M","E","?","M","R","BOSS","M","M","?","?","$","E","R","?","T","E","R","?","E","M","R","BOSS","M","M","M","$","?","E","M","M","T","$","E","R","?","E","R","BOSS"],"build_version":"2019-07-17","purchased_purges":3,"victory":true,"max_hp_per_floor":[75,80,80,80,80,80,80,80,80,80,80,80,80,80,80,80,80,80,80,80,80,80,80,80,80,80,80,80,80,80,80,80,80,85,85,85,85,82,82,82,82,82,82,82,82,82,82,82,82,82],"card_choices":[{"not_picked":["Barrage","Hologram"],"picked":"Coolheaded","floor":1.0},{"not_picked":["Cold Snap","Stack"],"picked":"Beam Cell","floor":3.0},{"not_picked":["Stack","Steam"],"picked":"BootSequence","floor":5.0},{"not_picked":["Streamline","Beam Cell"],"picked":"Melter","floor":6.0},{"not_picked":["Melter","Streamline"],"picked":"Leap","floor":8.0},{"not_picked":["Doom and Gloom","Stack"],"picked":"Conserve Battery","floor":11.0},{"not_picked":["FTL","Glacier"],"picked":"Creative AI","floor":12.0},{"not_picked":["Rebound","Redo"],"picked":"Sweeping Beam","floor":14.0},{"not_picked":["Multi-Cast","Hyperbeam"],"picked":"Creative AI","floor":16.0},{"not_picked":["Heatsinks","Leap"],"picked":"Reprogram","floor":18.0},{"not_picked":["Double Energy","Steam"],"picked":"Chill","floor":19.0},{"not_picked":["Compile Driver","Hyperbeam"],"picked":"Self Repair+1","floor":23.0},{"not_picked":["Cold Snap","Steam"],"picked":"Stack","floor":25.0},{"not_picked":["Redo","Barrage"],"picked":"Hologram","floor":27.0},{"not_picked":["Compile Driver","Sweeping Beam+1"],"picked":"Buffer","floor":30},{"not_picked":["Streamline","Coolheaded"],"picked":"Ball Lightning","floor":31},{"not_picked":["Meteor Strike","Biased Cognition"],"picked":"Seek","floor":33},{"not_picked":["Ball Lightning","Self Repair"],"picked":"Defragment","floor":34},{"not_picked":["Leap+1","Steam"],"picked":"Conserve Battery+1","floor":35},{"not_picked":["Leap+1","Coolheaded+1"],"picked":"Self Repair+1","floor":36},{"not_picked":["Steam","Turbo","All For One"],"picked":"SKIP","floor":37},{"not_picked":["Reprogram+1","Cold Snap"],"picked":"Hello World+1","floor":40},{"not_picked":["Turbo","Streamline+1"],"picked":"Loop+1","floor":41},{"not_picked":["Go for the Eyes","Turbo+1"],"picked":"BootSequence+1","floor":42},{"not_picked":["Turbo","Ball Lightning+1"],"picked":"Loop+1","floor":45},{"not_picked":["Hologram+1","Heatsinks+1","Ball Lightning+1"],"picked":"White Noise","floor":47},{"not_picked":["Streamline","Darkness+1","Melter"],"picked":"Capacitor+1","floor":48}],"player_experience":273096,"relics_obtained":[{"floor":6.0,"key":"Mummified Hand"},{"floor":8.0,"key":"Happy Flower"},{"floor":9.0,"key":"Pen Nib"},{"floor":12.0,"key":"Tiny Chest"},{"floor":20.0,"key":"Symbiotic Virus"},{"floor":23.0,"key":"Bottled Lightning"},{"floor":26.0,"key":"Dodecahedron"},{"floor":27.0,"key":"Ornamental Fan"},{"floor":30,"key":"Gambling Chip"},{"floor":40,"key":"Bottled Flame"},{"floor":43,"key":"Blood Vial"},{"floor":45,"key":"Question Card"},{"floor":48,"key":"Bronze Scales"}],"event_choices":[{"damage_healed":0.0,"max_hp_gain":0.0,"max_hp_loss":0.0,"gold_gain":0.0,"event_name":"Lab","player_choice":"Got Potions","floor":2.0,"gold_loss":0.0,"damage_taken":0.0},{"damage_healed":0.0,"max_hp_gain":0.0,"max_hp_loss":0.0,"gold_gain":0.0,"cards_transformed":["Strike_B"],"event_name":"Transmorgrifier","player_choice":"Transformed","floor":13.0,"gold_loss":0.0,"damage_taken":0.0,"cards_obtained":["Darkness"]},{"damage_healed":0.0,"max_hp_gain":0.0,"max_hp_loss":0.0,"gold_gain":0.0,"event_name":"The Library","player_choice":"Read","floor":21.0,"gold_loss":0.0,"damage_taken":0.0,"cards_obtained":["Defragment"]},{"damage_healed":0.0,"max_hp_gain":0.0,"max_hp_loss":0.0,"gold_gain":0.0,"cards_transformed":["Strike_B","Strike_B"],"event_name":"Drug Dealer","player_choice":"Became Test Subject","floor":29.0,"gold_loss":0.0,"damage_taken":0.0,"cards_obtained":["Self Repair","Undo"]},{"damage_healed":0,"gold_gain":0,"player_choice":"Bought 0 Potions","damage_taken":0,"max_hp_gain":0,"max_hp_loss":0,"event_name":"The Woman in Blue","floor":39,"gold_loss":0}],"is_beta":false,"boss_relics":[{"not_picked":["Nuclear Battery","FrozenCore"],"picked":"Cursed Key"},{"not_picked":["Orrery","Runic Dome"],"picked":"Tiny House"}],"items_purged_floors":[22,38,44],"is_endless":false,"potions_floor_spawned":[3,8,11,12,19,23,25,30,36,40,42],"ascension_level":8}