{"gold_per_floor":[115,126,126,146,146,159,192,192,219,219,245,74,74,108,108,212,262,276,287,34,53,53,81,93],"floor_reached":24,"playtime":1609,"items_purged":["Defend_R","Defend_R"],"score":234,"play_id":"1f300659-362b-4faa-8982-a00ee7ec602f","local_time":"20190906075010","is_ascension_mode":false,"campfire_choices":[{"data":"Bash","floor":8,"key":"SMITH"},{"floor":13,"key":"REST"},{"floor":15,"key":"REST"}],"neow_cost":"NONE","seed_source_timestamp":2119436423178000,"circlet_count":0,"master_deck":["Strike_R","Strike_R+1","Strike_R+1","Strike_R","Defend_R+1","Defend_R","Bash+1","Clash","Shrug It Off","Thunderclap","Writhe"],"relics":["Burning Blood","Ancient Tea Set","Red Skull","Art of War","Tiny House","Juzu Bracelet","Gremlin Horn","MawBank"],"potions_floor_usage":[11,16,16,19,21],"damage_taken":[{"damage":0,"enemies":"Small Slimes","floor":1,"turns":3},{"damage":11,"enemies":"Jaw Worm","floor":2,"turns":2},{"damage":3,"enemies":"2 Louse","floor":4,"turns":4},{"damage":10,"enemies":"Looter","floor":6,"turns":3},{"damage":35,"enemies":"Lagavulin","floor":7,"turns":7},{"damage":23,"enemies":"Gremlin Nob","floor":11,"turns":4},{"damage":12,"enemies":"3 Sentries","floor":14,"turns":8},{"damage":57,"enemies":"Hexaghost","floor":16,"turns":10},{"damage":12,"enemies":"Chosen","floor":18,"turns":7},{"damage":11,"enemies":"Spheric Guardian","floor":19,"turns":6},{"damage":24,"enemies":"Snake Plant","floor":21,"turns":4},{"damage":55,"enemies":"Gremlin Leader","floor":23,"turns":7},{"damage":16,"enemies":"Centurion and Healer","floor":24,"turns":2}],"seed_played":"7685443805060250461","potions_obtained":[{"floor":7,"key":"SkillPotion"},{"floor":11,"key":"Weak Potion"},{"floor":17,"key":"Poison Potion"},{"floor":18,"key":"Dexterity Potion"},{"floor":23,"key":"Energy Potion"}],"is_trial":false,"path_per_floor":["M","M","?","M","?","M","E","R","T","?","E","$","R","E","R","B",null,"M","M","$","M","?","E","M"],"character_chosen":"IRONCLAD","items_purchased":["Shrug It Off","Poison Potion","Juzu Bracelet"],"campfire_rested":2,"item_purchase_floors":[12,12,20],"current_hp_per_floor":[88,83,83,86,86,82,53,53,53,35,18,18,44,38,64,13,93,87,82,82,64,64,15,0],"gold":93,"neow_bonus":"TEN_PERCENT_HP_BONUS","is_prod":false,"is_daily":false,"chose_seed":false,"campfire_upgraded":1,"win_rate":0,"timestamp":1567749010,"path_taken":["M","M","?","M","?","M","E","R","T","?","E","$","R","E","R","BOSS","M","M","$","M","?","E","M"],"build_version":"2019-07-17","purchased_purges":2,"victory":false,"max_hp_per_floor":[88,88,88,88,88,88,88,88,88,88,88,88,88,88,88,88,93,93,93,93,93,93,93,93],"card_choices":[{"not_picked":["Clothesline","Armaments","Sever Soul"],"picked":"SKIP","floor":1},{"not_picked":["Ghostly Armor","Body Slam","Perfected Strike"],"picked":"SKIP","floor":2},{"not_picked":["Armaments","Clothesline","Carnage"],"picked":"SKIP","floor":4},{"not_picked":["Intimidate","Pummel"],"picked":"Clash","floor":6},{"not_picked":["Brutality","Searing Blow","Entrench"],"picked":"SKIP","floor":7},{"not_picked":["Clothesline","Cleave","Havoc"],"picked":"SKIP","floor":11},{"not_picked":["Anger","Searing Blow"],"picked":"Thunderclap","floor":14},{"not_picked":["Heavy Blade","Sword Boomerang","Infernal Blade+1"],"picked":"SKIP","floor":18},{"not_picked":["Intimidate","Battle Trance","Perfected Strike+1"],"picked":"SKIP","floor":19},{"not_picked":["Uppercut","Seeing Red","Metallicize"],"picked":"SKIP","floor":21},{"not_picked":["Rupture","Perfected Strike","Anger+1"],"picked":"SKIP","floor":23}],"player_experience":81058,"relics_obtained":[{"floor":7,"key":"Ancient Tea Set"},{"floor":11,"key":"Red Skull"},{"floor":14,"key":"Art of War"},{"floor":23,"key":"MawBank"}],"event_choices":[{"cards_removed":["Strike_R"],"damage_healed":0,"gold_gain":0,"player_choice":"Forget","damage_taken":0,"max_hp_gain":0,"max_hp_loss":0,"event_name":"Living Wall","floor":3,"gold_loss":0},{"damage_healed":0,"gold_gain":0,"player_choice":"Ignored","damage_taken":0,"max_hp_gain":0,"max_hp_loss":0,"event_name":"Liars Game","floor":5,"gold_loss":0},{"damage_healed":0,"gold_gain":0,"player_choice":"Entered Light","damage_taken":18,"max_hp_gain":0,"max_hp_loss":0,"event_name":"Shining Light","floor":10,"gold_loss":0,"cards_upgraded":["Defend_R","Strike_R"]},{"damage_healed":0,"gold_gain":0,"player_choice":"Opened","damage_taken":0,"relics_obtained":["Gremlin Horn"],"max_hp_gain":0,"max_hp_loss":0,"event_name":"The Mausoleum","floor":22,"gold_loss":0,"cards_obtained":["Writhe"]}],"is_beta":false,"boss_relics":[{"not_picked":["Cursed Key","Snecko Eye"],"picked":"Tiny House"}],"items_purged_floors":[12,20],"is_endless":false,"potions_floor_spawned":[7,11,18,23],"killed_by":"Centurion and Healer","ascension_level":0}