{"gold_per_floor":[111,128,128,128,147,147,175,175,223,241,241,100,59,78,78,78],"floor_reached":16,"playtime":4152,"items_purged":[],"score":125,"play_id":"2f66ba62-7a37-4848-83b9-e8516b61a0eb","local_time":"20191012140158","is_ascension_mode":true,"campfire_choices":[{"data":"Dagger Throw","floor":6,"key":"SMITH"},{"floor":11,"key":"REST"},{"data":"Strike_G","floor":15,"key":"SMITH"}],"neow_cost":"NONE","seed_source_timestamp":207873139585600,"circlet_count":0,"master_deck":["Strike_G","Strike_G","Strike_G","Strike_G","Strike_G+1","Defend_G","Defend_G","Defend_G","Defend_G","Defend_G","Survivor","Neutralize+1","Blade Dance+1","Die Die Die","Dagger Throw+1","PiercingWail","Backflip","Adrenaline"],"relics":["Ring of the Snake","Pen Nib","Omamori"],"potions_floor_usage":[16,16,16],"damage_taken":[{"damage":2,"enemies":"Jaw Worm","floor":1,"turns":7},{"damage":0,"enemies":"2 Louse","floor":2,"turns":5},{"damage":1,"enemies":"Cultist","floor":5,"turns":3},{"damage":20,"enemies":"Lagavulin","floor":7,"turns":9},{"damage":1,"enemies":"Large Slime","floor":10,"turns":5},{"damage":6,"enemies":"Looter","floor":14,"turns":3},{"damage":64,"enemies":"Hexaghost","floor":16,"turns":12}],"seed_played":"-8903471201384446395","potions_obtained":[{"floor":7,"key":"GamblersBrew"},{"floor":10,"key":"SkillPotion"},{"floor":14,"key":"SneckoOil"}],"is_trial":false,"path_per_floor":["M","M","?","?","M","R","E","?","T","M","R","$","?","M","R","B"],"character_chosen":"THE_SILENT","items_purchased":["Adrenaline"],"campfire_rested":1,"item_purchase_floors":[12],"current_hp_per_floor":[68,68,68,68,67,67,47,47,47,46,67,67,67,61,61,0],"gold":78,"neow_bonus":"UPGRADE_CARD","is_prod":false,"is_daily":false,"chose_seed":false,"campfire_upgraded":2,"win_rate":0,"timestamp":1570906918,"path_taken":["M","M","?","?","?","R","E","?","T","M","R","$","?","M","R","BOSS"],"build_version":"2019-07-17","purchased_purges":0,"victory":false,"max_hp_per_floor":[70,70,70,70,70,70,70,70,70,70,70,70,70,70,70,70],"card_choices":[{"not_picked":["Underhanded Strike","Prepared"],"picked":"Blade Dance","floor":1},{"not_picked":["Dagger Throw","Finisher"],"picked":"Die Die Die","floor":2},{"not_picked":["Outmaneuver","Sucker Punch"],"picked":"Dagger Throw","floor":5},{"not_picked":["Acrobatics","Calculated Gamble"],"picked":"PiercingWail","floor":7},{"not_picked":["Caltrops","Bouncing Flask"],"picked":"Backflip","floor":10},{"not_picked":["PiercingWail","Choke","Outmaneuver"],"picked":"SKIP","floor":14}],"player_experience":260905,"relics_obtained":[{"floor":7,"key":"Pen Nib"},{"floor":9,"key":"Omamori"}],"event_choices":[{"damage_healed":0,"gold_gain":0,"player_choice":"Grow","damage_taken":0,"max_hp_gain":0,"max_hp_loss":0,"event_name":"Living Wall","floor":3,"gold_loss":0,"cards_upgraded":["Blade Dance"]},{"damage_healed":0,"gold_gain":0,"player_choice":"0 cards matched","damage_taken":0,"max_hp_gain":0,"max_hp_loss":0,"event_name":"Match and Keep!","floor":4,"gold_loss":0,"cards_obtained":[]},{"damage_healed":0,"gold_gain":0,"player_choice":"Ignored","damage_taken":0,"max_hp_gain":0,"max_hp_loss":0,"event_name":"Golden Idol","floor":8,"gold_loss":0},{"damage_healed":0,"gold_gain":0,"player_choice":"Left Gold","damage_taken":0,"max_hp_gain":0,"max_hp_loss":0,"event_name":"World of Goop","floor":13,"gold_loss":41}],"is_beta":false,"boss_relics":[],"items_purged_floors":[],"is_endless":false,"potions_floor_spawned":[7,10,14],"killed_by":"Hexaghost","ascension_level":5}