{"gold_per_floor":[115,130,130,147,157,82,111,111,111,125,142,175,175,75,75,75],"floor_reached":16,"playtime":1275,"items_purged":["Strike_B","Clash"],"score":112,"play_id":"cfea3ffa-0070-480d-b9ce-337aab65cbbb","local_time":"20190906174200","is_ascension_mode":false,"campfire_choices":[{"floor":8,"key":"REST"},{"data":"Flame Barrier","floor":13,"key":"SMITH"},{"floor":15,"key":"RECALL"}],"neow_cost":"NONE","seed_source_timestamp":2155284468150999,"circlet_count":0,"master_deck":["Strike_R","Strike_R","Strike_R","Strike_R","Strike_R","Defend_R","Defend_R","Defend_R","Bash","Flame Barrier+1"],"relics":["Burning Blood","Dead Branch","Prayer Wheel","Gambling Chip"],"potions_floor_usage":[7,7,12,12,12,16,16],"damage_taken":[{"damage":2,"enemies":"2 Louse","floor":1,"turns":3},{"damage":1,"enemies":"Cultist","floor":2,"turns":3},{"damage":6,"enemies":"Jaw Worm","floor":4,"turns":3},{"damage":8,"enemies":"Large Slime","floor":5,"turns":5},{"damage":55,"enemies":"3 Sentries","floor":7,"turns":16},{"damage":10,"enemies":"Exordium Wildlife","floor":10,"turns":3},{"damage":9,"enemies":"2 Fungi Beasts","floor":11,"turns":3},{"damage":13,"enemies":"Lagavulin","floor":12,"turns":3},{"damage":49,"enemies":"The Guardian","floor":16,"turns":9}],"seed_played":"1380024987919737301","potions_obtained":[{"floor":2,"key":"Ancient Potion"},{"floor":5,"key":"Poison Potion"},{"floor":7,"key":"EntropicBrew"},{"floor":12,"key":"SkillPotion"}],"is_trial":false,"path_per_floor":["M","M","?","M","M","$","E","R","T","M","M","E","R","$","R","B"],"character_chosen":"IRONCLAD","items_purchased":[],"campfire_rested":1,"item_purchase_floors":[],"current_hp_per_floor":[88,88,88,88,86,86,37,63,63,59,56,49,49,49,49,22],"gold":75,"neow_bonus":"TEN_PERCENT_HP_BONUS","is_prod":false,"is_daily":false,"chose_seed":false,"campfire_upgraded":1,"win_rate":0,"timestamp":1567784520,"path_taken":["M","M","?","M","?","$","E","R","T","M","M","E","R","$","R","BOSS"],"build_version":"2019-07-17","purchased_purges":2,"victory":false,"max_hp_per_floor":[88,88,88,88,88,88,88,88,88,88,88,88,88,88,88,88],"card_choices":[{"not_picked":["Warcry","Perfected Strike"],"picked":"Clash","floor":1},{"not_picked":["Pummel","Clothesline","Warcry"],"picked":"SKIP","floor":2},{"not_picked":["Spot Weakness","Pummel","Intimidate"],"picked":"SKIP","floor":4},{"not_picked":["Body Slam","Pommel Strike","Uppercut"],"picked":"SKIP","floor":5},{"not_picked":["Warcry","Clash","Rupture"],"picked":"SKIP","floor":7},{"not_picked":["Clash","Perfected Strike","Clothesline"],"picked":"SKIP","floor":10},{"not_picked":["Feed","Second Wind","Headbutt"],"picked":"SKIP","floor":10},{"not_picked":["Heavy Blade","Sword Boomerang","Twin Strike"],"picked":"SKIP","floor":11},{"not_picked":["Blood for Blood","Second Wind","Anger"],"picked":"SKIP","floor":11},{"not_picked":["Cleave","Sword Boomerang"],"picked":"Flame Barrier","floor":12}],"player_experience":82707,"relics_obtained":[{"floor":7,"key":"Dead Branch"},{"floor":9,"key":"Prayer Wheel"},{"floor":12,"key":"Gambling Chip"}],"event_choices":[{"cards_removed":["Defend_R"],"damage_healed":0,"gold_gain":0,"player_choice":"Took Card","damage_taken":0,"max_hp_gain":0,"max_hp_loss":0,"event_name":"NoteForYourself","floor":3,"gold_loss":0,"cards_obtained":["Strike_B"]}],"is_beta":false,"boss_relics":[],"items_purged_floors":[6,14],"is_endless":false,"potions_floor_spawned":[2,5,7,12],"killed_by":"The Guardian","ascension_level":0}