{"gold_per_floor":[119,130,142,142,67,95,106,133,182,195,195,225,225,300,300,402,402,422,433,451,186,186,214,214,248,260,290,315,327,339,2,2,104,104,124,141,241,255,272,307,320,320,346,358,393,24,34,52,52,52],"floor_reached":51,"playtime":3598,"items_purged":["Riddle With Holes","Pain"],"score":1303,"play_id":"c55e1f39-5c46-4fec-a9d6-5ebeb5d8109a","local_time":"20190926214912","is_ascension_mode":true,"campfire_choices":[{"floor":11.0,"key":"REST"},{"floor":15.0,"key":"REST"},{"floor":24.0,"key":"REST"},{"floor":29.0,"key":"REST"},{"data":"After Image","floor":32.0,"key":"SMITH"},{"floor":49,"key":"REST"}],"neow_cost":"NONE","seed_source_timestamp":0,"circlet_count":0,"master_deck":["AscendersBane","Survivor","Neutralize","Bouncing Flask","Deflect","Bouncing Flask","Slice","Neutralize","Noxious Fumes","Poisoned Stab","Poisoned Stab","Deadly Poison+1","Corpse Explosion","Adrenaline","Blur","A Thousand Cuts","Doppelganger","Endless Agony","Choke","After Image+1","Dodge and Roll","All Out Attack","Phantasmal Killer","Crippling Poison","Deadly Poison","Skewer+1","Noxious Fumes","Escape Plan","After Image","Backflip+1","Distraction+1","Ghostly+1","Ghostly+1","Ghostly+1","Ghostly+1","Ghostly+1","Good Instincts+1","After Image","Tools of the Trade","Bane+1","PiercingWail+1","Concentrate+1","Deflect+1","Quick Slash+1","Outmaneuver+1","Prepared+1","Blade Dance+1","Distraction+1","Outmaneuver+1","Caltrops","Dodge and Roll+1","Distraction+1"],"special_seed":0,"relics":["Ring of the Snake","Bottled Flame","Meat on the Bone","War Paint","Potion Belt","StoneCalendar","Pandora\u0027s Box","PreservedInsect","Boot","MawBank","Toxic Egg 2","DollysMirror","White Beast Statue","Ice Cream","Lantern","WarpedTongs","Oddly Smooth Stone","Kunai","Orichalcum"],"potions_floor_usage":[47,47,50,50,50],"damage_taken":[{"damage":1.0,"enemies":"Cultist","floor":1.0,"turns":6.0},{"damage":0.0,"enemies":"Jaw Worm","floor":2.0,"turns":4.0},{"damage":0.0,"enemies":"2 Louse","floor":3.0,"turns":3.0},{"damage":16.0,"enemies":"3 Sentries","floor":6.0,"turns":8.0},{"damage":17.0,"enemies":"2 Fungi Beasts","floor":7.0,"turns":4.0},{"damage":17.0,"enemies":"Lagavulin","floor":8.0,"turns":5.0},{"damage":6.0,"enemies":"3 Louse","floor":10.0,"turns":4.0},{"damage":14.0,"enemies":"Hexaghost","floor":16.0,"turns":7.0},{"damage":3.0,"enemies":"3 Byrds","floor":18.0,"turns":3.0},{"damage":35.0,"enemies":"Shell Parasite","floor":19.0,"turns":6.0},{"damage":14.0,"enemies":"Centurion and Healer","floor":20.0,"turns":5.0},{"damage":27.0,"enemies":"Slavers","floor":23.0,"turns":2.0},{"damage":39.0,"enemies":"Book of Stabbing","floor":25.0,"turns":5.0},{"damage":16.0,"enemies":"Cultist and Chosen","floor":27.0,"turns":5.0},{"damage":15.0,"enemies":"Snake Plant","floor":28.0,"turns":4.0},{"damage":17.0,"enemies":"Automaton","floor":33.0,"turns":11.0},{"damage":0.0,"enemies":"Orb Walker","floor":35.0,"turns":4.0},{"damage":1.0,"enemies":"3 Darklings","floor":36.0,"turns":3.0},{"damage":0.0,"enemies":"Mind Bloom Boss Battle","floor":37.0,"turns":9.0},{"damage":22.0,"enemies":"Writhing Mass","floor":38.0,"turns":7.0},{"damage":6.0,"enemies":"4 Shapes","floor":39.0,"turns":6.0},{"damage":4.0,"enemies":"Giant Head","floor":40.0,"turns":9.0},{"damage":10.0,"enemies":"Spire Growth","floor":41.0,"turns":7.0},{"damage":0.0,"enemies":"3 Darklings","floor":44.0,"turns":4.0},{"damage":21.0,"enemies":"Reptomancer","floor":45.0,"turns":7.0},{"damage":8,"enemies":"Transient","floor":47,"turns":5},{"damage":0,"enemies":"Maw","floor":48,"turns":7},{"damage":15,"enemies":"Donu and Deca","floor":50,"turns":8}],"seed_played":"8881141890046836429","potions_obtained":[{"floor":1.0,"key":"EssenceOfSteel"},{"floor":2.0,"key":"LiquidBronze"},{"floor":6.0,"key":"FairyPotion"},{"floor":8.0,"key":"SpeedPotion"},{"floor":19.0,"key":"Strength Potion"},{"floor":20.0,"key":"SteroidPotion"},{"floor":23.0,"key":"SteroidPotion"},{"floor":28.0,"key":"PowerPotion"},{"floor":33.0,"key":"SpeedPotion"},{"floor":35.0,"key":"Energy Potion"},{"floor":36.0,"key":"SkillPotion"},{"floor":37.0,"key":"Fire Potion"},{"floor":39.0,"key":"Dexterity Potion"},{"floor":41.0,"key":"LiquidBronze"},{"floor":44.0,"key":"Poison Potion"},{"floor":45.0,"key":"Strength Potion"},{"floor":47,"key":"SkillPotion"},{"floor":48,"key":"Poison Potion"}],"is_trial":false,"path_per_floor":["M","M","M","?","$","E","M","E","T","M","R","?","?","?","R","B",null,"M","M","M","$","?","E","R","E","T","M","M","R","?","$","R","B",null,"M","M","?","M","M","E","M","?","T","M","E","$","M","M","R","B",null],"character_chosen":"THE_SILENT","items_purchased":["Noxious Fumes","PreservedInsect","Noxious Fumes","Good Instincts+1","DollysMirror","Block Potion","Outmaneuver+1","Orichalcum","Caltrops"],"campfire_rested":5,"item_purchase_floors":[5,21,21,31,31,31,46,46,46],"current_hp_per_floor":[69,69,69,69,69,53,36,19,19,25,48,48,45,34,57,43,69,66,43,41,41,41,26,49,22,22,18,15,38,38,38,38,21,34,34,33,33,23,29,25,27,27,27,27,18,18,22,22,33,30],"gold":52,"neow_bonus":"TEN_PERCENT_HP_BONUS","is_prod":false,"is_daily":false,"chose_seed":false,"campfire_upgraded":1,"win_rate":0,"timestamp":1569527352,"path_taken":["M","M","M","?","?","E","M","E","T","?","R","?","?","?","R","BOSS","M","M","M","$","?","E","R","E","T","M","M","R","?","?","R","BOSS","M","M","?","M","M","E","M","?","T","M","E","$","M","M","R","BOSS"],"build_version":"2019-07-17","purchased_purges":2,"victory":true,"max_hp_per_floor":[77,77,77,77,77,77,77,77,77,77,77,77,77,77,77,77,77,77,77,77,77,77,77,77,77,77,77,77,77,38,38,38,38,38,38,38,38,38,38,38,38,38,38,38,38,38,38,38,38,38],"card_choices":[{"not_picked":["Backstab","Concentrate"],"picked":"Bouncing Flask","floor":1.0},{"not_picked":["Distraction","Quick Slash"],"picked":"Deflect","floor":2.0},{"not_picked":["Expertise","Acrobatics"],"picked":"Riddle With Holes","floor":3.0},{"not_picked":["Endless Agony","Masterful Stab"],"picked":"Poisoned Stab","floor":6.0},{"not_picked":["Underhanded Strike","Setup"],"picked":"Poisoned Stab","floor":7.0},{"not_picked":["Flying Knee","Acrobatics"],"picked":"Deadly Poison","floor":8.0},{"not_picked":["Backstab","Underhanded Strike"],"picked":"Corpse Explosion","floor":10.0},{"not_picked":["Grand Finale","Wraith Form v2"],"picked":"Adrenaline","floor":16.0},{"not_picked":["Quick Slash","Deadly Poison"],"picked":"Crippling Poison","floor":18.0},{"not_picked":["Outmaneuver","Flying Knee"],"picked":"Deadly Poison","floor":19.0},{"not_picked":["Choke+1","Deadly Poison"],"picked":"Skewer+1","floor":20.0},{"not_picked":["Bouncing Flask+1","Catalyst"],"picked":"Escape Plan","floor":23.0},{"not_picked":["Slice","Underhanded Strike"],"picked":"After Image","floor":25.0},{"not_picked":["Dagger Throw","Tactician+1"],"picked":"Backflip+1","floor":27.0},{"not_picked":["Masterful Stab","Slice"],"picked":"Distraction+1","floor":28.0},{"not_picked":["Burst+1","Storm of Steel+1"],"picked":"Tools of the Trade","floor":33.0},{"not_picked":["Underhanded Strike","Poisoned Stab"],"picked":"Bane+1","floor":35.0},{"not_picked":["Quick Slash","Bane+1"],"picked":"PiercingWail+1","floor":36.0},{"not_picked":["Sucker Punch","Wraith Form v2"],"picked":"Concentrate+1","floor":37.0},{"not_picked":["Poisoned Stab+1","Riddle With Holes"],"picked":"Deflect+1","floor":38.0},{"not_picked":["Sucker Punch","Setup+1"],"picked":"Quick Slash+1","floor":39.0},{"not_picked":["Bouncing Flask+1","Finisher"],"picked":"Outmaneuver+1","floor":40.0},{"not_picked":["PiercingWail+1","Predator"],"picked":"Prepared+1","floor":41.0},{"not_picked":["Flying Knee","Poisoned Stab"],"picked":"Blade Dance+1","floor":44.0},{"not_picked":["Blade Dance+1","Bullet Time+1"],"picked":"Distraction+1","floor":45.0},{"not_picked":["Slice","PiercingWail+1"],"picked":"Dodge and Roll+1","floor":47},{"not_picked":["Dash","Poisoned Stab"],"picked":"Distraction+1","floor":48}],"player_experience":345982,"relics_obtained":[{"floor":6.0,"key":"Bottled Flame"},{"floor":8.0,"key":"Meat on the Bone"},{"floor":9.0,"key":"War Paint"},{"floor":23.0,"key":"Boot"},{"floor":25.0,"key":"MawBank"},{"floor":26.0,"key":"Toxic Egg 2"},{"floor":37.0,"key":"Ice Cream"},{"floor":40.0,"key":"Lantern"},{"floor":43.0,"key":"Oddly Smooth Stone"},{"floor":45.0,"key":"Kunai"}],"event_choices":[{"damage_healed":0.0,"max_hp_gain":0.0,"max_hp_loss":0.0,"gold_gain":0.0,"event_name":"Match and Keep!","player_choice":"3 cards matched","floor":4.0,"gold_loss":0.0,"damage_taken":0.0,"cards_obtained":["Bouncing Flask","Slice","Neutralize"]},{"damage_healed":0.0,"max_hp_gain":0.0,"max_hp_loss":0.0,"gold_gain":30.0,"event_name":"Dead Adventurer","player_choice":"Searched \u00273\u0027 times","floor":12.0,"gold_loss":0.0,"damage_taken":0.0,"relics_obtained":["Potion Belt"]},{"damage_healed":0.0,"max_hp_gain":0.0,"max_hp_loss":0.0,"gold_gain":0.0,"event_name":"Scrap Ooze","player_choice":"Success","floor":13.0,"gold_loss":0.0,"damage_taken":3.0,"relics_obtained":["StoneCalendar"]},{"damage_healed":0.0,"max_hp_gain":0.0,"max_hp_loss":0.0,"gold_gain":75.0,"event_name":"World of Goop","player_choice":"Gather Gold","floor":14.0,"gold_loss":0.0,"damage_taken":11.0},{"cards_removed":["Riddle With Holes"],"damage_healed":0.0,"max_hp_gain":0.0,"max_hp_loss":0.0,"gold_gain":0.0,"event_name":"Back to Basics","player_choice":"Elegance","floor":22.0,"gold_loss":0.0,"damage_taken":0.0},{"damage_healed":0.0,"max_hp_gain":0.0,"max_hp_loss":39.0,"gold_gain":0.0,"event_name":"Ghosts","player_choice":"Became a Ghost","floor":30.0,"gold_loss":0.0,"damage_taken":0.0,"cards_obtained":["Ghostly","Ghostly","Ghostly","Ghostly","Ghostly"]},{"damage_healed":0.0,"max_hp_gain":0.0,"max_hp_loss":0.0,"gold_gain":0.0,"event_name":"MindBloom","player_choice":"Fight","floor":37.0,"gold_loss":0.0,"damage_taken":0.0},{"damage_healed":0.0,"max_hp_gain":0.0,"max_hp_loss":0.0,"gold_gain":0.0,"event_name":"Accursed Blacksmith","player_choice":"Rummage","floor":42.0,"gold_loss":0.0,"damage_taken":0.0,"relics_obtained":["WarpedTongs"],"cards_obtained":["Pain"]}],"is_beta":false,"boss_relics":[{"not_picked":["Tiny House","Runic Pyramid"],"picked":"Pandora\u0027s Box"},{"not_picked":["Velvet Choker","Empty Cage"],"picked":"White Beast Statue"}],"items_purged_floors":[21,46],"is_endless":false,"potions_floor_spawned":[1,2,6,8,19,20,23,28,33,35,36,37,38,39,40,41,44,45,47,48],"ascension_level":12}