{"gold_per_floor":[115,190,208,208,158,185,185,519,519,539,567,567,567],"floor_reached":13,"playtime":461,"items_purged":[],"score":131,"play_id":"36b826f1-4d6c-44a5-a967-981724662a6b","local_time":"20190921185827","is_ascension_mode":true,"campfire_choices":[{"data":"Bash","floor":7,"key":"SMITH"}],"neow_cost":"NONE","seed_source_timestamp":3456629405801100,"circlet_count":0,"master_deck":["Strike_R","Strike_R","Strike_R+1","Strike_R","Strike_R","Defend_R","Defend_R","Defend_R","Defend_R","Bash+1","Iron Wave","Flex","Intimidate","Whirlwind","Flame Barrier+1"],"relics":["Burning Blood","Calipers","Happy Flower","Old Coin","Singing Bowl","Dream Catcher"],"potions_floor_usage":[6,8,11,11],"damage_taken":[{"damage":2,"enemies":"Small Slimes","floor":1,"turns":4},{"damage":4,"enemies":"Jaw Worm","floor":3,"turns":3},{"damage":20,"enemies":"Gremlin Nob","floor":6,"turns":4},{"damage":35,"enemies":"3 Sentries","floor":8,"turns":11},{"damage":4,"enemies":"Cultist","floor":10,"turns":3},{"damage":50,"enemies":"Lagavulin","floor":11,"turns":6},{"damage":14,"enemies":"Exordium Thugs","floor":13,"turns":1}],"seed_played":"-4511381005230617587","potions_obtained":[{"floor":3,"key":"Poison Potion"},{"floor":6,"key":"Regen Potion"},{"floor":8,"key":"GamblersBrew"},{"floor":10,"key":"Regen Potion"}],"is_trial":false,"path_per_floor":["M","?","M","?","?","E","R","E","T","M","E","?","M"],"character_chosen":"IRONCLAD","items_purchased":[],"campfire_rested":0,"item_purchase_floors":[],"current_hp_per_floor":[84,73,75,75,75,61,61,47,47,51,22,4,0],"gold":567,"neow_bonus":"TEN_PERCENT_HP_BONUS","is_prod":false,"is_daily":false,"chose_seed":false,"campfire_upgraded":1,"win_rate":0,"timestamp":1569085107,"path_taken":["M","?","M","?","?","E","R","E","T","M","E","?","M"],"build_version":"2019-07-17","purchased_purges":0,"victory":false,"max_hp_per_floor":[88,88,88,88,88,88,88,88,88,90,90,90,90],"card_choices":[{"not_picked":["Anger","Sever Soul"],"picked":"Iron Wave","floor":1},{"not_picked":["Rupture","Twin Strike"],"picked":"Flex","floor":3},{"not_picked":["Headbutt","Anger"],"picked":"Intimidate","floor":6},{"not_picked":["Wild Strike","Warcry"],"picked":"Whirlwind","floor":8},{"not_picked":["Second Wind","Heavy Blade","Rupture"],"picked":"Singing Bowl","floor":10},{"not_picked":["Limit Break","Dropkick"],"picked":"Flame Barrier","floor":11}],"player_experience":281916,"relics_obtained":[{"floor":6,"key":"Happy Flower"},{"floor":8,"key":"Old Coin"},{"floor":9,"key":"Singing Bowl"},{"floor":11,"key":"Dream Catcher"}],"event_choices":[{"damage_healed":0,"gold_gain":75,"player_choice":"Gather Gold","damage_taken":11,"max_hp_gain":0,"max_hp_loss":0,"event_name":"World of Goop","floor":2,"gold_loss":0},{"damage_healed":0,"gold_gain":0,"player_choice":"Box","damage_taken":0,"relics_obtained":["Calipers"],"max_hp_gain":0,"max_hp_loss":0,"event_name":"Big Fish","floor":4,"gold_loss":0,"cards_obtained":["Regret"]},{"cards_removed":["Regret"],"damage_healed":0,"gold_gain":0,"player_choice":"Card Removal","damage_taken":0,"max_hp_gain":0,"max_hp_loss":0,"event_name":"The Cleric","floor":5,"gold_loss":50},{"damage_healed":0,"gold_gain":0,"player_choice":"Entered Light","damage_taken":18,"max_hp_gain":0,"max_hp_loss":0,"event_name":"Shining Light","floor":12,"gold_loss":0,"cards_upgraded":["Flame Barrier","Strike_R"]}],"is_beta":false,"boss_relics":[],"items_purged_floors":[],"is_endless":false,"potions_floor_spawned":[3,6,8,10],"killed_by":"Exordium Thugs","ascension_level":6}