{"gold_per_floor":[114,129,144,144,144,144,159,174,229,229,244,244,31,106,106,206,206,221,136,151,151,166,166,196,196,271,286,321,321,336,351,351,451,451,466,481,64,1063,312,312,312,312,312,312,327,357,372,28,28,28],"floor_reached":51,"playtime":2295,"items_purged":["Normality","Writhe"],"score":764,"play_id":"7818954d-3429-4299-8871-65dda2e41c50","local_time":"20190912064713","daily_mods":["Allstar","Vintage","Lethality"],"is_ascension_mode":false,"campfire_choices":[{"data":"Mayhem","floor":6,"key":"SMITH"},{"floor":15,"key":"REST"},{"floor":23,"key":"REST"},{"data":"1","floor":25,"key":"LIFT"},{"data":"2","floor":32,"key":"LIFT"},{"data":"3","floor":40,"key":"LIFT"},{"data":"Genetic Algorithm","floor":42,"key":"SMITH"},{"floor":44,"key":"DIG"},{"floor":49,"key":"DIG"}],"neow_cost":"","seed_source_timestamp":0,"circlet_count":0,"master_deck":["Strike_B","Strike_B","Strike_B","Strike_B","Defend_B+1","Defend_B+1","Defend_B","Defend_B+1","Zap","Dualcast","Panache","Mayhem+1","Swift Strike","Swift Strike","Jack Of All Trades+1","Magnetism+1","Rip and Tear","All For One","Go for the Eyes+1","Genetic Algorithm+1","Scrape","Self Repair+1","Defragment+1","Gash+1","Static Discharge+1","Sadistic Nature+1"],"special_seed":18151,"relics":["Cracked Core","Kunai","Shuriken","Frozen Egg 2","Regal Pillow","Mummified Hand","Happy Flower","Tiny Chest","PreservedInsect","Busted Crown","War Paint","Emotion Chip","Bottled Lightning","Girya","Anchor","Letter Opener","Singing Bowl","Torii","Dead Branch","Pantograph","Philosopher\u0027s Stone","Sundial","Dream Catcher","Bird Faced Urn","Mercury Hourglass","Frozen Eye","Pen Nib","Shovel","Boot","Potion Belt","DataDisk","Turnip","Bronze Scales"],"potions_floor_usage":[20,24,24,50,50],"damage_taken":[{"damage":9,"enemies":"2 Louse","floor":1,"turns":3},{"damage":0,"enemies":"Small Slimes","floor":2,"turns":2},{"damage":0,"enemies":"Cultist","floor":3,"turns":3},{"damage":6,"enemies":"Looter","floor":7,"turns":3},{"damage":10,"enemies":"3 Louse","floor":8,"turns":2},{"damage":2,"enemies":"Blue Slaver","floor":11,"turns":2},{"damage":30,"enemies":"The Guardian","floor":16,"turns":8},{"damage":18,"enemies":"Shell Parasite","floor":18,"turns":3},{"damage":18,"enemies":"2 Thieves","floor":20,"turns":2},{"damage":16,"enemies":"Chosen and Byrds","floor":22,"turns":4},{"damage":4,"enemies":"Book of Stabbing","floor":24,"turns":2},{"damage":1,"enemies":"Shelled Parasite and Fungi","floor":27,"turns":2},{"damage":1,"enemies":"Centurion and Healer","floor":28,"turns":3},{"damage":0,"enemies":"Snecko","floor":30,"turns":3},{"damage":16,"enemies":"3 Cultists","floor":31,"turns":4},{"damage":17,"enemies":"Champ","floor":33,"turns":5},{"damage":9,"enemies":"Orb Walker","floor":35,"turns":2},{"damage":5,"enemies":"3 Shapes","floor":36,"turns":3},{"damage":0,"enemies":"Transient","floor":45,"turns":5},{"damage":1,"enemies":"Nemesis","floor":46,"turns":3},{"damage":10,"enemies":"Spire Growth","floor":47,"turns":3},{"damage":51,"enemies":"Time Eater","floor":50,"turns":6}],"seed_played":"-4731178760956062909","potions_obtained":[{"floor":1,"key":"FearPotion"},{"floor":8,"key":"Regen Potion"},{"floor":18,"key":"Block Potion"},{"floor":20,"key":"AttackPotion"},{"floor":27,"key":"SteroidPotion"},{"floor":31,"key":"SpeedPotion"},{"floor":35,"key":"Fire Potion"},{"floor":47,"key":"Block Potion"}],"is_trial":false,"path_per_floor":["M","M","M","?","?","R","M","M","T","?","M","?","$","?","R","B",null,"M","?","M","?","M","R","E","R","T","M","M","?","M","M","R","B",null,"M","M","$","?","$","R","?","R","T","R","M","E","M","$","R","B",null],"character_chosen":"DEFECT","items_purchased":["Magnetism+1","Rip and Tear","Bird Faced Urn","Scrape","Self Repair+1","Mercury Hourglass","Frozen Eye","Pen Nib","Defragment+1","Static Discharge+1","Sadistic Nature+1"],"campfire_rested":2,"item_purchase_floors":[13,13,37,37,37,39,39,39,39,48,48],"current_hp_per_floor":[66,66,66,59,59,59,53,43,43,43,41,41,41,30,67,37,75,57,57,44,44,28,65,61,61,61,60,59,59,59,43,43,53,77,68,63,63,63,63,63,63,63,63,63,77,77,67,67,67,44],"gold":28,"neow_bonus":"","is_prod":false,"is_daily":true,"chose_seed":false,"campfire_upgraded":2,"win_rate":0,"timestamp":1568263633,"path_taken":["M","M","M","?","?","R","M","M","T","?","?","?","$","?","R","BOSS","M","?","M","?","M","R","E","R","T","M","?","?","M","M","R","BOSS","M","M","$","?","$","R","?","R","T","R","M","E","?","$","R","BOSS"],"build_version":"2019-07-17","purchased_purges":2,"victory":true,"max_hp_per_floor":[75,75,75,75,75,75,75,75,75,75,75,75,75,75,75,75,75,75,75,75,75,75,75,75,75,75,75,75,75,75,75,75,77,77,77,77,77,77,77,77,77,77,77,77,77,77,77,77,77,77],"card_choices":[{"not_picked":["Biased Cognition+1","Rainbow"],"picked":"All For One","floor":16},{"not_picked":[],"picked":"Go for the Eyes+1","floor":24},{"not_picked":["Biased Cognition+1"],"picked":"Singing Bowl","floor":33},{"not_picked":[],"picked":"Gash+1","floor":46}],"player_experience":140118,"relics_obtained":[{"floor":1,"key":"Kunai"},{"floor":2,"key":"Shuriken"},{"floor":3,"key":"Frozen Egg 2"},{"floor":7,"key":"Mummified Hand"},{"floor":8,"key":"Happy Flower"},{"floor":9,"key":"Tiny Chest"},{"floor":11,"key":"PreservedInsect"},{"floor":18,"key":"War Paint"},{"floor":20,"key":"Bottled Lightning"},{"floor":22,"key":"Girya"},{"floor":24,"key":"Anchor"},{"floor":26,"key":"Letter Opener"},{"floor":27,"key":"Singing Bowl"},{"floor":28,"key":"Torii"},{"floor":30,"key":"Dead Branch"},{"floor":31,"key":"Pantograph"},{"floor":35,"key":"Sundial"},{"floor":36,"key":"Dream Catcher"},{"floor":43,"key":"Shovel"},{"floor":44,"key":"Boot"},{"floor":45,"key":"Potion Belt"},{"floor":46,"key":"DataDisk"},{"floor":47,"key":"Turnip"},{"floor":49,"key":"Bronze Scales"}],"event_choices":[{"damage_healed":0,"gold_gain":0,"player_choice":"Success","damage_taken":7,"relics_obtained":["Regal Pillow"],"max_hp_gain":0,"max_hp_loss":0,"event_name":"Scrap Ooze","floor":4,"gold_loss":0},{"damage_healed":0,"gold_gain":0,"player_choice":"Grow","damage_taken":0,"max_hp_gain":0,"max_hp_loss":0,"event_name":"Living Wall","floor":5,"gold_loss":0,"cards_upgraded":["Jack Of All Trades"]},{"damage_healed":0,"gold_gain":0,"player_choice":"Upgraded","damage_taken":0,"max_hp_gain":0,"max_hp_loss":0,"event_name":"Upgrade Shrine","floor":10,"gold_loss":0,"cards_upgraded":["Defend_B"]},{"damage_healed":0,"gold_gain":0,"player_choice":"Leave","damage_taken":0,"max_hp_gain":0,"max_hp_loss":0,"event_name":"The Cleric","floor":12,"gold_loss":0},{"damage_healed":0,"gold_gain":75,"player_choice":"Gather Gold","damage_taken":11,"max_hp_gain":0,"max_hp_loss":0,"event_name":"World of Goop","floor":14,"gold_loss":0},{"damage_healed":0,"gold_gain":0,"player_choice":"Obtained Relic","damage_taken":0,"relics_obtained":["Emotion Chip"],"max_hp_gain":0,"max_hp_loss":0,"event_name":"Addict","floor":19,"gold_loss":85},{"damage_healed":0,"gold_gain":0,"player_choice":"Ignored","damage_taken":0,"max_hp_gain":0,"max_hp_loss":0,"event_name":"N\u0027loth","floor":21,"gold_loss":0},{"damage_healed":0,"gold_gain":0,"player_choice":"Read","damage_taken":0,"max_hp_gain":0,"max_hp_loss":0,"event_name":"The Library","floor":29,"gold_loss":0,"cards_obtained":["Genetic Algorithm"]},{"damage_healed":0,"gold_gain":999,"player_choice":"Gold","damage_taken":0,"max_hp_gain":0,"max_hp_loss":0,"event_name":"MindBloom","floor":38,"gold_loss":0,"cards_obtained":["Normality","Normality"]},{"damage_healed":0,"gold_gain":0,"cards_transformed":["Normality"],"player_choice":"Transformed","damage_taken":0,"max_hp_gain":0,"max_hp_loss":0,"event_name":"Transmorgrifier","floor":41,"gold_loss":0,"cards_obtained":["Writhe"]}],"is_beta":false,"boss_relics":[{"not_picked":["Nuclear Battery","Calling Bell"],"picked":"Busted Crown"},{"not_picked":["Velvet Choker","White Beast Statue"],"picked":"Philosopher\u0027s Stone"}],"items_purged_floors":[39,48],"is_endless":false,"potions_floor_spawned":[1,8,18,20,27,31,35,36,47],"ascension_level":0}