{"gold_per_floor":[114,131,144,160,180,207,207,221,244,244,276,276,296,334,334,464,464,485,501,526,451,474,474],"floor_reached":23,"playtime":1369,"items_purged":[],"score":217,"play_id":"91c01b67-c8a6-46b4-8541-4362507914f3","local_time":"20190728190656","is_ascension_mode":false,"campfire_choices":[{"floor":7,"key":"RECALL"},{"data":"Armaments","floor":10,"key":"SMITH"},{"data":"Armaments","floor":15,"key":"SMITH"}],"neow_cost":"NONE","seed_source_timestamp":1011631701988157,"circlet_count":0,"master_deck":["Strike_R","Strike_R","Strike_R","Defend_R","Defend_R","Defend_R","Defend_R","Bash","Rage","Armaments+1","Rage","Immolate","Double Tap","Armaments+1","Headbutt","Pommel Strike","Anger","Feed","Carnage+1","Second Wind+1","Second Wind","Reckless Charge","Headbutt","Cleave"],"relics":["Burning Blood","Centennial Puzzle","Juzu Bracelet","Paper Frog","Golden Idol","Boot","Astrolabe"],"potions_floor_usage":[6,11,14,16,23,23],"damage_taken":[{"damage":10,"enemies":"Cultist","floor":1,"turns":4},{"damage":2,"enemies":"Jaw Worm","floor":2,"turns":3},{"damage":0,"enemies":"Small Slimes","floor":3,"turns":4},{"damage":9,"enemies":"Exordium Thugs","floor":4,"turns":4},{"damage":16,"enemies":"Lots of Slimes","floor":5,"turns":8},{"damage":1,"enemies":"3 Sentries","floor":6,"turns":3},{"damage":9,"enemies":"2 Fungi Beasts","floor":8,"turns":3},{"damage":34,"enemies":"Lagavulin","floor":11,"turns":6},{"damage":10,"enemies":"Looter","floor":13,"turns":2},{"damage":8,"enemies":"Gremlin Nob","floor":14,"turns":3},{"damage":34,"enemies":"Hexaghost","floor":16,"turns":10},{"damage":8,"enemies":"Chosen","floor":18,"turns":4},{"damage":7,"enemies":"Shell Parasite","floor":19,"turns":7},{"damage":44,"enemies":"Centurion and Healer","floor":20,"turns":6},{"damage":17,"enemies":"Snecko","floor":22,"turns":4},{"damage":50,"enemies":"Slavers","floor":23,"turns":5}],"seed_played":"7926204843947412243","potions_obtained":[{"floor":1,"key":"Regen Potion"},{"floor":5,"key":"Fire Potion"},{"floor":6,"key":"BloodPotion"},{"floor":13,"key":"Regen Potion"},{"floor":16,"key":"EssenceOfSteel"},{"floor":19,"key":"Regen Potion"},{"floor":22,"key":"Strength Potion"}],"is_trial":false,"path_per_floor":["M","M","M","M","M","E","R","M","T","R","E","?","M","E","R","B",null,"M","M","M","?","M","E"],"character_chosen":"IRONCLAD","items_purchased":[],"campfire_rested":0,"item_purchase_floors":[],"current_hp_per_floor":[76,80,80,77,67,72,72,69,69,69,61,61,57,64,64,51,80,78,77,42,42,31,0],"gold":474,"neow_bonus":"RANDOM_COMMON_RELIC","is_prod":false,"is_daily":false,"chose_seed":false,"campfire_upgraded":2,"win_rate":0,"timestamp":1564333616,"path_taken":["M","M","M","M","M","E","R","M","T","R","E","?","M","E","R","BOSS","M","M","M","?","M","E"],"build_version":"2019-07-17","purchased_purges":0,"victory":false,"max_hp_per_floor":[80,80,80,80,80,80,80,80,80,80,80,80,80,80,80,80,80,80,80,83,83,83,83],"card_choices":[{"not_picked":["Power Through","Anger"],"picked":"Rage","floor":1},{"not_picked":["Metallicize","Perfected Strike"],"picked":"Armaments","floor":2},{"not_picked":["True Grit","Havoc","Body Slam"],"picked":"SKIP","floor":3},{"not_picked":["Evolve","Perfected Strike"],"picked":"Rage","floor":4},{"not_picked":["Hemokinesis","Flex"],"picked":"Immolate","floor":5},{"not_picked":["Rupture","Cleave"],"picked":"Double Tap","floor":6},{"not_picked":["Spot Weakness","Metallicize"],"picked":"Armaments","floor":8},{"not_picked":["Hemokinesis","Ghostly Armor"],"picked":"Headbutt","floor":11},{"not_picked":["Heavy Blade","Twin Strike"],"picked":"Pommel Strike","floor":13},{"not_picked":["Shrug It Off","Rampage"],"picked":"Anger","floor":14},{"not_picked":["Impervious","Reaper"],"picked":"Feed","floor":16},{"not_picked":["Carnage","Clash"],"picked":"Second Wind","floor":18},{"not_picked":["Second Wind+1","Shrug It Off"],"picked":"Reckless Charge","floor":19},{"not_picked":["Rampage+1","Warcry"],"picked":"Headbutt","floor":20},{"not_picked":["Perfected Strike+1","Heavy Blade"],"picked":"Cleave","floor":22}],"player_experience":115242,"relics_obtained":[{"floor":6,"key":"Juzu Bracelet"},{"floor":11,"key":"Paper Frog"},{"floor":14,"key":"Boot"}],"event_choices":[{"damage_healed":0,"gold_gain":0,"player_choice":"Take Wound","damage_taken":0,"relics_obtained":["Golden Idol"],"max_hp_gain":0,"max_hp_loss":0,"event_name":"Golden Idol","floor":12,"gold_loss":0,"cards_obtained":["Injury"]},{"cards_removed":["Decay"],"damage_healed":0,"gold_gain":0,"player_choice":"Gave Gold","damage_taken":0,"max_hp_gain":0,"max_hp_loss":0,"event_name":"Beggar","floor":21,"gold_loss":75}],"is_beta":false,"boss_relics":[{"not_picked":["Lizard Tail","Empty Cage"],"picked":"Astrolabe"}],"items_purged_floors":[],"is_endless":false,"potions_floor_spawned":[1,5,6,13,16,19,22],"killed_by":"Slavers","ascension_level":0}