{"gold_per_floor":[113,44,44,44,59,85,85,103,103,122,122,136,151,162,162,258,258,273,287,307,42,91,125,143,159,182,182,182,200,200,220,220,220],"floor_reached":33,"playtime":3320,"items_purged":[],"score":273,"play_id":"aaa06bc4-602f-480b-b8cf-60f1c8358936","local_time":"20190831070540","is_ascension_mode":false,"campfire_choices":[{"data":"Metallicize","floor":7,"key":"SMITH"},{"floor":11,"key":"REST"},{"floor":15,"key":"REST"},{"floor":28,"key":"REST"},{"floor":30,"key":"REST"},{"data":"Double Tap","floor":32,"key":"SMITH"}],"neow_cost":"","seed_source_timestamp":0,"circlet_count":0,"master_deck":["Strike_R","Strike_R","Strike_R","Strike_R","Strike_R","Defend_R","Bash+1","Perfected Strike","Rampage","Metallicize+1","Ghostly Armor","Iron Wave","Sword Boomerang","Headbutt","Clothesline","Blood for Blood","Reaper+1","Headbutt+1","Carnage+1","Carnage+1","Clash","Cleave+1","Metallicize","Forethought","Cleave","Searing Blow","Anger+1","Twin Strike","Double Tap+1","Flex+1"],"special_seed":0,"relics":["Burning Blood","Ornamental Fan","Matryoshka","Astrolabe","Anchor","Bag of Marbles","Ancient Tea Set","Bottled Tornado","Darkstone Periapt","Blood Vial"],"potions_floor_usage":[12,16,33,33],"damage_taken":[{"damage":9.0,"enemies":"Cultist","floor":1.0,"turns":4.0},{"damage":0,"enemies":"2 Louse","floor":5,"turns":2},{"damage":33,"enemies":"Lagavulin","floor":6,"turns":6},{"damage":3,"enemies":"Small Slimes","floor":8,"turns":4},{"damage":21,"enemies":"Exordium Wildlife","floor":10,"turns":5},{"damage":0,"enemies":"Lots of Slimes","floor":12,"turns":1},{"damage":8,"enemies":"Blue Slaver","floor":13,"turns":4},{"damage":6,"enemies":"Large Slime","floor":14,"turns":6},{"damage":33,"enemies":"The Guardian","floor":16,"turns":10},{"damage":15,"enemies":"Spheric Guardian","floor":18,"turns":4},{"damage":19,"enemies":"3 Byrds","floor":19,"turns":5},{"damage":12,"enemies":"3 Cultists","floor":20,"turns":5},{"damage":28,"enemies":"Book of Stabbing","floor":23,"turns":4},{"damage":15,"enemies":"Cultist and Chosen","floor":24,"turns":5},{"damage":34,"enemies":"Centurion and Healer","floor":25,"turns":6},{"damage":4,"enemies":"Snecko","floor":29,"turns":3},{"damage":15,"enemies":"Sentry and Sphere","floor":31,"turns":4},{"damage":77,"enemies":"Champ","floor":33,"turns":10}],"seed_played":"5394929776461386268","potions_obtained":[{"floor":5,"key":"Explosive Potion"},{"floor":8,"key":"Explosive Potion"},{"floor":10,"key":"GamblersBrew"},{"floor":14,"key":"SteroidPotion"},{"floor":18,"key":"Poison Potion"},{"floor":29,"key":"AttackPotion"}],"is_trial":false,"path_per_floor":["M","$","?","$","M","E","R","M","T","M","R","M","M","M","R","B",null,"M","M","M","$","T","E","M","M","T","?","R","M","R","M","R","B"],"character_chosen":"IRONCLAD","items_purchased":["Rampage","Forethought","Anchor","Cleave"],"campfire_rested":4,"item_purchase_floors":[2,21,21,21],"current_hp_per_floor":[77,77,77,77,80,53,53,56,56,41,65,71,69,69,80,53,80,71,64,58,58,58,36,35,19,19,19,43,47,71,69,69,0],"gold":220,"neow_bonus":"","is_prod":false,"is_daily":false,"chose_seed":false,"campfire_upgraded":2,"win_rate":0.0,"timestamp":1567227940,"path_taken":["M","?","?","$","M","E","R","M","T","M","R","M","M","M","R","BOSS","M","M","M","?","?","E","M","?","T","?","R","M","R","M","R","BOSS"],"build_version":"2019-07-17","purchased_purges":0,"victory":false,"max_hp_per_floor":[80,80,80,80,80,80,80,80,80,80,80,80,80,80,80,80,80,80,80,80,80,80,80,80,80,80,80,80,80,80,80,80,80],"card_choices":[{"not_picked":["Flex","Anger"],"picked":"Perfected Strike","floor":1.0},{"not_picked":["Second Wind","Carnage"],"picked":"Metallicize","floor":5},{"not_picked":["Thunderclap","Disarm"],"picked":"Ghostly Armor","floor":6},{"not_picked":["Pommel Strike","Flex"],"picked":"Iron Wave","floor":8},{"not_picked":["Offering","Corruption"],"picked":"Sword Boomerang","floor":10},{"not_picked":["Perfected Strike","Shrug It Off"],"picked":"Headbutt","floor":12},{"not_picked":["Shrug It Off","Headbutt"],"picked":"Clothesline","floor":13},{"not_picked":["Flex","Iron Wave"],"picked":"Blood for Blood","floor":14},{"not_picked":["Offering","Bludgeon"],"picked":"Reaper","floor":16},{"not_picked":["Anger","Thunderclap"],"picked":"Clash","floor":18},{"not_picked":["Disarm","Thunderclap"],"picked":"Cleave+1","floor":19},{"not_picked":["Clothesline","Sever Soul"],"picked":"Metallicize","floor":20},{"not_picked":["Flame Barrier","Armaments"],"picked":"Searing Blow","floor":23},{"not_picked":["Sever Soul+1","Perfected Strike"],"picked":"Anger+1","floor":24},{"not_picked":["Body Slam+1","Rupture"],"picked":"Twin Strike","floor":25},{"not_picked":["Flame Barrier+1","Perfected Strike"],"picked":"Double Tap","floor":29},{"not_picked":["Perfected Strike","Uppercut"],"picked":"Flex+1","floor":31}],"player_experience":0,"relics_obtained":[{"floor":6,"key":"Ornamental Fan"},{"floor":9,"key":"Matryoshka"},{"floor":22,"key":"Bag of Marbles"},{"floor":22,"key":"Ancient Tea Set"},{"floor":23,"key":"Bottled Tornado"},{"floor":26,"key":"Darkstone Periapt"},{"floor":26,"key":"Blood Vial"}],"event_choices":[{"damage_healed":0.0,"max_hp_gain":0.0,"max_hp_loss":0.0,"gold_gain":0.0,"event_name":"Accursed Blacksmith","player_choice":"Forge","floor":3.0,"gold_loss":0.0,"damage_taken":0.0,"cards_upgraded":["Bash"]},{"damage_healed":0,"gold_gain":0,"player_choice":"Upgraded","damage_taken":0,"max_hp_gain":0,"max_hp_loss":0,"event_name":"Upgrade Shrine","floor":27,"gold_loss":0,"cards_upgraded":["Reaper"]}],"is_beta":false,"boss_relics":[{"not_picked":["Empty Cage","Coffee Dripper"],"picked":"Astrolabe"}],"items_purged_floors":[],"is_endless":false,"potions_floor_spawned":[5,8,10,14,18,25,29],"killed_by":"Champ","ascension_level":0}