{"gold_per_floor":[119,129,140,140,215,215,247,85,85,114,114,114,114,131,131,226,226,243,253,266,266,84,84,109,109,109,121,149,149,175,190,190,288,288,307,323,323,323,1322,1322,281,606,629,629,629,655,655,683,683,683],"floor_reached":50,"playtime":3538,"items_purged":["Strike_G","Writhe","Normality"],"score":760,"play_id":"783791de-a98a-4b16-9aca-97f642c37d47","local_time":"20190913201348","is_ascension_mode":true,"campfire_choices":[{"data":"Neutralize","floor":6,"key":"SMITH"},{"floor":11,"key":"REST"},{"data":"Crippling Poison","floor":13,"key":"SMITH"},{"data":"Concentrate","floor":15,"key":"SMITH"},{"data":"Noxious Fumes","floor":23,"key":"SMITH"},{"floor":29,"key":"REST"},{"floor":32,"key":"REST"},{"data":"Bullet Time","floor":40,"key":"SMITH"},{"data":"Metamorphosis","floor":45,"key":"SMITH"},{"floor":49,"key":"REST"}],"neow_cost":"NONE","seed_source_timestamp":2766933185186900,"circlet_count":0,"master_deck":["Survivor+1","Neutralize+1","Blur+1","Concentrate+1","Backstab","Discovery","Catalyst","Grand Finale","Crippling Poison+1","Dodge and Roll","Corpse Explosion","Underhanded Strike","Cloak And Dagger+1","Noxious Fumes+1","Infinite Blades","Flying Knee","All Out Attack","PiercingWail+1","Terror","Bullet Time+1","Venomology","Predator","Reflex","Flying Knee","Footwork","Flechettes","Cloak And Dagger","Deflect","Endless Agony","Blur","Escape Plan+1","Writhe","Normality","Footwork","Metamorphosis+1","Cloak And Dagger","Metamorphosis","Magnetism","Jack Of All Trades","Footwork"],"relics":["Runic Pyramid","Dead Branch","Thread and Needle","Snake Skull","Black Star","War Paint","Red Mask","The Specimen","Calipers","PreservedInsect","Boot","Pantograph","Pandora\u0027s Box","Turnip","Vajra","HandDrill","Old Coin","Ancient Tea Set","Bronze Scales","Smiling Mask","Ninja Scroll","Juzu Bracelet"],"potions_floor_usage":[7,10,18,33,36,48,50,50],"damage_taken":[{"damage":0,"enemies":"2 Louse","floor":1,"turns":3},{"damage":4,"enemies":"Small Slimes","floor":2,"turns":4},{"damage":1,"enemies":"Cultist","floor":3,"turns":5},{"damage":39,"enemies":"Lagavulin","floor":7,"turns":11},{"damage":0,"enemies":"3 Sentries","floor":10,"turns":3},{"damage":0,"enemies":"Large Slime","floor":14,"turns":2},{"damage":2,"enemies":"Slime Boss","floor":16,"turns":7},{"damage":0,"enemies":"3 Byrds","floor":18,"turns":2},{"damage":0,"enemies":"Chosen","floor":19,"turns":6},{"damage":0,"enemies":"Snake Plant","floor":20,"turns":5},{"damage":19,"enemies":"Masked Bandits","floor":24,"turns":4},{"damage":2,"enemies":"3 Cultists","floor":27,"turns":3},{"damage":17,"enemies":"Book of Stabbing","floor":28,"turns":5},{"damage":16,"enemies":"Slavers","floor":30,"turns":3},{"damage":15,"enemies":"Sentry and Sphere","floor":31,"turns":5},{"damage":70,"enemies":"Automaton","floor":33,"turns":8},{"damage":16,"enemies":"3 Darklings","floor":35,"turns":4},{"damage":2,"enemies":"3 Shapes","floor":36,"turns":4},{"damage":8,"enemies":"Reptomancer","floor":42,"turns":4},{"damage":8,"enemies":"Giant Head","floor":48,"turns":6},{"damage":95,"enemies":"Time Eater","floor":50,"turns":7}],"seed_played":"2110964014080248846","potions_obtained":[{"floor":3,"key":"Fire Potion"},{"floor":7,"key":"SkillPotion"},{"floor":10,"key":"LiquidBronze"},{"floor":18,"key":"Ancient Potion"},{"floor":20,"key":"Dexterity Potion"},{"floor":30,"key":"SpeedPotion"},{"floor":33,"key":"PowerPotion"},{"floor":48,"key":"Strength Potion"}],"is_trial":false,"path_per_floor":["M","M","M","?","?","R","E","$","T","E","R","?","R","M","R","B",null,"M","M","M","?","$","R","?","$","T","M","E","R","E","M","R","B",null,"M","M","?","?","?","R","$","E","T","?","R","T","?","E","R","B"],"character_chosen":"THE_SILENT","items_purchased":["Discovery","Noxious Fumes","Turnip","Vajra","HandDrill","Footwork","Metamorphosis"],"campfire_rested":4,"item_purchase_floors":[8,22,41,41,41,41,41],"current_hp_per_floor":[70,66,65,70,59,59,20,20,20,20,42,42,42,42,42,40,75,75,75,75,75,75,75,56,56,56,54,37,59,43,28,50,5,75,59,57,75,75,75,75,75,67,67,67,67,67,57,49,71,0],"gold":683,"neow_bonus":"BOSS_RELIC","is_prod":false,"is_daily":false,"chose_seed":false,"campfire_upgraded":6,"win_rate":0,"timestamp":1568398428,"path_taken":["M","M","M","?","?","R","E","$","T","E","R","?","R","M","R","BOSS","M","M","?","?","$","R","?","?","T","M","E","R","E","M","R","BOSS","M","M","?","?","?","R","$","E","T","?","R","?","?","E","R","BOSS"],"build_version":"2019-07-17","purchased_purges":3,"victory":false,"max_hp_per_floor":[70,70,70,75,75,75,75,75,75,75,75,75,75,75,75,75,75,75,75,75,75,75,75,75,75,75,75,75,75,75,75,75,75,75,75,75,75,75,75,75,75,75,75,75,75,75,75,75,75,75],"card_choices":[{"not_picked":["PiercingWail","Quick Slash"],"picked":"Blur","floor":1},{"not_picked":["Quick Slash","Cloak And Dagger"],"picked":"Concentrate","floor":2},{"not_picked":["Dodge and Roll","Acrobatics","Dagger Throw"],"picked":"SKIP","floor":3},{"not_picked":["Masterful Stab","Endless Agony"],"picked":"Backstab","floor":7},{"not_picked":["Dagger Spray","Acrobatics"],"picked":"Catalyst","floor":10},{"not_picked":["Dagger Spray","Riddle With Holes"],"picked":"Dodge and Roll","floor":14},{"not_picked":["Burst","Unload"],"picked":"Corpse Explosion","floor":16},{"not_picked":["Prepared","Expertise"],"picked":"Slice","floor":18},{"not_picked":["Caltrops","Quick Slash+1"],"picked":"Underhanded Strike","floor":19},{"not_picked":["Deflect","Distraction"],"picked":"Cloak And Dagger+1","floor":20},{"not_picked":["Dagger Throw","Blade Dance"],"picked":"Infinite Blades","floor":24},{"not_picked":["Prepared","Acrobatics"],"picked":"Flying Knee","floor":27},{"not_picked":["Flechettes+1","Choke"],"picked":"All Out Attack","floor":28},{"not_picked":["Slice","Prepared"],"picked":"PiercingWail+1","floor":30},{"not_picked":["Dash","PiercingWail+1"],"picked":"Terror","floor":31},{"not_picked":["Phantasmal Killer","Wraith Form v2"],"picked":"Bullet Time","floor":33},{"not_picked":["Underhanded Strike+1","Slice"],"picked":"Blur","floor":35},{"not_picked":["Blade Dance+1","Sucker Punch+1"],"picked":"Escape Plan+1","floor":36},{"not_picked":["Expertise+1","Flying Knee"],"picked":"Cloak And Dagger","floor":42},{"not_picked":["Dark Shackles","The Bomb"],"picked":"Metamorphosis","floor":47},{"not_picked":["Panacea","Bandage Up"],"picked":"Magnetism","floor":47},{"not_picked":["Swift Strike","Madness"],"picked":"Jack Of All Trades","floor":47},{"not_picked":["Cloak And Dagger+1","Deadly Poison+1"],"picked":"Footwork","floor":48}],"player_experience":170491,"relics_obtained":[{"floor":7,"key":"Dead Branch"},{"floor":9,"key":"Thread and Needle"},{"floor":10,"key":"Snake Skull"},{"floor":24,"key":"Red Mask"},{"floor":26,"key":"The Specimen"},{"floor":28,"key":"Calipers"},{"floor":28,"key":"PreservedInsect"},{"floor":30,"key":"Boot"},{"floor":30,"key":"Pantograph"},{"floor":42,"key":"Old Coin"},{"floor":42,"key":"Ancient Tea Set"},{"floor":43,"key":"Bronze Scales"},{"floor":46,"key":"Smiling Mask"},{"floor":48,"key":"Ninja Scroll"},{"floor":48,"key":"Juzu Bracelet"}],"event_choices":[{"damage_healed":0,"gold_gain":0,"player_choice":"Donut","damage_taken":0,"max_hp_gain":5,"max_hp_loss":0,"event_name":"Big Fish","floor":4,"gold_loss":0},{"damage_healed":0,"gold_gain":75,"player_choice":"Gather Gold","damage_taken":11,"max_hp_gain":0,"max_hp_loss":0,"event_name":"World of Goop","floor":5,"gold_loss":0},{"damage_healed":0,"gold_gain":0,"player_choice":"2 cards matched","damage_taken":0,"max_hp_gain":0,"max_hp_loss":0,"event_name":"Match and Keep!","floor":12,"gold_loss":0,"cards_obtained":["Grand Finale","Crippling Poison"]},{"damage_healed":0,"gold_gain":0,"player_choice":"Opened","damage_taken":0,"relics_obtained":["War Paint"],"max_hp_gain":0,"max_hp_loss":0,"event_name":"The Mausoleum","floor":21,"gold_loss":0,"cards_obtained":["Writhe"]},{"damage_healed":0,"gold_gain":0,"player_choice":"Fought Bandits","damage_taken":0,"max_hp_gain":0,"max_hp_loss":0,"event_name":"Masked Bandits","floor":24,"gold_loss":0},{"damage_healed":19,"gold_gain":0,"player_choice":"Writhe","damage_taken":0,"max_hp_gain":0,"max_hp_loss":0,"event_name":"Winding Halls","floor":37,"gold_loss":0,"cards_obtained":["Writhe"]},{"cards_removed":["Slice"],"damage_healed":0,"gold_gain":0,"player_choice":"Removed Attack","damage_taken":0,"max_hp_gain":0,"max_hp_loss":0,"event_name":"Falling","floor":38,"gold_loss":0},{"damage_healed":0,"gold_gain":999,"player_choice":"Gold","damage_taken":0,"max_hp_gain":0,"max_hp_loss":0,"event_name":"MindBloom","floor":39,"gold_loss":0,"cards_obtained":["Normality","Normality"]},{"damage_healed":0,"gold_gain":0,"player_choice":"Ignored","damage_taken":0,"max_hp_gain":0,"max_hp_loss":0,"event_name":"Tomb of Lord Red Mask","floor":44,"gold_loss":0},{"damage_healed":0,"gold_gain":0,"player_choice":"Memory 3","damage_taken":10,"max_hp_gain":0,"max_hp_loss":0,"event_name":"SensoryStone","floor":47,"gold_loss":0}],"is_beta":false,"boss_relics":[{"not_picked":["Philosopher\u0027s Stone","Fusion Hammer"],"picked":"Black Star"},{"not_picked":["Orrery","WristBlade"],"picked":"Pandora\u0027s Box"}],"items_purged_floors":[8,22,41],"is_endless":false,"potions_floor_spawned":[3,7,10,18,20,30,33,42,48],"killed_by":"Time Eater","ascension_level":4}