{"gold_per_floor":[114,126,126,126,145,145,156,156,156,172,172,247,247,266,266,370,370,380,380,231,251,267,267,278,291,291,36,51,51,51,62,62,160,160,178,192,192,192,202,202,0,0,24,24,24,24,24,43,43,43],"floor_reached":50,"playtime":917,"items_purged":["Defend_R"],"score":485,"play_id":"d7fa6473-0844-4a2b-be57-df3d331cfe95","local_time":"20190907211246","is_ascension_mode":false,"campfire_choices":[{"data":"Cleave","floor":6,"key":"SMITH"},{"data":"Heavy Blade","floor":11,"key":"SMITH"},{"data":"Demon Form","floor":15,"key":"SMITH"},{"data":"Double Tap","floor":23,"key":"SMITH"},{"floor":30,"key":"REST"},{"data":"Heavy Blade","floor":32,"key":"SMITH"},{"data":"Whirlwind","floor":40,"key":"SMITH"},{"data":"Inflame","floor":42,"key":"SMITH"},{"data":"Heavy Blade","floor":44,"key":"SMITH"},{"floor":49,"key":"REST"}],"neow_cost":"NONE","seed_source_timestamp":689579910112100,"circlet_count":0,"master_deck":["Strike_R+1","Strike_R+1","Strike_R+1","Strike_R+1","Strike_R+1","Defend_R+1","Defend_R+1","Bash+1","Thunderclap+1","Anger+1","Cleave+1","Perfected Strike+1","Heavy Blade+1","Demon Form+1","Double Tap+1","Pommel Strike+1","Inflame+1","Flex+1","Heavy Blade+1","Thunderclap+1","Whirlwind+1","Heavy Blade+1","Heavy Blade+1","Trip+1"],"relics":["Burning Blood","Pantograph","Self Forming Clay","Busted Crown","Nloth\u0027s Gift","Bottled Lightning","Whetstone","Mercury Hourglass","Eternal Feather","Spirit Poop","Red Mask","Lantern","Mark of the Bloom"],"potions_floor_usage":[16,22,28,28,33,33,33,33,33,33,47,47],"damage_taken":[{"damage":0,"enemies":"Jaw Worm","floor":1,"turns":1},{"damage":0,"enemies":"2 Louse","floor":2,"turns":1},{"damage":0,"enemies":"Small Slimes","floor":5,"turns":1},{"damage":0,"enemies":"Exordium Wildlife","floor":7,"turns":2},{"damage":5,"enemies":"Lots of Slimes","floor":10,"turns":3},{"damage":0,"enemies":"2 Fungi Beasts","floor":14,"turns":1},{"damage":50,"enemies":"Hexaghost","floor":16,"turns":6},{"damage":20,"enemies":"2 Thieves","floor":18,"turns":2},{"damage":10,"enemies":"Chosen","floor":21,"turns":2},{"damage":12,"enemies":"3 Cultists","floor":22,"turns":4},{"damage":27,"enemies":"Sentry and Sphere","floor":24,"turns":4},{"damage":10,"enemies":"Cultist and Chosen","floor":25,"turns":4},{"damage":6,"enemies":"Shelled Parasite and Fungi","floor":28,"turns":2},{"damage":21,"enemies":"Snake Plant","floor":31,"turns":2},{"damage":42,"enemies":"Automaton","floor":33,"turns":5},{"damage":11,"enemies":"3 Shapes","floor":35,"turns":2},{"damage":17,"enemies":"Orb Walker","floor":36,"turns":3},{"damage":23,"enemies":"Jaw Worm Horde","floor":39,"turns":3},{"damage":0,"enemies":"Writhing Mass","floor":47,"turns":1},{"damage":8,"enemies":"3 Darklings","floor":48,"turns":3},{"damage":101,"enemies":"Awakened One","floor":50,"turns":6}],"seed_played":"-1658062072164172227","potions_obtained":[{"floor":5,"key":"Dexterity Potion"},{"floor":7,"key":"EssenceOfSteel"},{"floor":10,"key":"Ancient Potion"},{"floor":14,"key":"Swift Potion"},{"floor":24,"key":"Ancient Potion"},{"floor":25,"key":"EntropicBrew"},{"floor":33,"key":"Poison Potion"}],"is_trial":false,"path_per_floor":["M","M","?","?","M","R","M","T","T","M","R","?","?","M","R","B",null,"M","?","$","M","M","R","M","M","T","$","M","?","R","M","R","B",null,"M","M","?","?","M","R","?","R","T","R","$","?","M","M","R","B"],"character_chosen":"IRONCLAD","items_purchased":["Regen Potion","Flex","Heavy Blade","Whetstone"],"campfire_rested":2,"item_purchase_floors":[20,27,27,27],"current_hp_per_floor":[80,80,64,64,70,70,76,76,76,77,77,66,59,65,65,36,80,66,66,66,62,68,68,47,43,43,43,43,43,67,52,52,41,80,75,64,64,64,47,59,59,71,71,80,80,80,80,72,72,0],"gold":43,"neow_bonus":"THREE_ENEMY_KILL","is_prod":false,"is_daily":false,"chose_seed":false,"campfire_upgraded":8,"win_rate":0,"timestamp":1567883566,"path_taken":["M","M","?","?","M","R","M","?","T","M","R","?","?","M","R","BOSS","M","?","$","M","M","R","?","M","T","$","M","?","R","M","R","BOSS","M","M","?","?","?","R","?","R","T","R","$","?","M","M","R","BOSS"],"build_version":"2019-07-17","purchased_purges":1,"victory":false,"max_hp_per_floor":[80,80,80,80,80,80,80,80,80,80,80,80,80,80,80,80,80,80,80,80,80,80,80,80,80,80,80,80,80,80,80,80,80,80,80,80,80,80,80,80,80,80,80,80,80,80,80,80,80,80],"card_choices":[{"not_picked":["Warcry","Pommel Strike"],"picked":"Thunderclap","floor":1},{"not_picked":["Dual Wield","Battle Trance"],"picked":"Anger","floor":2},{"not_picked":["Disarm","Body Slam"],"picked":"Cleave","floor":5},{"not_picked":["Anger","Headbutt"],"picked":"Perfected Strike","floor":7},{"not_picked":["Fire Breathing","Feel No Pain"],"picked":"Heavy Blade","floor":10},{"not_picked":["Pommel Strike","Havoc"],"picked":"Demon Form","floor":14},{"not_picked":["Impervious","Dark Embrace"],"picked":"Double Tap","floor":16},{"not_picked":[],"picked":"Pommel Strike+1","floor":18},{"not_picked":[],"picked":"Inflame","floor":21},{"not_picked":["Pommel Strike"],"picked":"SKIP","floor":22},{"not_picked":["Warcry"],"picked":"SKIP","floor":24},{"not_picked":["Havoc"],"picked":"SKIP","floor":25},{"not_picked":[],"picked":"Thunderclap","floor":28},{"not_picked":[],"picked":"Whirlwind","floor":31},{"not_picked":[],"picked":"Heavy Blade+1","floor":35},{"not_picked":[],"picked":"Heavy Blade","floor":36},{"not_picked":[],"picked":"Trip","floor":37},{"not_picked":["Havoc"],"picked":"SKIP","floor":39},{"not_picked":["Sentinel+1"],"picked":"SKIP","floor":48}],"player_experience":214036,"relics_obtained":[{"floor":8,"key":"Pantograph"},{"floor":9,"key":"Self Forming Clay"},{"floor":26,"key":"Bottled Lightning"},{"floor":43,"key":"Lantern"}],"event_choices":[{"damage_healed":0,"gold_gain":0,"player_choice":"Entered Light","damage_taken":16,"max_hp_gain":0,"max_hp_loss":0,"event_name":"Shining Light","floor":3,"gold_loss":0,"cards_upgraded":["Strike_R","Defend_R"]},{"damage_healed":0,"gold_gain":0,"player_choice":"Grow","damage_taken":0,"max_hp_gain":0,"max_hp_loss":0,"event_name":"Living Wall","floor":4,"gold_loss":0,"cards_upgraded":["Thunderclap"]},{"damage_healed":0,"gold_gain":75,"player_choice":"Gather Gold","damage_taken":11,"max_hp_gain":0,"max_hp_loss":0,"event_name":"World of Goop","floor":12,"gold_loss":0},{"cards_removed":["Defend_R"],"damage_healed":0,"gold_gain":0,"player_choice":"Card Removal","damage_taken":7,"max_hp_gain":0,"max_hp_loss":0,"event_name":"Golden Wing","floor":13,"gold_loss":0},{"damage_healed":0,"gold_gain":0,"player_choice":"Traded Relic","damage_taken":0,"relics_obtained":["Nloth\u0027s Gift"],"max_hp_gain":0,"max_hp_loss":0,"event_name":"N\u0027loth","floor":19,"relics_lost":["NeowsBlessing"],"gold_loss":0},{"damage_healed":0,"gold_gain":0,"player_choice":"Stole Relic","damage_taken":0,"relics_obtained":["Mercury Hourglass"],"max_hp_gain":0,"max_hp_loss":0,"event_name":"Addict","floor":29,"gold_loss":0,"cards_obtained":["Shame"]},{"damage_healed":0,"gold_gain":0,"player_choice":"Memory 1","damage_taken":0,"max_hp_gain":0,"max_hp_loss":0,"event_name":"SensoryStone","floor":37,"gold_loss":0},{"cards_removed":["Shame"],"damage_healed":0,"gold_gain":0,"player_choice":"Offered Curse","damage_taken":0,"relics_obtained":["Spirit Poop"],"max_hp_gain":0,"max_hp_loss":0,"event_name":"Bonfire Elementals","floor":38,"gold_loss":0},{"damage_healed":0,"gold_gain":0,"player_choice":"Paid","damage_taken":0,"relics_obtained":["Red Mask"],"max_hp_gain":0,"max_hp_loss":0,"event_name":"Tomb of Lord Red Mask","floor":41,"gold_loss":202},{"damage_healed":0,"gold_gain":0,"player_choice":"Upgrade","damage_taken":0,"relics_obtained":["Mark of the Bloom"],"max_hp_gain":0,"max_hp_loss":0,"event_name":"MindBloom","floor":46,"gold_loss":0,"cards_upgraded":["Strike_R","Strike_R","Defend_R","Bash","Anger","Perfected Strike","Flex","Thunderclap","Trip"]}],"is_beta":false,"boss_relics":[{"not_picked":["Coffee Dripper","Orrery"],"picked":"Busted Crown"},{"not_picked":["Snecko Eye","Runic Cube"],"picked":"Eternal Feather"}],"items_purged_floors":[20],"is_endless":false,"potions_floor_spawned":[5,7,10,14,24,25,33,47],"killed_by":"Awakened One","ascension_level":0}