{"gold_per_floor":[118,131,131,147,147,178,178,192,192,210,243,243,0,16,16,109,109,129,9,23,23,48,88,88,108,134,169,182,202,221,245,245,341,341,361,361,376,709,723,754,754,754],"floor_reached":42,"playtime":3306,"items_purged":["Shame"],"score":994,"play_id":"3e523506-c609-4a2b-8600-ec70d0f5c661","local_time":"20191006174859","is_ascension_mode":true,"campfire_choices":[{"floor":7.0,"key":"REST"},{"data":"Zap","floor":12.0,"key":"SMITH"},{"data":"Stack","floor":15.0,"key":"SMITH"},{"data":"Buffer","floor":24.0,"key":"SMITH"},{"data":"Defragment","floor":32.0,"key":"SMITH"},{"floor":41.0,"key":"REST"}],"neow_cost":"NONE","seed_source_timestamp":673476242093700,"circlet_count":0,"master_deck":["AscendersBane","Strike_B","Defend_B","Defend_B","Defend_B","Defend_B","Zap+1","Dualcast","Conserve Battery","Cold Snap","Injury","Self Repair","Rebound","Melter","Hologram","Leap","Stack","Stack+1","Echo Form","Coolheaded","Coolheaded","Buffer+1","Skim","Gash","Defragment+1","Streamline","Writhe","Go for the Eyes+1","Tempest","Defragment","Sunder+1","Electrodynamics","Force Field+1","Buffer+1","Hologram","Double Energy+1"],"special_seed":0,"relics":["Cursed Key","Incense Burner","Symbiotic Virus","Bottled Lightning","Membership Card","Sozu","Bag of Preparation","Cables","Ancient Tea Set","Sundial","Black Star","Calipers","Matryoshka"],"potions_floor_usage":[],"damage_taken":[{"damage":7.0,"enemies":"Small Slimes","floor":1.0,"turns":3.0},{"damage":0.0,"enemies":"Jaw Worm","floor":2.0,"turns":4.0},{"damage":2.0,"enemies":"Cultist","floor":4.0,"turns":5.0},{"damage":37.0,"enemies":"3 Sentries","floor":6.0,"turns":13.0},{"damage":2.0,"enemies":"2 Fungi Beasts","floor":8.0,"turns":4.0},{"damage":3.0,"enemies":"Blue Slaver","floor":10.0,"turns":4.0},{"damage":5.0,"enemies":"Lagavulin","floor":11.0,"turns":7.0},{"damage":10.0,"enemies":"Gremlin Gang","floor":14.0,"turns":5.0},{"damage":20.0,"enemies":"The Guardian","floor":16.0,"turns":14.0},{"damage":15.0,"enemies":"Shell Parasite","floor":18.0,"turns":4.0},{"damage":12.0,"enemies":"3 Byrds","floor":20.0,"turns":8.0},{"damage":7.0,"enemies":"Centurion and Healer","floor":22.0,"turns":14.0},{"damage":28.0,"enemies":"Book of Stabbing","floor":23.0,"turns":9.0},{"damage":0.0,"enemies":"Cultist and Chosen","floor":25.0,"turns":7.0},{"damage":4.0,"enemies":"Gremlin Leader","floor":27.0,"turns":11.0},{"damage":22.0,"enemies":"Shelled Parasite and Fungi","floor":28.0,"turns":7.0},{"damage":3.0,"enemies":"Centurion and Healer","floor":29.0,"turns":10.0},{"damage":11.0,"enemies":"Snake Plant","floor":30.0,"turns":6.0},{"damage":20.0,"enemies":"3 Cultists","floor":31.0,"turns":6.0},{"damage":27.0,"enemies":"Collector","floor":33.0,"turns":15.0},{"damage":0.0,"enemies":"3 Shapes","floor":35.0,"turns":4.0},{"damage":3.0,"enemies":"Orb Walker","floor":37.0,"turns":3.0},{"damage":12.0,"enemies":"Jaw Worm Horde","floor":39.0,"turns":6.0},{"damage":48.0,"enemies":"Nemesis","floor":40.0,"turns":9.0},{"damage":50,"enemies":"Reptomancer","floor":42,"turns":2}],"seed_played":"-6019472247643663470","potions_obtained":[{"floor":6.0,"key":"EssenceOfSteel"},{"floor":10.0,"key":"PowerPotion"},{"floor":11.0,"key":"Explosive Potion"},{"floor":14.0,"key":"Block Potion"}],"is_trial":false,"path_per_floor":["M","M","?","M","?","E","R","M","T","M","E","R","$","M","R","B",null,"M","$","M","?","M","E","R","M","T","E","M","M","M","M","R","B",null,"M","?","M","?","M","E","R","E"],"character_chosen":"DEFECT","items_purchased":["Membership Card","PowerPotion","Bag of Preparation"],"campfire_rested":2,"item_purchase_floors":[13,13,19],"current_hp_per_floor":[57,57,57,55,55,25,46,51,51,55,57,57,57,54,54,41,64,56,56,51,51,58,44,44,51,51,61,53,57,60,54,54,34,62,62,62,66,66,61,20,41,0],"gold":754,"neow_bonus":"BOSS_RELIC","is_prod":false,"is_daily":false,"chose_seed":false,"campfire_upgraded":4,"win_rate":0,"timestamp":1570376939,"path_taken":["M","M","?","M","?","E","R","M","T","?","E","R","$","M","R","BOSS","M","$","M","?","M","E","R","M","T","E","M","M","M","M","R","BOSS","M","?","?","?","M","E","R","E"],"build_version":"2019-07-17","purchased_purges":1,"victory":false,"max_hp_per_floor":[71,71,71,71,71,71,71,71,71,71,71,71,71,71,71,71,71,71,71,71,71,71,71,71,71,71,71,71,71,71,71,71,71,71,71,71,71,71,71,71,71,71],"card_choices":[{"not_picked":["Compile Driver","Stack"],"picked":"Conserve Battery","floor":1.0},{"not_picked":["Compile Driver","Barrage"],"picked":"Cold Snap","floor":2.0},{"not_picked":["Steam","Conserve Battery"],"picked":"Self Repair","floor":4.0},{"not_picked":["Heatsinks","Redo"],"picked":"Melter","floor":6.0},{"not_picked":["Compile Driver","Barrage"],"picked":"Hologram","floor":8.0},{"not_picked":["Biased Cognition","Sweeping Beam"],"picked":"Leap","floor":10.0},{"not_picked":["Leap","Steam"],"picked":"Stack","floor":11.0},{"not_picked":["Static Discharge","Chaos"],"picked":"Stack","floor":14.0},{"not_picked":["Machine Learning","Biased Cognition"],"picked":"Echo Form","floor":16.0},{"not_picked":["Gash","Steam"],"picked":"Coolheaded","floor":18.0},{"not_picked":["Redo","Gash"],"picked":"Coolheaded","floor":20.0},{"not_picked":["Aggregate","Scrape+1"],"picked":"Gash","floor":22.0},{"not_picked":["Core Surge","Leap"],"picked":"Defragment","floor":23.0},{"not_picked":["Consume","Skim"],"picked":"Streamline","floor":25.0},{"not_picked":["FTL","Chaos"],"picked":"Go for the Eyes+1","floor":27.0},{"not_picked":["Turbo","Compile Driver"],"picked":"Tempest","floor":28.0},{"not_picked":["Sweeping Beam","Undo+1","Streamline"],"picked":"SKIP","floor":29.0},{"not_picked":["Sweeping Beam","Leap"],"picked":"Defragment","floor":30.0},{"not_picked":["Cold Snap","Force Field+1"],"picked":"Sunder+1","floor":31.0},{"not_picked":["Echo Form","Meteor Strike"],"picked":"Electrodynamics","floor":33.0},{"not_picked":["Ball Lightning","Leap"],"picked":"Force Field+1","floor":35.0},{"not_picked":["Leap","Compile Driver"],"picked":"Hologram","floor":37.0},{"not_picked":["Go for the Eyes","Cold Snap"],"picked":"Double Energy+1","floor":39.0},{"not_picked":["Fusion","Sunder","Sweeping Beam+1"],"picked":"SKIP","floor":40.0}],"player_experience":425459,"relics_obtained":[{"floor":6.0,"key":"Incense Burner"},{"floor":9.0,"key":"Symbiotic Virus"},{"floor":11.0,"key":"Bottled Lightning"},{"floor":23.0,"key":"Cables"},{"floor":26.0,"key":"Ancient Tea Set"},{"floor":27.0,"key":"Sundial"},{"floor":40.0,"key":"Calipers"},{"floor":40.0,"key":"Matryoshka"}],"event_choices":[{"damage_healed":0.0,"max_hp_gain":0.0,"max_hp_loss":0.0,"gold_gain":0.0,"event_name":"Golden Idol","player_choice":"Take Wound","floor":3.0,"gold_loss":0.0,"damage_taken":0.0,"relics_obtained":["Golden Idol"],"cards_obtained":["Injury"]},{"damage_healed":0.0,"max_hp_gain":0.0,"max_hp_loss":0.0,"gold_gain":0.0,"cards_transformed":["Strike_B"],"event_name":"Transmorgrifier","player_choice":"Transformed","floor":5.0,"gold_loss":0.0,"damage_taken":0.0,"cards_obtained":["Rebound"]},{"damage_healed":0.0,"max_hp_gain":0.0,"max_hp_loss":0.0,"gold_gain":0.0,"cards_transformed":["Strike_B","Strike_B"],"event_name":"Drug Dealer","player_choice":"Became Test Subject","floor":21.0,"gold_loss":0.0,"damage_taken":0.0,"cards_obtained":["Buffer","Skim"]},{"damage_healed":0.0,"max_hp_gain":0.0,"max_hp_loss":0.0,"gold_gain":0.0,"event_name":"Duplicator","player_choice":"Copied","floor":36.0,"gold_loss":0.0,"damage_taken":0.0,"cards_obtained":["Buffer"]},{"damage_healed":0.0,"max_hp_gain":0.0,"max_hp_loss":0.0,"gold_gain":333.0,"event_name":"The Moai Head","player_choice":"Gave Idol","floor":38.0,"relics_lost":["Golden Idol"],"gold_loss":0.0,"damage_taken":0.0}],"is_beta":false,"boss_relics":[{"not_picked":["Busted Crown","Ectoplasm"],"picked":"Sozu"},{"not_picked":["Coffee Dripper","White Beast Statue"],"picked":"Black Star"}],"items_purged_floors":[19],"is_endless":false,"potions_floor_spawned":[6,10,11,14,20,23,27,28,35],"killed_by":"Reptomancer","ascension_level":19}