{"gold_per_floor":[13,27,27,102,102,129,129,159,228,228,228,263,283,317,317,391,391,411,426,436,90,90,101,131,131,131,131,144,170,182,222,234,322,334,363,39,55,72,89,122,122,152,178,194,194,209,224,241,241,241],"floor_reached":51,"playtime":3153,"items_purged":["Strike_B"],"score":1324,"play_id":"dae52e94-0303-4c76-aa1c-7703085ccc13","local_time":"20190927073013","is_ascension_mode":true,"campfire_choices":[{"floor":7.0,"key":"REST"},{"floor":11.0,"key":"REST"},{"data":"Stack","floor":15.0,"key":"SMITH"},{"data":"Electrodynamics","floor":25.0,"key":"SMITH"},{"floor":27.0,"key":"REST"},{"data":"White Noise","floor":30.0,"key":"SMITH"},{"floor":32.0,"key":"REST"},{"data":"Chill","floor":41.0,"key":"SMITH"},{"data":"Defragment","floor":49,"key":"SMITH"}],"neow_cost":"NO_GOLD","seed_source_timestamp":3930746675447000,"circlet_count":0,"master_deck":["AscendersBane","Strike_B","Defend_B","Defend_B","Defend_B","Defend_B","Zap","Dualcast","Barrage","Stack+1","Self Repair","Consume+1","Blizzard","Leap","Heatsinks","Doom and Gloom","Echo Form","Streamline+1","Self Repair+1","BootSequence","Loop+1","FTL+1","Electrodynamics+1","Conserve Battery","White Noise+1","Redo+1","Cold Snap","Stack","Echo Form","Conserve Battery+1","Chill+1","Capacitor","Reinforced Body","Hello World","Stack+1","Cold Snap+1","White Noise+1","Leap+1","Parasite","Steam+1","FTL+1","Defragment+1"],"special_seed":0,"relics":["Cracked Core","Pocketwatch","Omamori","PreservedInsect","Dream Catcher","Bottled Tornado","Ornamental Fan","Matryoshka","Cursed Key","Runic Capacitor","Pear","Ancient Tea Set","Kunai","MawBank","Gremlin Horn","Runic Dome","Oddly Smooth Stone","FossilizedHelix","Symbiotic Virus","Smiling Mask","Orichalcum"],"potions_floor_usage":[47,50,50],"damage_taken":[{"damage":3.0,"enemies":"Small Slimes","floor":1.0,"turns":4.0},{"damage":1.0,"enemies":"2 Louse","floor":2.0,"turns":3.0},{"damage":21.0,"enemies":"3 Sentries","floor":6.0,"turns":10.0},{"damage":7.0,"enemies":"Lagavulin","floor":8.0,"turns":7.0},{"damage":35.0,"enemies":"3 Sentries","floor":12.0,"turns":7.0},{"damage":0.0,"enemies":"Cultist","floor":13.0,"turns":4.0},{"damage":23.0,"enemies":"Gremlin Nob","floor":14.0,"turns":4.0},{"damage":22.0,"enemies":"The Guardian","floor":16.0,"turns":10.0},{"damage":24.0,"enemies":"Shell Parasite","floor":18.0,"turns":7.0},{"damage":7.0,"enemies":"Chosen","floor":19.0,"turns":4.0},{"damage":31.0,"enemies":"Sentry and Sphere","floor":20.0,"turns":7.0},{"damage":24.0,"enemies":"Snake Plant","floor":23.0,"turns":4.0},{"damage":17.0,"enemies":"Book of Stabbing","floor":24.0,"turns":4.0},{"damage":25.0,"enemies":"Shelled Parasite and Fungi","floor":28.0,"turns":5.0},{"damage":26.0,"enemies":"Slavers","floor":29.0,"turns":3.0},{"damage":21.0,"enemies":"Book of Stabbing","floor":31.0,"turns":4.0},{"damage":39.0,"enemies":"Automaton","floor":33.0,"turns":7.0},{"damage":34.0,"enemies":"3 Darklings","floor":35.0,"turns":5.0},{"damage":14.0,"enemies":"3 Shapes","floor":37.0,"turns":2.0},{"damage":1.0,"enemies":"Maw","floor":38.0,"turns":8.0},{"damage":0.0,"enemies":"Spire Growth","floor":39.0,"turns":6.0},{"damage":45.0,"enemies":"Reptomancer","floor":40.0,"turns":5.0},{"damage":0,"enemies":"Giant Head","floor":42,"turns":7},{"damage":0,"enemies":"Sphere and 2 Shapes","floor":44,"turns":3},{"damage":26,"enemies":"Writhing Mass","floor":46,"turns":6},{"damage":0,"enemies":"Spire Growth","floor":47,"turns":5},{"damage":0,"enemies":"Sphere and 2 Shapes","floor":48,"turns":4},{"damage":9,"enemies":"Donu and Deca","floor":50,"turns":7}],"seed_played":"1640829035505690764","potions_obtained":[{"floor":2.0,"key":"SkillPotion"},{"floor":6.0,"key":"SkillPotion"},{"floor":14.0,"key":"Weak Potion"},{"floor":20.0,"key":"Regen Potion"},{"floor":23.0,"key":"FocusPotion"},{"floor":29.0,"key":"Block Potion"},{"floor":31.0,"key":"FocusPotion"},{"floor":38.0,"key":"Dexterity Potion"},{"floor":47,"key":"Strength Potion"}],"is_trial":false,"path_per_floor":["M","M","?","?","?","E","R","E","T","?","R","E","M","E","R","B",null,"M","M","M","$","?","M","E","R","T","R","M","E","R","E","R","B",null,"M","$","M","M","M","E","R","E","T","M","?","M","M","M","R","B",null],"character_chosen":"DEFECT","items_purchased":["Runic Capacitor","Loop","Oddly Smooth Stone","Chill","Capacitor","Block Potion"],"campfire_rested":4,"item_purchase_floors":[21,21,36,36,36,36],"current_hp_per_floor":[65,64,64,53,46,25,47,47,47,47,69,41,48,32,32,17,61,44,37,33,33,33,26,48,48,48,73,65,49,49,45,70,48,76,62,62,55,61,85,57,57,74,74,81,81,82,85,85,85,85],"gold":241,"neow_bonus":"ONE_RARE_RELIC","is_prod":false,"is_daily":false,"chose_seed":false,"campfire_upgraded":5,"win_rate":0,"timestamp":1569562213,"path_taken":["M","M","?","?","?","E","R","E","T","?","R","E","M","E","R","BOSS","M","M","?","$","?","M","E","R","T","R","?","E","R","E","R","BOSS","M","$","M","M","M","E","R","E","T","M","?","?","?","M","R","BOSS"],"build_version":"2019-07-17","purchased_purges":1,"victory":true,"max_hp_per_floor":[75,75,75,75,75,75,75,75,75,75,75,75,75,75,75,75,75,75,75,75,75,75,75,85,85,85,85,85,85,85,85,85,85,85,85,85,85,85,85,85,85,85,85,85,85,85,85,85,85,85],"card_choices":[{"not_picked":["Hologram","Turbo"],"picked":"Barrage","floor":1.0},{"not_picked":["Sweeping Beam","Hologram"],"picked":"Stack","floor":2.0},{"not_picked":["Biased Cognition","Beam Cell"],"picked":"Self Repair","floor":6.0},{"not_picked":["Self Repair","Leap"],"picked":"Consume","floor":8.0},{"not_picked":["Barrage","Skim"],"picked":"Blizzard","floor":11.0},{"not_picked":["Go for the Eyes","Aggregate"],"picked":"Leap","floor":12.0},{"not_picked":["Redo","Compile Driver"],"picked":"Heatsinks","floor":13.0},{"not_picked":["Heatsinks","Compile Driver"],"picked":"Doom and Gloom","floor":14.0},{"not_picked":["Fission","Seek"],"picked":"Echo Form","floor":16.0},{"not_picked":["Cold Snap","Genetic Algorithm"],"picked":"Streamline+1","floor":18.0},{"not_picked":["Fusion","Redo"],"picked":"Self Repair+1","floor":19.0},{"not_picked":["Core Surge","Steam"],"picked":"BootSequence","floor":20.0},{"not_picked":["Barrage","Redo"],"picked":"FTL+1","floor":23.0},{"not_picked":["Leap","Go for the Eyes"],"picked":"Electrodynamics","floor":24.0},{"not_picked":["Compile Driver+1","Rebound"],"picked":"Conserve Battery","floor":27.0},{"not_picked":["Heatsinks","Cold Snap"],"picked":"White Noise","floor":28.0},{"not_picked":["Genetic Algorithm","Barrage"],"picked":"Redo+1","floor":29.0},{"not_picked":["Steam Power","Scrape"],"picked":"Cold Snap","floor":31.0},{"not_picked":["Sunder","Beam Cell"],"picked":"Stack","floor":32.0},{"not_picked":["Core Surge","Hyperbeam"],"picked":"Echo Form","floor":33.0},{"not_picked":["Rebound","Beam Cell"],"picked":"Conserve Battery+1","floor":35.0},{"not_picked":["Beam Cell","Gash"],"picked":"Reinforced Body","floor":37.0},{"not_picked":["Streamline","Sweeping Beam"],"picked":"Hello World","floor":38.0},{"not_picked":["Beam Cell","Auto Shields+1"],"picked":"Stack+1","floor":39.0},{"not_picked":["Self Repair+1","Amplify"],"picked":"Cold Snap+1","floor":40.0},{"not_picked":["Blizzard","Consume+1"],"picked":"White Noise+1","floor":42},{"not_picked":["Compile Driver","Aggregate"],"picked":"Leap+1","floor":44},{"not_picked":["Ball Lightning+1","Rebound"],"picked":"Steam+1","floor":46},{"not_picked":["Chaos","Leap"],"picked":"FTL+1","floor":47},{"not_picked":["Cold Snap","Undo"],"picked":"Defragment","floor":48}],"player_experience":349580,"relics_obtained":[{"floor":6.0,"key":"PreservedInsect"},{"floor":8.0,"key":"Dream Catcher"},{"floor":9.0,"key":"Bottled Tornado"},{"floor":12.0,"key":"Ornamental Fan"},{"floor":14.0,"key":"Matryoshka"},{"floor":24.0,"key":"Pear"},{"floor":26.0,"key":"Ancient Tea Set"},{"floor":26.0,"key":"Kunai"},{"floor":29.0,"key":"MawBank"},{"floor":31.0,"key":"Gremlin Horn"},{"floor":40.0,"key":"FossilizedHelix"},{"floor":42,"key":"Symbiotic Virus"},{"floor":43,"key":"Smiling Mask"},{"floor":43,"key":"Orichalcum"}],"event_choices":[{"cards_removed":["Strike_B"],"damage_healed":0.0,"max_hp_gain":0.0,"max_hp_loss":0.0,"gold_gain":0.0,"event_name":"Living Wall","player_choice":"Forget","floor":3.0,"gold_loss":0.0,"damage_taken":0.0},{"damage_healed":0.0,"max_hp_gain":0.0,"max_hp_loss":0.0,"gold_gain":75.0,"event_name":"World of Goop","player_choice":"Gather Gold","floor":4.0,"gold_loss":0.0,"damage_taken":11.0},{"damage_healed":0.0,"max_hp_gain":0.0,"max_hp_loss":0.0,"gold_gain":0.0,"event_name":"Scrap Ooze","player_choice":"Success","floor":5.0,"gold_loss":0.0,"damage_taken":7.0,"relics_obtained":["Omamori"]},{"damage_healed":0.0,"max_hp_gain":0.0,"max_hp_loss":0.0,"gold_gain":0.0,"event_name":"Upgrade Shrine","player_choice":"Upgraded","floor":10.0,"gold_loss":0.0,"damage_taken":0.0,"cards_upgraded":["Consume"]},{"damage_healed":0.0,"max_hp_gain":0.0,"max_hp_loss":0.0,"gold_gain":0.0,"event_name":"Accursed Blacksmith","player_choice":"Forge","floor":22.0,"gold_loss":0.0,"damage_taken":0.0,"cards_upgraded":["Loop"]},{"cards_removed":["Strike_B"],"damage_healed":0,"gold_gain":0,"player_choice":"Purged","damage_taken":0,"max_hp_gain":0,"max_hp_loss":0,"event_name":"Purifier","floor":45,"gold_loss":0}],"is_beta":false,"boss_relics":[{"not_picked":["Coffee Dripper","Astrolabe"],"picked":"Cursed Key"},{"not_picked":["Pandora\u0027s Box","Orrery"],"picked":"Runic Dome"}],"items_purged_floors":[21],"is_endless":false,"potions_floor_spawned":[2,6,14,20,23,29,31,38,39,42,47],"ascension_level":13}