{"gold_per_floor":[116,116,136,28,39,51,82,82,382,396,396,429,429,441,441,545,545,530,543,559,559,575,605,325,325,325,335,38,64,64,92,92,196,196,209,220,238,121,136,136,165,178,178,190,290,306,35,55,55,55],"floor_reached":51,"playtime":7428,"items_purged":["Strike_G","Noxious Fumes"],"score":810,"play_id":"f027afd0-fab4-4777-ab98-242c8577dedb","local_time":"20191003144331","is_ascension_mode":true,"campfire_choices":[{"data":"Neutralize","floor":8,"key":"SMITH"},{"data":"Dash","floor":11,"key":"SMITH"},{"floor":13,"key":"REST"},{"data":"Poisoned Stab","floor":15,"key":"SMITH"},{"data":"Envenom","floor":25,"key":"SMITH"},{"data":"Poisoned Stab","floor":30,"key":"SMITH"},{"data":"Crippling Poison","floor":32,"key":"SMITH"},{"data":"PiercingWail","floor":40,"key":"SMITH"},{"data":"Noxious Fumes","floor":49,"key":"SMITH"}],"neow_cost":"NONE","seed_source_timestamp":240442585105400,"circlet_count":0,"master_deck":["Strike_G","Strike_G","Defend_G","Defend_G","Defend_G","Defend_G+1","Survivor+1","Neutralize+1","Crippling Poison+1","Dash+1","PiercingWail+1","Poisoned Stab+1","Envenom+1","Leg Sweep+1","Dodge and Roll+1","Wraith Form v2+1","Acrobatics+1","Backstab","Poisoned Stab+1","Infinite Blades+1","Adrenaline","Noxious Fumes+1","Well Laid Plans","Calculated Gamble","Footwork","Cloak And Dagger+1","Noxious Fumes+1"],"relics":["Ring of the Serpent","Du-Vu Doll","StoneCalendar","Astrolabe","Nloth\u0027s Gift","Dream Catcher","Lee\u0027s Waffle","Kunai","Sling","Anchor","Mummified Hand","Lantern","War Paint","Nunchaku","TwistedFunnel"],"potions_floor_usage":[7,14,16,16,18,23,23,33,33,41,44,44,45,50],"damage_taken":[{"damage":12,"enemies":"Small Slimes","floor":1,"turns":4},{"damage":3,"enemies":"Cultist","floor":3,"turns":5},{"damage":0,"enemies":"2 Louse","floor":5,"turns":2},{"damage":0,"enemies":"Red Slaver","floor":6,"turns":5},{"damage":28,"enemies":"3 Sentries","floor":7,"turns":13},{"damage":6,"enemies":"Lots of Slimes","floor":10,"turns":4},{"damage":24,"enemies":"Lagavulin","floor":12,"turns":10},{"damage":10,"enemies":"Large Slime","floor":14,"turns":7},{"damage":13,"enemies":"The Guardian","floor":16,"turns":11},{"damage":6,"enemies":"2 Thieves","floor":18,"turns":4},{"damage":26,"enemies":"Spheric Guardian","floor":19,"turns":7},{"damage":2,"enemies":"Snecko","floor":20,"turns":7},{"damage":8,"enemies":"Snake Plant","floor":22,"turns":7},{"damage":17,"enemies":"Gremlin Leader","floor":23,"turns":8},{"damage":9,"enemies":"Chosen and Byrds","floor":27,"turns":7},{"damage":19,"enemies":"Slavers","floor":31,"turns":7},{"damage":39,"enemies":"Collector","floor":33,"turns":11},{"damage":1,"enemies":"Orb Walker","floor":35,"turns":4},{"damage":3,"enemies":"3 Darklings","floor":36,"turns":5},{"damage":2,"enemies":"Spire Growth","floor":37,"turns":4},{"damage":5,"enemies":"Maw","floor":39,"turns":7},{"damage":8,"enemies":"Nemesis","floor":41,"turns":7},{"damage":1,"enemies":"4 Shapes","floor":42,"turns":5},{"damage":0,"enemies":"Transient","floor":44,"turns":5},{"damage":0,"enemies":"Mind Bloom Boss Battle","floor":45,"turns":8},{"damage":4,"enemies":"Jaw Worm Horde","floor":46,"turns":5},{"damage":0,"enemies":"4 Shapes","floor":48,"turns":4},{"damage":12,"enemies":"Donu and Deca","floor":50,"turns":8}],"seed_played":"-2843115849445688080","potions_obtained":[{"floor":2,"key":"EntropicBrew"},{"floor":2,"key":"FairyPotion"},{"floor":2,"key":"GhostInAJar"},{"floor":3,"key":"Regen Potion"},{"floor":7,"key":"PowerPotion"},{"floor":18,"key":"Regen Potion"},{"floor":19,"key":"GamblersBrew"},{"floor":31,"key":"Swift Potion"},{"floor":37,"key":"SkillPotion"},{"floor":39,"key":"Poison Potion"},{"floor":41,"key":"Regen Potion"},{"floor":42,"key":"Dexterity Potion"},{"floor":48,"key":"GamblersBrew"}],"is_trial":false,"path_per_floor":["M","?","M","$","M","M","E","R","T","M","R","E","R","M","R","B",null,"M","M","M","?","M","E","$","R","T","M","$","T","R","E","R","B",null,"M","M","M","$","M","R","E","M","T","M","?","M","$","M","R","B",null],"character_chosen":"THE_SILENT","items_purchased":["Crippling Poison","Dash","Lee\u0027s Waffle","Sling","Well Laid Plans","Calculated Gamble","Noxious Fumes","TwistedFunnel"],"campfire_rested":1,"item_purchase_floors":[4,4,24,28,38,38,47,47],"current_hp_per_floor":[65,65,62,62,62,62,49,49,49,43,43,19,42,32,32,19,77,71,45,43,43,35,18,84,84,84,75,75,75,75,56,56,17,84,83,80,78,78,73,73,65,64,64,79,79,75,75,75,75,63],"gold":55,"neow_bonus":"TEN_PERCENT_HP_BONUS","is_prod":false,"is_daily":false,"chose_seed":false,"campfire_upgraded":8,"win_rate":0,"timestamp":1570131811,"path_taken":["M","?","M","?","M","M","E","R","T","M","R","E","R","M","R","BOSS","M","M","M","?","?","E","$","R","T","M","$","?","R","E","R","BOSS","M","M","?","$","M","R","E","M","T","M","?","M","?","M","R","BOSS"],"build_version":"2019-07-17","purchased_purges":2,"victory":true,"max_hp_per_floor":[77,77,77,77,77,77,77,77,77,77,77,77,77,77,77,77,77,77,77,77,77,77,77,84,84,84,84,84,84,84,84,84,84,84,84,84,84,84,84,84,84,84,84,84,84,84,84,84,84,84],"card_choices":[{"not_picked":["Blade Dance","Accuracy","Infinite Blades"],"picked":"SKIP","floor":1},{"not_picked":["Flechettes","Blur","Terror"],"picked":"SKIP","floor":3},{"not_picked":["Deadly Poison","Tactician"],"picked":"PiercingWail","floor":5},{"not_picked":["Tactician","Dagger Spray"],"picked":"Poisoned Stab","floor":6},{"not_picked":["Deflect","Dodge and Roll","Prepared"],"picked":"SKIP","floor":7},{"not_picked":["Underhanded Strike","Cloak And Dagger","Outmaneuver"],"picked":"SKIP","floor":10},{"not_picked":["Leg Sweep","Prepared","Storm of Steel"],"picked":"SKIP","floor":12},{"not_picked":["Predator","Flying Knee","Cloak And Dagger"],"picked":"SKIP","floor":14},{"not_picked":["Night Terror","Burst"],"picked":"Envenom","floor":16},{"not_picked":["Crippling Poison","Flying Knee"],"picked":"Acrobatics+1","floor":18},{"not_picked":["Prepared","Dagger Spray","Expertise"],"picked":"SKIP","floor":19},{"not_picked":["Dodge and Roll","Acrobatics"],"picked":"Backstab","floor":20},{"not_picked":["Dagger Throw","Eviscerate"],"picked":"Poisoned Stab","floor":22},{"not_picked":["Skewer","Blur+1"],"picked":"Noxious Fumes","floor":23},{"not_picked":["Sucker Punch","Terror+1","Prepared"],"picked":"SKIP","floor":27},{"not_picked":["Choke","Backflip+1"],"picked":"Infinite Blades+1","floor":31},{"not_picked":["Bullet Time","Die Die Die"],"picked":"Adrenaline","floor":33},{"not_picked":["Dash+1","Quick Slash","Slice+1"],"picked":"SKIP","floor":35},{"not_picked":["Poisoned Stab+1","Cloak And Dagger+1"],"picked":"Noxious Fumes+1","floor":36},{"not_picked":["Skewer+1","Deadly Poison+1","Masterful Stab"],"picked":"SKIP","floor":37},{"not_picked":["Calculated Gamble","Prepared+1","Finisher+1"],"picked":"SKIP","floor":39},{"not_picked":["Night Terror","Terror+1"],"picked":"Footwork","floor":41},{"not_picked":["Backflip","Calculated Gamble","Quick Slash+1"],"picked":"SKIP","floor":42},{"not_picked":["Sucker Punch+1","Poisoned Stab"],"picked":"Cloak And Dagger+1","floor":44},{"not_picked":["Storm of Steel","Backflip+1","Finisher"],"picked":"SKIP","floor":46},{"not_picked":["Quick Slash+1","Deflect+1","Poisoned Stab+1"],"picked":"SKIP","floor":48}],"player_experience":141871,"relics_obtained":[{"floor":7,"key":"Du-Vu Doll"},{"floor":9,"key":"Old Coin"},{"floor":12,"key":"StoneCalendar"},{"floor":23,"key":"Dream Catcher"},{"floor":26,"key":"Kunai"},{"floor":29,"key":"Anchor"},{"floor":31,"key":"Mummified Hand"},{"floor":41,"key":"Lantern"},{"floor":43,"key":"War Paint"},{"floor":45,"key":"Nunchaku"}],"event_choices":[{"damage_healed":0,"gold_gain":0,"player_choice":"Got Potions","damage_taken":0,"max_hp_gain":0,"max_hp_loss":0,"event_name":"Lab","floor":2,"gold_loss":0},{"damage_healed":0,"gold_gain":0,"player_choice":"Traded Relic","damage_taken":0,"relics_obtained":["Nloth\u0027s Gift"],"max_hp_gain":0,"max_hp_loss":0,"event_name":"N\u0027loth","floor":21,"relics_lost":["Old Coin"],"gold_loss":0},{"damage_healed":0,"gold_gain":0,"player_choice":"Fight","damage_taken":0,"max_hp_gain":0,"max_hp_loss":0,"event_name":"MindBloom","floor":45,"gold_loss":0}],"is_beta":false,"boss_relics":[{"not_picked":["WristBlade","Pandora\u0027s Box"],"picked":"Astrolabe"},{"not_picked":["Calling Bell","Orrery"],"picked":"Ring of the Serpent"}],"items_purged_floors":[24,28],"is_endless":false,"potions_floor_spawned":[3,7,10,12,16,18,19,31,37,39,41,42,48],"ascension_level":3}