{"gold_per_floor":[212,229,247,259,10,38,38,57,57,57,85,102,112,126,126,126],"floor_reached":16,"playtime":1095,"items_purged":[],"score":122,"play_id":"abbdf55b-9222-4b7b-b522-c8eeeee42c39","local_time":"20190815175738","is_ascension_mode":true,"campfire_choices":[{"floor":7,"key":"REST"},{"floor":10,"key":"REST"},{"floor":15,"key":"REST"}],"neow_cost":"NONE","seed_source_timestamp":19181251851000,"circlet_count":0,"master_deck":["Strike_G","Strike_G","Strike_G","Strike_G","Strike_G","Defend_G","Defend_G","Defend_G","Defend_G","Defend_G","Survivor","Neutralize","Dagger Throw","Flying Knee","Bane","Deflect","Escape Plan","Underhanded Strike","Quick Slash","Poisoned Stab","After Image","Heel Hook"],"relics":["Ring of the Snake","Gremlin Horn","Peace Pipe","Omamori"],"potions_floor_usage":[6,6,6,14,16,16,16],"damage_taken":[{"damage":1,"enemies":"Cultist","floor":1,"turns":4},{"damage":0,"enemies":"Small Slimes","floor":2,"turns":2},{"damage":0,"enemies":"Jaw Worm","floor":3,"turns":3},{"damage":16,"enemies":"Lots of Slimes","floor":4,"turns":5},{"damage":22,"enemies":"3 Sentries","floor":6,"turns":11},{"damage":10,"enemies":"Gremlin Gang","floor":8,"turns":5},{"damage":25,"enemies":"Gremlin Nob","floor":11,"turns":5},{"damage":9,"enemies":"Looter","floor":12,"turns":3},{"damage":0,"enemies":"3 Louse","floor":13,"turns":2},{"damage":7,"enemies":"Exordium Thugs","floor":14,"turns":3},{"damage":44,"enemies":"Hexaghost","floor":16,"turns":11}],"seed_played":"-3723015714812208150","potions_obtained":[{"floor":2,"key":"Poison Potion"},{"floor":3,"key":"EntropicBrew"},{"floor":8,"key":"FearPotion"},{"floor":11,"key":"SkillPotion"},{"floor":14,"key":"SteroidPotion"}],"is_trial":false,"path_per_floor":["M","M","M","M","$","E","R","M","T","R","E","M","M","M","R","B"],"character_chosen":"THE_SILENT","items_purchased":["Gremlin Horn"],"campfire_rested":3,"item_purchase_floors":[5],"current_hp_per_floor":[69,69,69,53,53,31,52,42,42,63,38,29,29,22,43,0],"gold":126,"neow_bonus":"HUNDRED_GOLD","is_prod":false,"is_daily":false,"chose_seed":false,"campfire_upgraded":0,"win_rate":0,"timestamp":1565884658,"path_taken":["M","M","M","M","$","E","R","M","T","R","E","M","M","?","R","BOSS"],"build_version":"2019-07-17","purchased_purges":0,"victory":false,"max_hp_per_floor":[70,70,70,70,70,70,70,70,70,70,70,70,70,70,70,70],"card_choices":[{"not_picked":["Blade Dance","Eviscerate"],"picked":"Dagger Throw","floor":1},{"not_picked":["Distraction","Crippling Poison"],"picked":"Flying Knee","floor":2},{"not_picked":["Deflect","Acrobatics"],"picked":"Bane","floor":3},{"not_picked":["Outmaneuver","Phantasmal Killer"],"picked":"Deflect","floor":4},{"not_picked":["Terror","Dagger Spray"],"picked":"Escape Plan","floor":6},{"not_picked":["Blade Dance","Dash"],"picked":"Underhanded Strike","floor":8},{"not_picked":["Outmaneuver","Flying Knee"],"picked":"Quick Slash","floor":11},{"not_picked":["Deadly Poison","Blade Dance"],"picked":"Poisoned Stab","floor":12},{"not_picked":["Outmaneuver","Dagger Spray"],"picked":"After Image","floor":13},{"not_picked":["Cloak And Dagger","Blade Dance"],"picked":"Heel Hook","floor":14}],"player_experience":93267,"relics_obtained":[{"floor":6,"key":"Peace Pipe"},{"floor":11,"key":"Omamori"}],"event_choices":[],"is_beta":false,"boss_relics":[],"items_purged_floors":[],"is_endless":false,"potions_floor_spawned":[2,3,8,11,12,14],"killed_by":"Hexaghost","ascension_level":1}