{"gold_per_floor":[116,134,25,25,43,71,71,84,84,118,293,293,16,28,28,131,131,147,147,163,163,263,295,2,2,2,2,20,33,44,63,63,163,163,181,108,119,19,19,53,53,63,63,63,13,27,43,43,43,43,43,43,18,52,52],"floor_reached":55,"playtime":3672,"items_purged":["Doubt","Writhe","Writhe","Regret"],"score":782,"play_id":"b464b4d0-bea4-4e22-9ed1-e8d434d678be","local_time":"20181102065629","is_ascension_mode":false,"campfire_choices":[{"floor":7.0,"key":"REST"},{"floor":12.0,"key":"RECALL"},{"floor":15.0,"key":"REST"},{"floor":25.0,"key":"REST"},{"floor":32.0,"key":"REST"},{"floor":41.0,"key":"REST"},{"floor":44.0,"key":"REST"},{"floor":49.0,"key":"REST"},{"data":"Malaise","floor":52.0,"key":"SMITH"}],"neow_cost":"NONE","seed_source_timestamp":0,"circlet_count":0,"master_deck":["Defend_G","Defend_G+1","Defend_G","Defend_G","Defend_G","Strike_G","Strike_G","Strike_G","Strike_G","Strike_G","Survivor","Neutralize","Quick Slash","Quick Slash","Backstab+1","Caltrops","Deflect","Deflect","Leg Sweep+1","Noxious Fumes+1","Caltrops+1","Backstab","Endless Agony+1","Die Die Die","Bouncing Flask+1","Caltrops+1","Leg Sweep+1","Die Die Die","Infinite Blades+1","Blur","Deadly Poison","Cloak And Dagger","Dagger Throw+1","Acrobatics","Deflect+1","Malaise+1","Injury","Predator+1","Cloak And Dagger","Footwork+1","Acrobatics","Deflect+1","Slice+1","Deflect+1","Parasite","Accuracy+1","Leg Sweep+1","Slice+1","Accuracy+1","Deadly Poison","Prepared"],"special_seed":0,"relics":["Black Star","Sundial","Frozen Egg 2","Paper Crane","Shuriken","Dodecahedron","DollysMirror","Lizard Tail","Mummified Hand","Turnip","Gremlin Horn","Letter Opener","Question Card","Pear","Calling Bell","Smiling Mask","Ninja Scroll","Unceasing Top","Prayer Wheel","Ice Cream","Matryoshka","Ornamental Fan","Molten Egg 2"],"potions_floor_usage":[],"damage_taken":[{"damage":9.0,"enemies":"Jaw Worm","floor":1.0,"turns":6.0},{"damage":5.0,"enemies":"Small Slimes","floor":2.0,"turns":5.0},{"damage":1.0,"enemies":"Cultist","floor":5.0,"turns":3.0},{"damage":18.0,"enemies":"Lagavulin","floor":6.0,"turns":11.0},{"damage":0.0,"enemies":"Blue Slaver","floor":8.0,"turns":3.0},{"damage":13.0,"enemies":"3 Sentries","floor":10.0,"turns":9.0},{"damage":7.0,"enemies":"Large Slime","floor":14.0,"turns":7.0},{"damage":2.0,"enemies":"Hexaghost","floor":16.0,"turns":9.0},{"damage":0.0,"enemies":"Spheric Guardian","floor":18.0,"turns":3.0},{"damage":2.0,"enemies":"Chosen","floor":20.0,"turns":4.0},{"damage":14.0,"enemies":"Colosseum Slavers","floor":22.0,"turns":4.0},{"damage":43.0,"enemies":"Colosseum Nobs","floor":22.0,"turns":6.0},{"damage":21.0,"enemies":"Book of Stabbing","floor":23.0,"turns":5.0},{"damage":8.0,"enemies":"Centurion and Healer","floor":28.0,"turns":5.0},{"damage":2.0,"enemies":"Snecko","floor":29.0,"turns":4.0},{"damage":13.0,"enemies":"Snake Plant","floor":30.0,"turns":3.0},{"damage":10.0,"enemies":"Shelled Parasite and Fungi","floor":31.0,"turns":5.0},{"damage":31.0,"enemies":"Champ","floor":33.0,"turns":11.0},{"damage":26.0,"enemies":"Orb Walker","floor":35.0,"turns":4.0},{"damage":4.0,"enemies":"3 Shapes","floor":37.0,"turns":3.0},{"damage":26.0,"enemies":"Giant Head","floor":40.0,"turns":8.0},{"damage":0.0,"enemies":"Jaw Worm Horde","floor":42.0,"turns":3.0},{"damage":37.0,"enemies":"Writhing Mass","floor":46.0,"turns":7.0},{"damage":13.0,"enemies":"Spire Growth","floor":47.0,"turns":5.0},{"damage":44.0,"enemies":"Time Eater","floor":50.0,"turns":13.0},{"damage":78,"enemies":"Shield and Spear","floor":54,"turns":7},{"damage":2,"enemies":"The Heart","floor":55,"turns":2}],"seed_played":"4565246436964628088","potions_obtained":[{"floor":1.0,"key":"GhostInAJar"},{"floor":14.0,"key":"AttackPotion"},{"floor":22.0,"key":"Swift Potion"},{"floor":23.0,"key":"Block Potion"},{"floor":28.0,"key":"GamblersBrew"},{"floor":29.0,"key":"Strength Potion"},{"floor":31.0,"key":"SteroidPotion"},{"floor":37.0,"key":"Weak Potion"},{"floor":42.0,"key":"PowerPotion"},{"floor":46.0,"key":"Energy Potion"}],"is_trial":false,"path_per_floor":["M","M","$","?","M","E","R","M","T","E","?","R","$","M","R","B",null,"M","?","M","?","?","E","$","R","T","?","M","M","M","M","R","B",null,"M","$","M","$","?","E","R","M","T","R","$","M","M","?","R","B",null,"R","$","E","B"],"character_chosen":"THE_SILENT","items_purchased":["Backstab","Caltrops","DollysMirror","Backstab","Infinite Blades+1","Blur","Deadly Poison","Block Potion","Cloak And Dagger","Acrobatics","Deadly Poison"],"campfire_rested":7,"item_purchase_floors":[3,3,13,13,24,24,24,24,36,38,53],"current_hp_per_floor":[61,56,56,42,41,23,44,44,44,31,31,31,31,24,45,43,70,70,70,68,68,11,31,31,52,52,62,54,52,39,29,53,22,80,54,54,50,50,50,24,48,48,48,72,72,35,22,22,46,2,80,80,80,2,0],"gold":52,"neow_bonus":"BOSS_RELIC","is_prod":false,"is_daily":false,"chose_seed":false,"campfire_upgraded":1,"win_rate":0,"timestamp":1541156189,"path_taken":["M","M","$","?","M","E","R","M","T","E","?","R","$","M","R","BOSS","M","?","?","?","?","E","$","R","T","?","M","M","M","M","R","BOSS","M","$","M","$","?","E","R","M","T","R","?","M","M","?","R","BOSS","R","$","E","BOSS"],"build_version":"2018-11-01v2","purchased_purges":4,"victory":false,"max_hp_per_floor":[70,70,70,70,70,70,70,70,70,70,70,70,70,70,70,70,70,70,70,70,70,70,70,70,70,70,80,80,80,80,80,80,80,80,80,80,80,80,80,80,80,80,80,80,80,80,80,80,80,80,80,80,80,80,80],"card_choices":[{"not_picked":["Setup","Blade Dance"],"picked":"Quick Slash","floor":1.0},{"not_picked":["Poisoned Stab","Acrobatics"],"picked":"Quick Slash","floor":2.0},{"not_picked":["Predator","PiercingWail"],"picked":"Deflect","floor":5.0},{"not_picked":["Choke","PiercingWail"],"picked":"Deflect","floor":6.0},{"not_picked":["Cloak And Dagger","Backflip"],"picked":"Leg Sweep","floor":8.0},{"not_picked":["Terror","Dodge and Roll"],"picked":"Noxious Fumes+1","floor":10.0},{"not_picked":["Sucker Punch","Poisoned Stab"],"picked":"Endless Agony","floor":14.0},{"not_picked":["Phantasmal Killer","Bullet Time"],"picked":"Die Die Die","floor":16.0},{"not_picked":["Quick Slash","Prepared"],"picked":"Bouncing Flask+1","floor":18.0},{"not_picked":["Escape Plan","Quick Slash"],"picked":"Caltrops+1","floor":20.0},{"not_picked":["Skewer+1","Dodge and Roll"],"picked":"Leg Sweep+1","floor":22.0},{"not_picked":["Flechettes+1","Slice"],"picked":"Die Die Die","floor":23.0},{"not_picked":["Dodge and Roll+1","Backstab","Quick Slash+1"],"picked":"Cloak And Dagger","floor":28.0},{"not_picked":["Die Die Die","Dodge and Roll+1","Distraction"],"picked":"Dagger Throw+1","floor":29.0},{"not_picked":["Bane","Masterful Stab","A Thousand Cuts+1"],"picked":"Acrobatics","floor":30.0},{"not_picked":["Skewer","Riddle With Holes","Prepared"],"picked":"Deflect+1","floor":31.0},{"not_picked":["Doppelganger","Bullet Time","Storm of Steel"],"picked":"Malaise","floor":33.0},{"not_picked":["Eviscerate","Flying Knee","Poisoned Stab"],"picked":"Predator+1","floor":35.0},{"not_picked":["Slice","Heel Hook+1","Endless Agony+1"],"picked":"Footwork+1","floor":37.0},{"not_picked":["Dodge and Roll+1","Poisoned Stab+1","Expertise"],"picked":"Deflect+1","floor":40.0},{"not_picked":["Dagger Throw","Heel Hook+1","Acrobatics"],"picked":"Slice+1","floor":42.0},{"not_picked":["Bane","Expertise","Malaise"],"picked":"Deflect+1","floor":42.0},{"not_picked":["Prepared","Dagger Throw+1","Bane+1"],"picked":"Accuracy+1","floor":46.0},{"not_picked":["Blade Dance+1","Sucker Punch","Acrobatics+1","Leg Sweep+1"],"picked":"SKIP","floor":46.0},{"not_picked":["Blade Dance+1","Sucker Punch","Acrobatics+1"],"picked":"Leg Sweep+1","floor":46.0},{"not_picked":["Backflip","Doppelganger","Acrobatics+1"],"picked":"Slice+1","floor":47.0},{"not_picked":["Dagger Throw","Underhanded Strike","Bane+1"],"picked":"Accuracy+1","floor":47.0},{"not_picked":["Predator+1","Masterful Stab+1","Heel Hook"],"picked":"Prepared","floor":54}],"player_experience":128001,"relics_obtained":[{"floor":6.0,"key":"Sundial"},{"floor":6.0,"key":"Frozen Egg 2"},{"floor":9.0,"key":"Paper Crane"},{"floor":10.0,"key":"Shuriken"},{"floor":10.0,"key":"Dodecahedron"},{"floor":22.0,"key":"Turnip"},{"floor":22.0,"key":"Gremlin Horn"},{"floor":23.0,"key":"Letter Opener"},{"floor":23.0,"key":"Question Card"},{"floor":34.0,"key":"Smiling Mask"},{"floor":34.0,"key":"Ninja Scroll"},{"floor":34.0,"key":"Unceasing Top"},{"floor":40.0,"key":"Prayer Wheel"},{"floor":40.0,"key":"Ice Cream"},{"floor":43.0,"key":"Matryoshka"},{"floor":54,"key":"Ornamental Fan"},{"floor":54,"key":"Molten Egg 2"}],"event_choices":[{"damage_healed":0.0,"max_hp_gain":0.0,"max_hp_loss":0.0,"gold_gain":0.0,"event_name":"Shining Light","player_choice":"Entered Light","floor":4.0,"gold_loss":0.0,"damage_taken":14.0,"cards_upgraded":["Defend_G","Backstab"]},{"damage_healed":0.0,"max_hp_gain":0.0,"max_hp_loss":0.0,"gold_gain":175.0,"event_name":"Liars Game","player_choice":"AGREE","floor":11.0,"gold_loss":0.0,"damage_taken":0.0,"cards_obtained":["Doubt"]},{"damage_healed":0.0,"max_hp_gain":0.0,"max_hp_loss":0.0,"gold_gain":0.0,"event_name":"Upgrade Shrine","player_choice":"Upgraded","floor":19.0,"gold_loss":0.0,"damage_taken":0.0,"cards_upgraded":["Leg Sweep"]},{"damage_healed":0.0,"max_hp_gain":0.0,"max_hp_loss":0.0,"gold_gain":0.0,"event_name":"The Mausoleum","player_choice":"Opened","floor":21.0,"gold_loss":0.0,"damage_taken":0.0,"relics_obtained":["Mummified Hand"],"cards_obtained":["Writhe"]},{"damage_healed":0.0,"max_hp_gain":0.0,"max_hp_loss":0.0,"gold_gain":0.0,"event_name":"Colosseum","player_choice":"Fight","floor":22.0,"gold_loss":0.0,"damage_taken":0.0},{"damage_healed":0.0,"max_hp_gain":0.0,"max_hp_loss":0.0,"gold_gain":0.0,"event_name":"Colosseum","player_choice":"Fought Nobs","floor":22.0,"gold_loss":0.0,"damage_taken":0.0},{"damage_healed":0.0,"max_hp_gain":0.0,"max_hp_loss":0.0,"gold_gain":0.0,"event_name":"WeMeetAgain","player_choice":"Gave Potion","floor":27.0,"gold_loss":0.0,"damage_taken":0.0,"relics_obtained":["Pear"]},{"damage_healed":0.0,"max_hp_gain":0.0,"max_hp_loss":0.0,"gold_gain":0.0,"event_name":"Upgrade Shrine","player_choice":"Upgraded","floor":39.0,"gold_loss":0.0,"damage_taken":0.0,"cards_upgraded":["Endless Agony"]},{"damage_healed":0.0,"max_hp_gain":0.0,"max_hp_loss":0.0,"gold_gain":0.0,"event_name":"The Moai Head","player_choice":"Ignored","floor":48.0,"gold_loss":0.0,"damage_taken":0.0}],"is_beta":true,"boss_relics":[{"not_picked":["Runic Dome","Fusion Hammer"],"picked":"Lizard Tail"},{"not_picked":["Snecko Eye","Runic Pyramid"],"picked":"Calling Bell"}],"items_purged_floors":[24,36,38,45],"is_endless":false,"potions_floor_spawned":[1,14,22,22,23,28,29,31,37,42,46],"killed_by":"The Heart","ascension_level":0}