{"path_per_floor":["M","M","M","M","M","R","E","M","T","$","R","M","$","M","R","B",null,"M","?","M","?","M"],"character_chosen":"DEFECT","items_purchased":["Capacitor","Undo","Coolheaded"],"gold_per_floor":[110,127,142,152,162,162,193,213,213,91,91,106,58,77,77,177,177,194,194,213,138,148,148],"floor_reached":23,"campfire_rested":2,"playtime":1567,"current_hp_per_floor":[59,49,46,43,38,38,19,17,17,17,39,39,39,38,60,48,75,59,59,45,45,29,13],"items_purged":[],"gold":148,"score":197,"play_id":"76f558a3-3b20-47b9-a5be-e80cfcb4ad47","local_time":"20180502110128","is_prod":false,"is_daily":false,"chose_seed":false,"is_ascension_mode":false,"campfire_upgraded":1,"timestamp":1525226488,"path_taken":["M","M","M","M","M","R","E","M","T","$","R","M","$","M","R","BOSS","M","?","?","?","M","E"],"build_version":"2018-05-01","seed_source_timestamp":1681840130720398,"purchased_purges":0,"victory":false,"master_deck":["Strike_B","Strike_B","Strike_B","Defend_B","Defend_B","Defend_B","Defend_B","Zap","Dualcast","Scrape","Storm","Cold Snap","Defragment+1","Capacitor","Go for the Eyes","Undo","Capacitor","Undo","Storm","Coolheaded","Coolheaded","All For One","Cold Snap","Force Field","Static Discharge"],"max_hp_per_floor":[75,75,75,75,75,75,75,75,75,75,75,75,75,75,75,75,75,75,75,75,75,75,75],"relics":["Cracked Core","Girya","Toolbox","Eternal Feather","Matryoshka"],"card_choices":[{"not_picked":["Streamline","Turbo"],"picked":"Scrape","floor":1},{"not_picked":["Hello World","Turbo"],"picked":"Storm","floor":2},{"not_picked":["Leap","Lockon"],"picked":"Cold Snap","floor":3},{"not_picked":["Sweeping Beam","Flux Capacitor"],"picked":"Defragment","floor":4},{"not_picked":["Steam Power","Skim"],"picked":"Capacitor","floor":5},{"not_picked":["Hologram","Tempest"],"picked":"Go for the Eyes","floor":7},{"not_picked":["Rebound","Seek"],"picked":"Undo","floor":8},{"not_picked":["Impulse","Turbo"],"picked":"Storm","floor":12},{"not_picked":["Sweeping Beam","Tempest"],"picked":"Coolheaded","floor":14},{"not_picked":["Reboot","Seek"],"picked":"All For One","floor":16},{"not_picked":["Sweeping Beam","Rebound"],"picked":"Cold Snap","floor":18},{"not_picked":["Coolheaded","Sweeping Beam"],"picked":"Force Field","floor":20},{"not_picked":["Sweeping Beam","Hello World"],"picked":"Static Discharge","floor":22}],"player_experience":11295,"potions_floor_usage":[5,20,20],"damage_taken":[{"damage":16,"enemies":"Jaw Worm","floor":1,"turns":4},{"damage":10,"enemies":"Small Slimes","floor":2,"turns":3},{"damage":3,"enemies":"2 Louse","floor":3,"turns":2},{"damage":3,"enemies":"Large Slime","floor":4,"turns":6},{"damage":5,"enemies":"Gremlin Gang","floor":5,"turns":4},{"damage":19,"enemies":"Gremlin Nob","floor":7,"turns":4},{"damage":2,"enemies":"3 Louse","floor":8,"turns":2},{"damage":0,"enemies":"Large Slime","floor":12,"turns":5},{"damage":17,"enemies":"Exordium Wildlife","floor":14,"turns":4},{"damage":12,"enemies":"Hexaghost","floor":16,"turns":9},{"damage":16,"enemies":"Chosen","floor":18,"turns":5},{"damage":14,"enemies":"2 Thieves","floor":20,"turns":4},{"damage":44,"enemies":"Snake Plant","floor":22,"turns":6},{"damage":16,"enemies":"Book of Stabbing","floor":23,"turns":4}],"event_choices":[{"event_name":"The Mausoleum","player_choice":"Yes","floor":19,"damage_taken":0},{"event_name":"Beggar","player_choice":"Gave Gold","floor":21,"damage_taken":0}],"boss_relics":[{"not_picked":["Ectoplasm","Velvet Choker"],"picked":"Eternal Feather"}],"potions_floor_spawned":[2,4,8,16,20,22],"seed_played":"3759629621762182403","killed_by":"Book of Stabbing","ascension_level":0,"is_trial":false}