{"gold_per_floor":[14,289,299,310,160,186,197,212,295,295,55,55,83,158,158,263,263,280,280,295,148,148,148,174,124,151,161,161],"floor_reached":28,"playtime":786,"items_purged":["Regret"],"score":295,"play_id":"763c1ec1-bed6-4c31-adae-0dc647b7e435","local_time":"20190415113836","is_ascension_mode":true,"campfire_choices":[{"data":"Corruption","floor":12,"key":"SMITH"},{"floor":15,"key":"REST"},{"data":"Rampage","floor":23,"key":"SMITH"}],"neow_cost":"NO_GOLD","seed_source_timestamp":133357159545700,"circlet_count":0,"master_deck":["Strike_R","Strike_R","Strike_R","Strike_R","Defend_R","Defend_R","Defend_R","Bash","Pommel Strike","Uppercut","Anger","Corruption+1","Rampage+1","Spot Weakness","Offering","Feel No Pain+1","Offering","Whirlwind"],"relics":["Burning Blood","Pocketwatch","Bottled Lightning","Shuriken","Sundial","Runic Pyramid","Nloth\u0027s Gift","Juzu Bracelet","Regal Pillow"],"potions_floor_usage":[16,16,24],"damage_taken":[{"damage":8,"enemies":"Jaw Worm","floor":1,"turns":4},{"damage":5,"enemies":"Cultist","floor":3,"turns":3},{"damage":0,"enemies":"2 Louse","floor":4,"turns":2},{"damage":30,"enemies":"3 Sentries","floor":6,"turns":7},{"damage":11,"enemies":"Looter","floor":7,"turns":2},{"damage":23,"enemies":"Lots of Slimes","floor":8,"turns":4},{"damage":8,"enemies":"Gremlin Nob","floor":13,"turns":3},{"damage":40,"enemies":"The Guardian","floor":16,"turns":9},{"damage":28,"enemies":"2 Thieves","floor":18,"turns":3},{"damage":19,"enemies":"Shell Parasite","floor":20,"turns":3},{"damage":33,"enemies":"Book of Stabbing","floor":24,"turns":4},{"damage":6,"enemies":"Snecko","floor":27,"turns":3},{"damage":19,"enemies":"Snake Plant","floor":28,"turns":1}],"seed_played":"-5183973024141880508","potions_obtained":[{"floor":3,"key":"LiquidBronze"},{"floor":8,"key":"Swift Potion"},{"floor":16,"key":"LiquidBronze"}],"is_trial":false,"path_per_floor":["M","?","M","M","$","E","M","M","T","T","$","R","E","?","R","B",null,"M","$","M","$","?","R","E","?","T","M","M"],"character_chosen":"IRONCLAD","items_purchased":["Corruption","Shuriken","Offering"],"campfire_rested":1,"item_purchase_floors":[5,11,21],"current_hp_per_floor":[78,78,79,80,80,56,51,34,34,34,34,34,32,21,45,11,80,58,58,45,45,45,45,18,18,18,18,0],"gold":161,"neow_bonus":"TRANSFORM_TWO_CARDS","is_prod":false,"is_daily":false,"chose_seed":false,"campfire_upgraded":2,"win_rate":0,"timestamp":1555324716,"path_taken":["M","?","?","M","$","E","M","M","T","?","$","R","E","?","R","BOSS","M","$","M","$","?","R","E","?","T","M","M"],"build_version":"2019-01-23","purchased_purges":1,"victory":false,"max_hp_per_floor":[80,80,80,80,80,80,80,80,80,80,80,80,80,80,80,80,80,80,80,80,80,80,80,80,80,80,80,80],"card_choices":[{"not_picked":["True Grit","Perfected Strike"],"picked":"Anger","floor":1},{"not_picked":["Hemokinesis","Heavy Blade","Clothesline"],"picked":"SKIP","floor":3},{"not_picked":["Infernal Blade","Dual Wield","Perfected Strike"],"picked":"SKIP","floor":4},{"not_picked":["Burning Pact","Iron Wave"],"picked":"Rampage","floor":6},{"not_picked":["Pommel Strike","Bloodletting","True Grit"],"picked":"SKIP","floor":7},{"not_picked":["Flame Barrier","Pommel Strike"],"picked":"Spot Weakness","floor":8},{"not_picked":["Evolve","Twin Strike","Bloodletting"],"picked":"SKIP","floor":13},{"not_picked":["Juggernaut","Feed"],"picked":"Offering","floor":16},{"not_picked":["Power Through+1","Twin Strike"],"picked":"Feel No Pain+1","floor":18},{"not_picked":["Anger","Flex+1","Twin Strike"],"picked":"SKIP","floor":20},{"not_picked":["Heavy Blade","Power Through+1"],"picked":"Whirlwind","floor":24},{"not_picked":["Headbutt","Evolve+1","Pummel"],"picked":"SKIP","floor":27}],"player_experience":32113,"relics_obtained":[{"floor":6,"key":"Pocketwatch"},{"floor":9,"key":"Tiny Chest"},{"floor":10,"key":"Bottled Lightning"},{"floor":13,"key":"Sundial"},{"floor":24,"key":"Juzu Bracelet"},{"floor":26,"key":"Regal Pillow"}],"event_choices":[{"damage_healed":0,"gold_gain":275,"player_choice":"Desecrate","damage_taken":0,"max_hp_gain":0,"max_hp_loss":0,"event_name":"Golden Shrine","floor":2,"gold_loss":0,"cards_obtained":["Regret"]},{"damage_healed":0,"gold_gain":75,"player_choice":"Gather Gold","damage_taken":11,"max_hp_gain":0,"max_hp_loss":0,"event_name":"World of Goop","floor":14,"gold_loss":0},{"damage_healed":0,"gold_gain":0,"player_choice":"Traded Relic","damage_taken":0,"relics_obtained":["Nloth\u0027s Gift"],"max_hp_gain":0,"max_hp_loss":0,"event_name":"N\u0027loth","floor":22,"relics_lost":["Tiny Chest"],"gold_loss":0},{"damage_healed":0,"gold_gain":0,"player_choice":"Bet on Owner","damage_taken":0,"max_hp_gain":0,"max_hp_loss":0,"event_name":"The Joust","floor":25,"gold_loss":50}],"is_beta":false,"boss_relics":[{"not_picked":["Ectoplasm","Coffee Dripper"],"picked":"Runic Pyramid"}],"items_purged_floors":[5],"is_endless":false,"potions_floor_spawned":[3,8,16],"killed_by":"Snake Plant","ascension_level":4}