{"gold_per_floor":[117,192,210,224,237,237,263,263,263,280,280,3,13,13,13,137,137,162,261,261,302,346,346],"floor_reached":23,"playtime":1309,"items_purged":[],"score":193,"play_id":"b58a5b41-58c2-46f8-9daa-bd5ca518ab8d","local_time":"20190813142016","is_ascension_mode":false,"campfire_choices":[{"data":"Armaments","floor":6,"key":"SMITH"},{"data":"Anger","floor":8,"key":"SMITH"},{"floor":15,"key":"REST"}],"neow_cost":"NONE","seed_source_timestamp":337866318942500,"circlet_count":0,"master_deck":["Strike_R","Strike_R","Strike_R","Strike_R","Strike_R","Defend_R","Defend_R","Defend_R","Defend_R","Bash","Carnage","Armaments+1","Inflame","Cleave","Anger+1","Berserk","Feel No Pain","Shrug It Off","Dramatic Entrance","Magnetism+1","Shrug It Off","Havoc","Offering","Rupture+1","Burning Pact","Iron Wave","Rupture+1","Pommel Strike","Immolate","Bloodletting"],"relics":["Burning Blood","Prayer Wheel","Bottled Lightning","Frozen Egg 2","Golden Idol","Sozu"],"potions_floor_usage":[],"damage_taken":[{"damage":7,"enemies":"2 Louse","floor":1,"turns":3},{"damage":10,"enemies":"Small Slimes","floor":3,"turns":3},{"damage":1,"enemies":"Cultist","floor":4,"turns":3},{"damage":13,"enemies":"2 Fungi Beasts","floor":5,"turns":3},{"damage":17,"enemies":"3 Sentries","floor":7,"turns":6},{"damage":0,"enemies":"Exordium Wildlife","floor":10,"turns":2},{"damage":10,"enemies":"Blue Slaver","floor":13,"turns":4},{"damage":32,"enemies":"Slime Boss","floor":16,"turns":7},{"damage":10,"enemies":"Chosen","floor":18,"turns":5},{"damage":42,"enemies":"3 Byrds","floor":21,"turns":6},{"damage":27,"enemies":"Shelled Parasite and Fungi","floor":22,"turns":5},{"damage":23,"enemies":"Gremlin Leader","floor":23,"turns":2}],"seed_played":"-2608198647383609872","potions_obtained":[{"floor":1,"key":"Swift Potion"},{"floor":7,"key":"SpeedPotion"},{"floor":13,"key":"FearPotion"}],"is_trial":false,"path_per_floor":["M","?","M","M","M","R","E","R","T","M","?","$","M","?","R","B",null,"M","?","?","M","M","E"],"character_chosen":"IRONCLAD","items_purchased":["Dramatic Entrance","Magnetism+1"],"campfire_rested":1,"item_purchase_floors":[12,12],"current_hp_per_floor":[79,68,64,69,62,62,51,51,51,57,45,45,41,41,65,39,80,76,76,76,40,19,0],"gold":346,"neow_bonus":"THREE_CARDS","is_prod":false,"is_daily":false,"chose_seed":false,"campfire_upgraded":2,"win_rate":0,"timestamp":1565698816,"path_taken":["M","?","M","M","M","R","E","R","T","M","?","$","M","?","R","BOSS","M","?","?","M","?","E"],"build_version":"2019-07-17","purchased_purges":0,"victory":false,"max_hp_per_floor":[80,80,80,80,80,80,80,80,80,80,80,80,80,80,80,80,80,80,80,80,80,80,80],"card_choices":[{"not_picked":["Rage","Perfected Strike"],"picked":"Carnage","floor":0},{"not_picked":["Clash","Wild Strike"],"picked":"Armaments","floor":1},{"not_picked":["Carnage","Headbutt"],"picked":"Inflame","floor":3},{"not_picked":["Entrench","Sentinel"],"picked":"Cleave","floor":4},{"not_picked":["Body Slam","Wild Strike"],"picked":"Anger","floor":5},{"not_picked":["Havoc","Rampage"],"picked":"Berserk","floor":7},{"not_picked":["Uppercut","Disarm"],"picked":"Feel No Pain","floor":10},{"not_picked":["True Grit","Thunderclap"],"picked":"Shrug It Off","floor":10},{"not_picked":["Wild Strike","Twin Strike"],"picked":"Shrug It Off","floor":13},{"not_picked":["Flame Barrier","Heavy Blade"],"picked":"Havoc","floor":13},{"not_picked":["Brutality+1","Berserk+1"],"picked":"Offering","floor":16},{"not_picked":["Armaments+1","Sword Boomerang+1"],"picked":"Rupture+1","floor":18},{"not_picked":["Perfected Strike","Shrug It Off"],"picked":"Burning Pact","floor":18},{"not_picked":["Blood for Blood+1","Clothesline"],"picked":"Rupture+1","floor":21},{"not_picked":["Pummel","Perfected Strike"],"picked":"Pommel Strike","floor":21},{"not_picked":["Rage","Cleave"],"picked":"Immolate","floor":22},{"not_picked":["Pommel Strike+1","Uppercut"],"picked":"Bloodletting","floor":22}],"player_experience":37426,"relics_obtained":[{"floor":7,"key":"Prayer Wheel"},{"floor":9,"key":"Bottled Lightning"}],"event_choices":[{"damage_healed":0,"gold_gain":75,"player_choice":"Gather Gold","damage_taken":11,"max_hp_gain":0,"max_hp_loss":0,"event_name":"World of Goop","floor":2,"gold_loss":0},{"damage_healed":0,"gold_gain":0,"player_choice":"Success","damage_taken":12,"relics_obtained":["Frozen Egg 2"],"max_hp_gain":0,"max_hp_loss":0,"event_name":"Scrap Ooze","floor":11,"gold_loss":0},{"damage_healed":0,"gold_gain":0,"player_choice":"Take Wound","damage_taken":0,"relics_obtained":["Golden Idol"],"max_hp_gain":0,"max_hp_loss":0,"event_name":"Golden Idol","floor":14,"gold_loss":0,"cards_obtained":["Injury"]},{"damage_healed":0,"gold_gain":99,"player_choice":"Stole From Cult","damage_taken":0,"max_hp_gain":0,"max_hp_loss":0,"event_name":"Nest","floor":19,"gold_loss":0},{"cards_removed":["Injury"],"damage_healed":0,"gold_gain":0,"player_choice":"Took Card","damage_taken":0,"max_hp_gain":0,"max_hp_loss":0,"event_name":"NoteForYourself","floor":20,"gold_loss":0,"cards_obtained":["Iron Wave"]}],"is_beta":false,"boss_relics":[{"not_picked":["Runic Dome","Ectoplasm"],"picked":"Sozu"}],"items_purged_floors":[],"is_endless":false,"potions_floor_spawned":[1,7,13,18],"killed_by":"Gremlin Leader","ascension_level":0}