{"gold_per_floor":[119,89,14,29,204,231,231,231,231,247,13,46,64,75,75,174,174,184,195,195,195,88,122,122,152,152,32,45,61,61,61],"floor_reached":31,"playtime":1041,"items_purged":["Doubt"],"score":354,"play_id":"84bac0e9-90f8-4297-9d41-ef193a83c515","local_time":"20190505212826","is_ascension_mode":true,"campfire_choices":[{"data":"Hologram","floor":8,"key":"SMITH"},{"data":"Zap","floor":15,"key":"SMITH"},{"data":"Hologram","floor":24,"key":"SMITH"}],"neow_cost":"NONE","seed_source_timestamp":111843286344200,"circlet_count":0,"master_deck":["Defend_B","Defend_B","Defend_B","Zap+1","Dualcast","Gash","Gash","Hologram+1","Scrape","Cold Snap","Recycle","Go for the Eyes","Chill","Electrodynamics","Melter","Hologram+1","Redo","Rebound","Glacier","Coolheaded","Apotheosis","Self Repair","Writhe"],"relics":["Cracked Core","NeowsBlessing","Dream Catcher","DataDisk","Membership Card","PreservedInsect","Empty Cage","Bag of Preparation","Smiling Mask","Orichalcum","Meat on the Bone","Letter Opener"],"potions_floor_usage":[28,29],"damage_taken":[{"damage":0,"enemies":"2 Louse","floor":1,"turns":1},{"damage":0,"enemies":"Cultist","floor":4,"turns":1},{"damage":0,"enemies":"Lagavulin","floor":6,"turns":1},{"damage":4,"enemies":"Small Slimes","floor":10,"turns":3},{"damage":19,"enemies":"3 Sentries","floor":12,"turns":7},{"damage":9,"enemies":"Gremlin Gang","floor":13,"turns":4},{"damage":11,"enemies":"Lots of Slimes","floor":14,"turns":3},{"damage":9,"enemies":"Hexaghost","floor":16,"turns":10},{"damage":16,"enemies":"Shell Parasite","floor":18,"turns":8},{"damage":0,"enemies":"Spheric Guardian","floor":19,"turns":1},{"damage":22,"enemies":"Slavers","floor":23,"turns":4},{"damage":29,"enemies":"Book of Stabbing","floor":25,"turns":5},{"damage":0,"enemies":"3 Cultists","floor":28,"turns":3},{"damage":18,"enemies":"Cultist and Chosen","floor":29,"turns":7},{"damage":29,"enemies":"Snake Plant","floor":31,"turns":5}],"seed_played":"4242687439861988760","potions_obtained":[{"floor":1,"key":"PowerPotion"},{"floor":2,"key":"Strength Potion"},{"floor":2,"key":"GamblersBrew"},{"floor":14,"key":"Dexterity Potion"}],"is_trial":false,"path_per_floor":["M","?","$","M","?","E","?","R","T","M","$","E","M","M","R","B",null,"M","M","?","?","$","E","R","E","T","$","M","M","?","M"],"character_chosen":"DEFECT","items_purchased":["Gash","Hologram","Membership Card","Bag of Preparation","Glacier","Apotheosis","Self Repair"],"campfire_rested":0,"item_purchase_floors":[3,3,11,22,22,27,27],"current_hp_per_floor":[75,75,75,75,75,75,75,75,75,71,71,52,43,32,32,23,75,59,59,59,59,59,37,37,8,8,8,20,24,24,0],"gold":61,"neow_bonus":"THREE_ENEMY_KILL","is_prod":false,"is_daily":false,"chose_seed":false,"campfire_upgraded":3,"win_rate":0,"timestamp":1557088106,"path_taken":["M","?","$","?","?","E","?","R","T","M","$","E","?","?","R","BOSS","M","?","?","?","$","E","R","E","T","$","M","M","?","M"],"build_version":"2019-01-23","purchased_purges":1,"victory":false,"max_hp_per_floor":[75,75,75,75,75,75,75,75,75,75,75,75,75,75,75,75,75,75,75,75,75,75,75,75,75,75,75,75,75,75,75],"card_choices":[{"not_picked":["Blizzard","Streamline"],"picked":"Gash","floor":1},{"not_picked":["Redo","Sunder"],"picked":"Scrape","floor":4},{"not_picked":["Multi-Cast","Go for the Eyes"],"picked":"Cold Snap","floor":6},{"not_picked":["Stack","Streamline","Rip and Tear"],"picked":"SKIP","floor":10},{"not_picked":["Auto Shields","Streamline"],"picked":"Go for the Eyes","floor":12},{"not_picked":["Genetic Algorithm","Cold Snap"],"picked":"Chill","floor":13},{"not_picked":["Doom and Gloom","White Noise","Aggregate"],"picked":"SKIP","floor":14},{"not_picked":["Buffer","Meteor Strike"],"picked":"Electrodynamics","floor":16},{"not_picked":["Cold Snap","Reinforced Body"],"picked":"Melter","floor":18},{"not_picked":["Undo","Redo","Storm"],"picked":"SKIP","floor":19},{"not_picked":["Thunder Strike","Stack","Cold Snap"],"picked":"SKIP","floor":23},{"not_picked":["Compile Driver","Defragment"],"picked":"Coolheaded","floor":25},{"not_picked":["FTL","Sweeping Beam","Scrape"],"picked":"SKIP","floor":28},{"not_picked":["Fusion","Skim","Redo"],"picked":"SKIP","floor":29}],"player_experience":68442,"relics_obtained":[{"floor":6,"key":"Dream Catcher"},{"floor":9,"key":"DataDisk"},{"floor":12,"key":"PreservedInsect"},{"floor":23,"key":"Smiling Mask"},{"floor":25,"key":"Orichalcum"},{"floor":26,"key":"Meat on the Bone"}],"event_choices":[{"damage_healed":0,"gold_gain":0,"player_choice":"Bought 2 Potions","damage_taken":0,"max_hp_gain":0,"max_hp_loss":0,"event_name":"The Woman in Blue","floor":2,"gold_loss":0},{"damage_healed":0,"gold_gain":175,"player_choice":"AGREE","damage_taken":0,"max_hp_gain":0,"max_hp_loss":0,"event_name":"Liars Game","floor":5,"gold_loss":0,"cards_obtained":["Doubt"]},{"damage_healed":0,"gold_gain":0,"cards_transformed":["Strike_B"],"player_choice":"Transformed","damage_taken":0,"max_hp_gain":0,"max_hp_loss":0,"event_name":"Transmorgrifier","floor":7,"gold_loss":0,"cards_obtained":["Recycle"]},{"damage_healed":0,"gold_gain":0,"player_choice":"Read","damage_taken":0,"max_hp_gain":0,"max_hp_loss":0,"event_name":"The Library","floor":20,"gold_loss":0,"cards_obtained":["Hologram"]},{"damage_healed":0,"gold_gain":0,"cards_transformed":["Strike_B","Defend_B"],"player_choice":"Became Test Subject","damage_taken":0,"max_hp_gain":0,"max_hp_loss":0,"event_name":"Drug Dealer","floor":21,"gold_loss":0,"cards_obtained":["Redo","Rebound"]},{"damage_healed":0,"gold_gain":0,"player_choice":"Opened","damage_taken":0,"relics_obtained":["Letter Opener"],"max_hp_gain":0,"max_hp_loss":0,"event_name":"The Mausoleum","floor":30,"gold_loss":0,"cards_obtained":["Writhe"]}],"is_beta":false,"boss_relics":[{"not_picked":["Runic Dome","Coffee Dripper"],"picked":"Empty Cage"}],"items_purged_floors":[11],"is_endless":false,"potions_floor_spawned":[1,6,10,13,14,18,25],"killed_by":"Snake Plant","ascension_level":3}