{"path_per_floor":["M","M","?","$","M","R","E","M","T","M","R","?","R","M","R","B",null,"M","M","$","?"],"character_chosen":"DEFECT","items_purchased":["Cold Snap","Chill","Frozen Egg 2","Capacitor","Leap"],"gold_per_floor":[109,121,121,31,50,50,82,102,183,194,194,250,250,263,263,368,368,387,405,71,71,71],"floor_reached":22,"campfire_rested":2,"playtime":1443,"current_hp_per_floor":[38,32,29,29,29,51,31,30,30,30,30,26,26,26,48,34,75,51,24,24,8,0],"items_purged":[],"gold":71,"score":195,"play_id":"e0614b11-d17b-4520-8eb2-28bd537fb8f9","local_time":"20180517222411","is_prod":false,"is_daily":false,"chose_seed":false,"is_ascension_mode":true,"campfire_upgraded":2,"timestamp":1526610251,"campfire_choices":[{"floor":6,"key":"REST"},{"data":"Zap","floor":11,"key":"SMITH"},{"data":"Cold Snap","floor":13,"key":"SMITH"},{"floor":15,"key":"REST"}],"path_taken":["M","M","?","$","M","R","E","M","T","M","R","?","R","M","R","BOSS","M","M","$","?","M"],"build_version":"2018-05-17","seed_source_timestamp":753322695332199,"purchased_purges":0,"victory":false,"master_deck":["Strike_B","Strike_B","Strike_B","Strike_B","Defend_B","Defend_B","Defend_B","Defend_B","Zap+1","Dualcast","Seek","Axe Kick","Go for the Eyes","Cold Snap+1","Chill","Coolheaded","Leap","Chill","Rebound","Beam Cell","Streamline","Echo Form","Redo+1","Coolheaded+1","Capacitor+1","Leap"],"max_hp_per_floor":[75,75,75,75,75,75,75,75,75,75,75,75,75,75,75,75,75,75,75,75,75,75],"relics":["Cracked Core","Torii","Potion Belt","Matryoshka","Juzu Bracelet","Philosopher\u0027s Stone","Frozen Egg 2","Enchiridion"],"card_choices":[{"not_picked":["Amplify","Rainbow"],"picked":"Seek","floor":0},{"not_picked":["Skim","Stack"],"picked":"Axe Kick","floor":1},{"not_picked":["Reinforced Body","Axe Kick"],"picked":"Go for the Eyes","floor":2},{"not_picked":["Hello World","Stack"],"picked":"Coolheaded","floor":5},{"not_picked":["Sunder","Ball Lightning"],"picked":"Leap","floor":7},{"not_picked":["Multi-Cast","Steam"],"picked":"Chill","floor":8},{"not_picked":["Force Field","Conserve Battery"],"picked":"Rebound","floor":10},{"not_picked":["Sweeping Beam","Stack"],"picked":"Beam Cell","floor":12},{"not_picked":["Melter","Coolheaded"],"picked":"Streamline","floor":14},{"not_picked":["Electrodynamics","Biased Cognition"],"picked":"Echo Form","floor":16},{"not_picked":["Rebound","Sweeping Beam"],"picked":"Redo+1","floor":18},{"not_picked":["Tempest+1","Rebound+1"],"picked":"Coolheaded+1","floor":19}],"player_experience":86942,"potions_floor_usage":[7,12,18,19,22],"damage_taken":[{"damage":0,"enemies":"2 Louse","floor":1,"turns":1},{"damage":6,"enemies":"Jaw Worm","floor":2,"turns":3},{"damage":0,"enemies":"Small Slimes","floor":5,"turns":3},{"damage":20,"enemies":"Lagavulin","floor":7,"turns":7},{"damage":1,"enemies":"Looter","floor":8,"turns":2},{"damage":0,"enemies":"Exordium Wildlife","floor":10,"turns":5},{"damage":4,"enemies":"Lagavulin Event","floor":12,"turns":8},{"damage":0,"enemies":"2 Fungi Beasts","floor":14,"turns":4},{"damage":14,"enemies":"The Guardian","floor":16,"turns":13},{"damage":24,"enemies":"Chosen","floor":18,"turns":7},{"damage":27,"enemies":"Shell Parasite","floor":19,"turns":3},{"damage":9,"enemies":"Snake Plant","floor":22,"turns":2}],"relics_obtained":[{"floor":7,"key":"Potion Belt"},{"floor":9,"key":"Matryoshka"},{"floor":12,"key":"Juzu Bracelet"},{"floor":21,"key":"Enchiridion"}],"event_choices":[{"event_name":"Scrap Ooze","player_choice":"success","floor":3,"damage_taken":3},{"event_name":"Dead Adventurer","player_choice":"Searched \u00271\u0027 times","floor":12,"damage_taken":0},{"event_name":"Cursed Tome","player_choice":"Obtained Book","floor":21,"damage_taken":0}],"boss_relics":[{"not_picked":["Snecko Eye","Tiny House"],"picked":"Philosopher\u0027s Stone"}],"potions_floor_spawned":[2,8,12,12,14,16],"seed_played":"1758336280559246045","killed_by":"Snake Plant","ascension_level":1,"potions_obtained":[{"floor":2,"key":"Poison Potion"},{"floor":8,"key":"Swift Potion"},{"floor":12,"key":"Dexterity Potion"},{"floor":12,"key":"SpeedPotion"},{"floor":14,"key":"Ancient Potion"},{"floor":16,"key":"Fire Potion"}],"is_trial":false}