{"gold_per_floor":[112,125,125,125,144,179,195,224,296,310,310,310,310,328,328,423,423,437,437,437,36,65,77,103,115,127,139,163,203,215,246,258,369,381,413,444,20,32,48,48,1,1,1,1,1,13,33,53,53,53],"floor_reached":51,"playtime":2618,"items_purged":[],"score":806,"play_id":"27ed7a3c-9aed-4e82-aa4a-03d5a328cbe6","local_time":"20181104005640","is_ascension_mode":false,"campfire_choices":[{"data":"Spot Weakness","floor":11.0,"key":"SMITH"},{"floor":13.0,"key":"REST"},{"data":"Heavy Blade","floor":15.0,"key":"SMITH"},{"data":"Demon Form","floor":23.0,"key":"SMITH"},{"data":"Disarm","floor":25.0,"key":"SMITH"},{"floor":32.0,"key":"REST"},{"floor":40,"key":"REST"},{"data":"Burning Pact","floor":44,"key":"SMITH"},{"floor":49,"key":"REST"}],"neow_cost":"NONE","seed_source_timestamp":0,"circlet_count":0,"master_deck":["Strike_R","Strike_R","Strike_R","Defend_R","Defend_R","Defend_R","Defend_R","Bash","Rage","Spot Weakness+1","Brutality","Thunderclap","Anger","Twin Strike","Heavy Blade+1","Demon Form+1","Necronomicurse","Disarm+1","Carnage","Apotheosis","Fire Breathing","Pain","J.A.X.","Sword Boomerang","Pummel","Spot Weakness+1","Inflame+1","Wild Strike+1","Shrug It Off","Sword Boomerang","Iron Wave","Shrug It Off+1","Parasite","Burning Pact+1","Shrug It Off","Decay","Heavy Blade+1","Shrug It Off+1","Metallicize+1"],"special_seed":0,"relics":["Busted Crown","Potion Belt","StoneCalendar","Darkstone Periapt","Red Skull","Cursed Key","Necronomicon","MawBank","Self Forming Clay","Pen Nib","Philosopher\u0027s Stone","Turnip","Question Card"],"potions_floor_usage":[50,50,50,50],"damage_taken":[{"damage":0.0,"enemies":"Cultist","floor":1.0,"turns":2.0},{"damage":0.0,"enemies":"2 Louse","floor":2.0,"turns":2.0},{"damage":0.0,"enemies":"Small Slimes","floor":5.0,"turns":4.0},{"damage":24.0,"enemies":"Gremlin Nob","floor":6.0,"turns":4.0},{"damage":5.0,"enemies":"3 Louse","floor":7.0,"turns":3.0},{"damage":3.0,"enemies":"3 Sentries","floor":8.0,"turns":4.0},{"damage":9.0,"enemies":"Large Slime","floor":10.0,"turns":5.0},{"damage":8.0,"enemies":"Blue Slaver","floor":14.0,"turns":2.0},{"damage":29.0,"enemies":"Hexaghost","floor":16.0,"turns":6.0},{"damage":10.0,"enemies":"3 Byrds","floor":18.0,"turns":5.0},{"damage":7.0,"enemies":"Spheric Guardian","floor":22.0,"turns":3.0},{"damage":0.0,"enemies":"Centurion and Healer","floor":24.0,"turns":5.0},{"damage":4.0,"enemies":"Sentry and Sphere","floor":28.0,"turns":3.0},{"damage":34.0,"enemies":"Book of Stabbing","floor":29.0,"turns":4.0},{"damage":8.0,"enemies":"Snake Plant","floor":31.0,"turns":3.0},{"damage":33.0,"enemies":"Champ","floor":33.0,"turns":5.0},{"damage":23.0,"enemies":"3 Darklings","floor":35.0,"turns":3.0},{"damage":22.0,"enemies":"3 Shapes","floor":36.0,"turns":2.0},{"damage":6.0,"enemies":"Jaw Worm Horde","floor":38.0,"turns":4.0},{"damage":38,"enemies":"Writhing Mass","floor":39,"turns":6},{"damage":6,"enemies":"Transient","floor":46,"turns":5},{"damage":7,"enemies":"Sphere and 2 Shapes","floor":47,"turns":3},{"damage":33,"enemies":"4 Shapes","floor":48,"turns":4},{"damage":30,"enemies":"Donu and Deca","floor":50,"turns":5}],"seed_played":"-2684541464713886374","potions_obtained":[{"floor":1.0,"key":"Explosive Potion"},{"floor":2.0,"key":"PowerPotion"},{"floor":6.0,"key":"EntropicBrew"},{"floor":16.0,"key":"Swift Potion"},{"floor":22.0,"key":"GamblersBrew"},{"floor":29.0,"key":"Strength Potion"},{"floor":31.0,"key":"Poison Potion"},{"floor":33.0,"key":"Strength Potion"},{"floor":38.0,"key":"Strength Potion"},{"floor":46,"key":"BloodPotion"},{"floor":47,"key":"Weak Potion"},{"floor":48,"key":"Strength Potion"}],"is_trial":false,"path_per_floor":["M","M","?","?","M","E","M","E","T","M","R","?","R","M","R","B",null,"M","?","?","$","M","R","M","R","T","?","M","E","$","M","R","B",null,"M","M","$","M","M","R","$","?","T","R","?","M","M","M","R","B",null],"character_chosen":"IRONCLAD","items_purchased":["Carnage","Apotheosis","MawBank","Turnip","Shrug It Off","Sword Boomerang","Iron Wave","Shrug It Off"],"campfire_rested":4,"item_purchase_floors":[21,21,21,37,37,37,37,41],"current_hp_per_floor":[80,80,73,73,73,49,44,41,41,32,32,20,44,36,36,7,80,70,60,60,60,53,53,53,53,59,59,55,21,21,13,40,7,92,69,47,47,41,9,38,38,86,92,92,102,96,89,56,86,56],"gold":53,"neow_bonus":"BOSS_RELIC","is_prod":false,"is_daily":false,"chose_seed":false,"campfire_upgraded":5,"win_rate":0,"timestamp":1541307400,"path_taken":["M","M","?","?","M","E","M","E","T","?","R","?","R","M","R","BOSS","M","?","?","?","M","R","M","R","T","?","M","E","$","M","R","BOSS","M","M","$","M","M","R","$","?","T","R","?","M","M","M","R","BOSS"],"build_version":"2018-11-01","purchased_purges":0,"victory":true,"max_hp_per_floor":[80,80,80,80,80,80,80,80,80,80,80,80,80,80,80,80,80,80,86,86,86,86,86,86,86,92,92,92,92,92,92,92,92,92,92,92,92,92,98,98,98,86,92,92,102,102,102,102,102,102],"card_choices":[{"not_picked":[],"picked":"Rage","floor":1.0},{"not_picked":[],"picked":"Spot Weakness","floor":2.0},{"not_picked":[],"picked":"Thunderclap","floor":5.0},{"not_picked":[],"picked":"Exhume","floor":6.0},{"not_picked":[],"picked":"Anger","floor":7.0},{"not_picked":["Perfected Strike"],"picked":"SKIP","floor":8.0},{"not_picked":[],"picked":"Twin Strike","floor":10.0},{"not_picked":[],"picked":"Heavy Blade","floor":14.0},{"not_picked":[],"picked":"Demon Form","floor":16.0},{"not_picked":["Clash"],"picked":"SKIP","floor":18.0},{"not_picked":[],"picked":"Fire Breathing","floor":22.0},{"not_picked":["Cleave+1"],"picked":"SKIP","floor":24.0},{"not_picked":[],"picked":"Sword Boomerang","floor":28.0},{"not_picked":[],"picked":"Pummel","floor":29.0},{"not_picked":[],"picked":"Spot Weakness+1","floor":31.0},{"not_picked":[],"picked":"Inflame+1","floor":35.0},{"not_picked":[],"picked":"Wild Strike+1","floor":36.0},{"not_picked":[],"picked":"Shrug It Off+1","floor":38.0},{"not_picked":[],"picked":"Burning Pact","floor":39},{"not_picked":["Rage+1"],"picked":"Heavy Blade+1","floor":46},{"not_picked":["Headbutt"],"picked":"Shrug It Off+1","floor":47},{"not_picked":["Armaments"],"picked":"Metallicize+1","floor":48}],"player_experience":312352,"relics_obtained":[{"floor":6.0,"key":"Potion Belt"},{"floor":8.0,"key":"StoneCalendar"},{"floor":9.0,"key":"Darkstone Periapt"},{"floor":19.0,"key":"Necronomicon"},{"floor":26.0,"key":"Self Forming Clay"},{"floor":29.0,"key":"Pen Nib"},{"floor":43,"key":"Question Card"}],"event_choices":[{"cards_removed":["Strike_R"],"damage_healed":0.0,"max_hp_gain":0.0,"max_hp_loss":0.0,"gold_gain":0.0,"event_name":"Golden Wing","player_choice":"Card Removal","floor":3.0,"gold_loss":0.0,"damage_taken":7.0},{"damage_healed":0.0,"max_hp_gain":0.0,"max_hp_loss":0.0,"gold_gain":0.0,"cards_transformed":["Strike_R"],"event_name":"Transmorgrifier","player_choice":"Transformed","floor":4.0,"gold_loss":0.0,"damage_taken":0.0,"cards_obtained":["Brutality"]},{"damage_healed":0.0,"max_hp_gain":0.0,"max_hp_loss":0.0,"gold_gain":0.0,"event_name":"Scrap Ooze","player_choice":"Success","floor":12.0,"gold_loss":0.0,"damage_taken":12.0,"relics_obtained":["Red Skull"]},{"damage_healed":0.0,"max_hp_gain":0.0,"max_hp_loss":0.0,"gold_gain":0.0,"event_name":"Cursed Tome","player_choice":"Obtained Book","floor":19.0,"gold_loss":0.0,"damage_taken":16.0},{"damage_healed":0.0,"max_hp_gain":0.0,"max_hp_loss":0.0,"gold_gain":0.0,"event_name":"The Library","player_choice":"Read","floor":20.0,"gold_loss":0.0,"damage_taken":0.0,"cards_obtained":["Disarm"]},{"damage_healed":0.0,"max_hp_gain":0.0,"max_hp_loss":0.0,"gold_gain":0.0,"event_name":"Drug Dealer","player_choice":"Obtain J.A.X.","floor":27.0,"gold_loss":0.0,"damage_taken":0.0,"cards_obtained":["J.A.X."]},{"damage_healed":86,"gold_gain":0,"player_choice":"Heal","damage_taken":0,"max_hp_gain":0,"max_hp_loss":12,"event_name":"The Moai Head","floor":42,"gold_loss":0},{"cards_removed":["Exhume"],"damage_healed":0,"gold_gain":0,"player_choice":"Offered Rare","damage_taken":0,"max_hp_gain":10,"max_hp_loss":0,"event_name":"Bonfire Elementals","floor":45,"gold_loss":0}],"is_beta":false,"boss_relics":[{"not_picked":["Runic Cube","Snecko Eye"],"picked":"Cursed Key"},{"not_picked":["Coffee Dripper","Tiny House"],"picked":"Philosopher\u0027s Stone"}],"items_purged_floors":[],"is_endless":false,"potions_floor_spawned":[1,2,6,16,22,29,31,33,38,46,47,48],"ascension_level":0}