{"gold_per_floor":[109,121,134,134,144,171,181,216,293,293,321,321,340,213,213,311,311,325,337,337,351,351,351,351,351,397,428,236,268,22,39,39,134,134,151,163,212,225,237,237],"floor_reached":40,"playtime":1713,"items_purged":["Strike_B"],"score":605,"play_id":"86b32708-1cb0-4440-816f-55a0bdd09355","local_time":"20190609013301","is_ascension_mode":true,"campfire_choices":[{"data":"Sunder","floor":12.0,"key":"SMITH"},{"data":"Coolheaded","floor":15.0,"key":"SMITH"},{"data":"Leap","floor":23.0,"key":"SMITH"},{"data":"Auto Shields","floor":25.0,"key":"SMITH"},{"data":"Defragment","floor":32.0,"key":"SMITH"}],"neow_cost":"NONE","seed_source_timestamp":1598667173209400,"circlet_count":0,"master_deck":["Strike_B+1","Strike_B+1","Defend_B+1","Defend_B+1","Defend_B+1","Defend_B+1","Zap","Dualcast","Conserve Battery","Ball Lightning","Sunder+1","Coolheaded","Auto Shields+1","Coolheaded+1","Steam","Leap+1","Compile Driver","Reboot","White Noise","Sunder+1","Sunder+1","Electrodynamics","Defragment+1","Echo Form","Reinforced Body","Undo+1","Cold Snap"],"special_seed":0,"relics":["Cracked Core","Oddly Smooth Stone","Thread and Needle","Vajra","Bottled Lightning","Dead Branch","Snecko Eye","CultistMask","Boot","Pen Nib","DollysMirror","Mercury Hourglass","Meat on the Bone","Black Star","Ginger"],"potions_floor_usage":[40,40],"damage_taken":[{"damage":1.0,"enemies":"2 Louse","floor":1.0,"turns":2.0},{"damage":0.0,"enemies":"Cultist","floor":2.0,"turns":4.0},{"damage":0.0,"enemies":"Small Slimes","floor":3.0,"turns":3.0},{"damage":5.0,"enemies":"Gremlin Gang","floor":5.0,"turns":2.0},{"damage":10.0,"enemies":"Gremlin Nob","floor":6.0,"turns":3.0},{"damage":7.0,"enemies":"Large Slime","floor":7.0,"turns":5.0},{"damage":7.0,"enemies":"Lagavulin","floor":8.0,"turns":6.0},{"damage":12.0,"enemies":"Gremlin Nob","floor":11.0,"turns":5.0},{"damage":0.0,"enemies":"Lots of Slimes","floor":13.0,"turns":4.0},{"damage":3.0,"enemies":"The Guardian","floor":16.0,"turns":13.0},{"damage":0.0,"enemies":"Shell Parasite","floor":18.0,"turns":3.0},{"damage":0.0,"enemies":"Spheric Guardian","floor":19.0,"turns":3.0},{"damage":4.0,"enemies":"Chosen and Byrds","floor":21.0,"turns":6.0},{"damage":4.0,"enemies":"Book of Stabbing","floor":27.0,"turns":4.0},{"damage":1.0,"enemies":"Slavers","floor":29.0,"turns":4.0},{"damage":0.0,"enemies":"Snake Plant","floor":31.0,"turns":3.0},{"damage":29.0,"enemies":"Champ","floor":33.0,"turns":7.0},{"damage":0.0,"enemies":"Orb Walker","floor":35.0,"turns":2.0},{"damage":0.0,"enemies":"3 Darklings","floor":36.0,"turns":4.0},{"damage":24.0,"enemies":"2 Orb Walkers","floor":37.0,"turns":4.0},{"damage":18.0,"enemies":"Maw","floor":38.0,"turns":5.0},{"damage":18.0,"enemies":"Spire Growth","floor":39.0,"turns":6.0},{"damage":52,"enemies":"Giant Head","floor":40,"turns":8}],"seed_played":"-8855758188172243616","potions_obtained":[{"floor":5.0,"key":"SneckoOil"},{"floor":6.0,"key":"Regen Potion"},{"floor":7.0,"key":"Fire Potion"},{"floor":11.0,"key":"Ancient Potion"},{"floor":29.0,"key":"SpeedPotion"},{"floor":31.0,"key":"FocusPotion"},{"floor":37.0,"key":"Ancient Potion"}],"is_trial":false,"path_per_floor":["M","M","M","?","M","E","M","E","T","?","E","R","M","$","R","B",null,"M","M","?","M","?","R","?","R","T","E","$","E","$","M","R","B",null,"M","M","?","M","M","E"],"character_chosen":"DEFECT","items_purchased":["Fire Potion","DollysMirror","Meat on the Bone"],"campfire_rested":0,"item_purchase_floors":[14,28,30],"current_hp_per_floor":[67,67,67,67,62,52,45,53,53,53,41,41,41,41,41,38,66,66,66,66,62,62,62,62,62,62,58,58,57,57,57,57,40,66,66,66,42,36,30,0],"gold":237,"neow_bonus":"RANDOM_COMMON_RELIC","is_prod":false,"is_daily":false,"chose_seed":false,"campfire_upgraded":5,"win_rate":0,"timestamp":1560040381,"path_taken":["M","M","M","?","M","E","?","E","T","?","E","R","?","$","R","BOSS","M","M","?","?","?","R","?","R","T","E","$","E","$","?","R","BOSS","M","M","?","M","M","E"],"build_version":"2019-01-23","purchased_purges":1,"victory":false,"max_hp_per_floor":[75,75,75,75,75,75,75,75,75,75,75,75,75,75,75,75,75,75,75,75,75,75,75,75,75,75,75,75,75,75,75,75,75,75,75,75,75,75,75,75],"card_choices":[{"not_picked":["Barrage","Compile Driver"],"picked":"Conserve Battery","floor":1.0},{"not_picked":["Streamline","Amplify"],"picked":"Ball Lightning","floor":2.0},{"not_picked":["Sweeping Beam","Redo"],"picked":"Sunder","floor":3.0},{"not_picked":["Reinforced Body","Conserve Battery"],"picked":"Coolheaded","floor":5.0},{"not_picked":["Conserve Battery","Fission"],"picked":"Auto Shields","floor":6.0},{"not_picked":["Rebound","Go for the Eyes"],"picked":"Coolheaded","floor":7.0},{"not_picked":["Compile Driver","Machine Learning"],"picked":"Steam","floor":8.0},{"not_picked":["Sweeping Beam","Go for the Eyes"],"picked":"Leap","floor":11.0},{"not_picked":["Ball Lightning","Barrage"],"picked":"Compile Driver","floor":13.0},{"not_picked":["Amplify","Rainbow"],"picked":"Reboot","floor":16.0},{"not_picked":["Leap+1","Ball Lightning","Skim"],"picked":"SKIP","floor":18.0},{"not_picked":["Blizzard","Coolheaded"],"picked":"White Noise","floor":19.0},{"not_picked":["Barrage","Coolheaded","Stack"],"picked":"SKIP","floor":21.0},{"not_picked":["Static Discharge","Self Repair","Hello World+1"],"picked":"SKIP","floor":27.0},{"not_picked":["Aggregate","Hologram"],"picked":"Electrodynamics","floor":29.0},{"not_picked":["Chaos","Static Discharge"],"picked":"Defragment","floor":31.0},{"not_picked":["Biased Cognition","All For One"],"picked":"Echo Form","floor":33.0},{"not_picked":["Redo","Rip and Tear","Sweeping Beam"],"picked":"SKIP","floor":35.0},{"not_picked":["Beam Cell+1","Stack","Double Energy"],"picked":"SKIP","floor":36.0},{"not_picked":["Reboot","Coolheaded"],"picked":"Reinforced Body","floor":37.0},{"not_picked":["Conserve Battery","Go for the Eyes+1"],"picked":"Undo+1","floor":38.0},{"not_picked":["Blizzard","Sweeping Beam+1"],"picked":"Cold Snap","floor":39.0}],"player_experience":134911,"relics_obtained":[{"floor":6.0,"key":"Thread and Needle"},{"floor":8.0,"key":"Vajra"},{"floor":9.0,"key":"Bottled Lightning"},{"floor":11.0,"key":"Dead Branch"},{"floor":26.0,"key":"Boot"},{"floor":27.0,"key":"Pen Nib"},{"floor":29.0,"key":"Mercury Hourglass"},{"floor":37.0,"key":"Ginger"}],"event_choices":[{"damage_healed":0.0,"max_hp_gain":0.0,"max_hp_loss":0.0,"gold_gain":0.0,"event_name":"Match and Keep!","player_choice":"0 cards matched","floor":4.0,"gold_loss":0.0,"damage_taken":0.0,"cards_obtained":[]},{"cards_removed":["Strike_B"],"damage_healed":0.0,"max_hp_gain":0.0,"max_hp_loss":0.0,"gold_gain":0.0,"event_name":"Purifier","player_choice":"Purged","floor":10.0,"gold_loss":0.0,"damage_taken":0.0},{"damage_healed":0.0,"max_hp_gain":0.0,"max_hp_loss":0.0,"gold_gain":0.0,"event_name":"FaceTrader","player_choice":"Trade","floor":20.0,"gold_loss":0.0,"damage_taken":0.0,"relics_obtained":["CultistMask"]},{"damage_healed":0.0,"max_hp_gain":0.0,"max_hp_loss":0.0,"gold_gain":0.0,"event_name":"Back to Basics","player_choice":"Simplicity","floor":22.0,"gold_loss":0.0,"damage_taken":0.0,"cards_upgraded":["Strike_B","Strike_B","Defend_B","Defend_B","Defend_B","Defend_B"]},{"damage_healed":0.0,"max_hp_gain":0.0,"max_hp_loss":0.0,"gold_gain":0.0,"event_name":"Duplicator","player_choice":"Copied","floor":24.0,"gold_loss":0.0,"damage_taken":0.0,"cards_obtained":["Sunder"]},{"damage_healed":0.0,"max_hp_gain":0.0,"max_hp_loss":0.0,"gold_gain":0.0,"event_name":"Mysterious Sphere","player_choice":"Fight","floor":37.0,"gold_loss":0.0,"damage_taken":0.0}],"is_beta":false,"boss_relics":[{"not_picked":["White Beast Statue","Cursed Key"],"picked":"Snecko Eye"},{"not_picked":["Eternal Feather","Calling Bell"],"picked":"Black Star"}],"items_purged_floors":[14],"is_endless":false,"potions_floor_spawned":[5,6,7,11,29,31,37],"killed_by":"Giant Head","ascension_level":7}