{"gold_per_floor":[113,113,113,113,131,161,180,215,215,215,180,192,224,235,235,335,335,346,256,275,285,40,40,66,66,66,80,80,80],"floor_reached":29,"playtime":1545,"items_purged":["Strike_R"],"score":317,"play_id":"be7b11ed-3d44-4e6a-8377-675c995acad2","local_time":"20190823005905","is_ascension_mode":true,"campfire_choices":[{"data":"Flame Barrier","floor":10,"key":"SMITH"},{"floor":15,"key":"DIG"},{"floor":23,"key":"DIG"},{"floor":25,"key":"DIG"},{"floor":28,"key":"DIG"}],"neow_cost":"NONE","seed_source_timestamp":648823422791100,"circlet_count":0,"master_deck":["Strike_R","Strike_R","Strike_R+1","Defend_R","Defend_R+1","Defend_R","Defend_R","Bash+1","Body Slam+1","Flame Barrier+1","Warcry+1","Spot Weakness","Impervious","Entrench","Seeing Red","Havoc","Immolate","Blood for Blood+1","Bloodletting","True Grit+1","The Bomb","Berserk","Rage"],"relics":["Black Blood","Shuriken","Pantograph","Omamori","Gremlin Horn","Shovel","Juzu Bracelet","Centennial Puzzle","Happy Flower","Potion Belt","WingedGreaves","Anchor"],"potions_floor_usage":[13,21,29,29],"damage_taken":[{"damage":0,"enemies":"Small Slimes","floor":1,"turns":3},{"damage":2,"enemies":"Jaw Worm","floor":5,"turns":4},{"damage":15,"enemies":"Gremlin Nob","floor":6,"turns":4},{"damage":0,"enemies":"Cultist","floor":7,"turns":4},{"damage":36,"enemies":"3 Sentries","floor":8,"turns":7},{"damage":18,"enemies":"Large Slime","floor":12,"turns":3},{"damage":14,"enemies":"Gremlin Nob","floor":13,"turns":4},{"damage":5,"enemies":"Gremlin Gang","floor":14,"turns":4},{"damage":49,"enemies":"Slime Boss","floor":16,"turns":12},{"damage":24,"enemies":"Shell Parasite","floor":18,"turns":5},{"damage":25,"enemies":"3 Byrds","floor":20,"turns":4},{"damage":37,"enemies":"Centurion and Healer","floor":21,"turns":9},{"damage":0,"enemies":"Gremlin Leader","floor":24,"turns":5},{"damage":24,"enemies":"Shelled Parasite and Fungi","floor":27,"turns":4},{"damage":21,"enemies":"Snecko","floor":29,"turns":5}],"seed_played":"-8554866592393736350","potions_obtained":[{"floor":1,"key":"Ancient Potion"},{"floor":7,"key":"PowerPotion"},{"floor":8,"key":"SpeedPotion"},{"floor":16,"key":"GamblersBrew"},{"floor":24,"key":"Strength Potion"},{"floor":27,"key":"EssenceOfSteel"}],"is_trial":false,"path_per_floor":["M","?","?","?","M","E","M","E","T","R","?","M","E","M","R","B",null,"M","?","M","M","$","R","E","R","T","M","R","M"],"character_chosen":"IRONCLAD","items_purchased":["The Bomb"],"campfire_rested":0,"item_purchase_floors":[22],"current_hp_per_floor":[80,64,61,61,65,56,62,32,32,32,52,40,32,33,33,15,80,66,66,51,24,24,24,34,34,34,20,20,0],"gold":80,"neow_bonus":"UPGRADE_CARD","is_prod":false,"is_daily":false,"chose_seed":false,"campfire_upgraded":1,"win_rate":0,"timestamp":1566514745,"path_taken":["M","?","?","?","M","E","M","E","T","R","?","?","E","M","R","BOSS","M","?","M","M","?","R","E","R","T","M","R","M"],"build_version":"2019-07-17","purchased_purges":1,"victory":false,"max_hp_per_floor":[80,80,80,80,80,80,80,80,80,80,80,80,80,80,80,80,80,80,80,80,80,80,80,80,80,80,80,80,80],"card_choices":[{"not_picked":["Hemokinesis","Twin Strike"],"picked":"Body Slam","floor":1},{"not_picked":["Sentinel","Metallicize"],"picked":"Flame Barrier","floor":5},{"not_picked":["Iron Wave","Sever Soul"],"picked":"Warcry","floor":6},{"not_picked":["True Grit","Evolve"],"picked":"Spot Weakness","floor":7},{"not_picked":["Headbutt","Twin Strike"],"picked":"Impervious","floor":8},{"not_picked":["Bloodletting","Body Slam"],"picked":"Entrench","floor":12},{"not_picked":["Searing Blow","Evolve"],"picked":"Seeing Red","floor":13},{"not_picked":["Clothesline","Fire Breathing"],"picked":"Havoc","floor":14},{"not_picked":["Bludgeon","Brutality"],"picked":"Immolate","floor":16},{"not_picked":["Dropkick+1","Flex"],"picked":"Blood for Blood+1","floor":18},{"not_picked":["Feel No Pain","Clothesline"],"picked":"Bloodletting","floor":20},{"not_picked":["Corruption","Seeing Red"],"picked":"True Grit+1","floor":21},{"not_picked":["Evolve","Iron Wave"],"picked":"Berserk","floor":24},{"not_picked":["Twin Strike","True Grit"],"picked":"Rage","floor":27}],"player_experience":148985,"relics_obtained":[{"floor":6,"key":"Pantograph"},{"floor":8,"key":"Omamori"},{"floor":9,"key":"Gremlin Horn"},{"floor":13,"key":"Shovel"},{"floor":15,"key":"Juzu Bracelet"},{"floor":23,"key":"Centennial Puzzle"},{"floor":24,"key":"Happy Flower"},{"floor":25,"key":"Potion Belt"},{"floor":26,"key":"WingedGreaves"},{"floor":28,"key":"Anchor"}],"event_choices":[{"damage_healed":0,"gold_gain":0,"player_choice":"Entered Light","damage_taken":16,"max_hp_gain":0,"max_hp_loss":0,"event_name":"Shining Light","floor":2,"gold_loss":0,"cards_upgraded":["Defend_R","Strike_R"]},{"damage_healed":0,"gold_gain":0,"player_choice":"Success","damage_taken":3,"relics_obtained":["Shuriken"],"max_hp_gain":0,"max_hp_loss":0,"event_name":"Scrap Ooze","floor":3,"gold_loss":0},{"damage_healed":0,"gold_gain":0,"player_choice":"Grow","damage_taken":0,"max_hp_gain":0,"max_hp_loss":0,"event_name":"Living Wall","floor":4,"gold_loss":0,"cards_upgraded":["Body Slam"]},{"damage_healed":20,"gold_gain":0,"player_choice":"Healed","damage_taken":0,"max_hp_gain":0,"max_hp_loss":0,"event_name":"The Cleric","floor":11,"gold_loss":35},{"cards_removed":["Strike_R"],"damage_healed":0,"gold_gain":0,"player_choice":"Upgrade and Remove","damage_taken":0,"max_hp_gain":0,"max_hp_loss":0,"event_name":"Designer","floor":19,"gold_loss":90,"cards_upgraded":["Warcry"]}],"is_beta":false,"boss_relics":[{"not_picked":["Orrery","Pandora\u0027s Box"],"picked":"Black Blood"}],"items_purged_floors":[22],"is_endless":false,"potions_floor_spawned":[1,7,8,16,20,24,27],"killed_by":"Snecko","ascension_level":2}