{"gold_per_floor":[214,214,282,293,27,27,55,55,110,144,159,11,41,109,109,204,204,193,68,118,129,213,242,242],"floor_reached":24,"playtime":799,"items_purged":["Strike_B","Strike_B","Strike_B"],"score":316,"play_id":"7514473d-1b63-4a4b-b39c-3c533b9cf677","local_time":"20190608231057","is_ascension_mode":true,"campfire_choices":[{"data":"Zap","floor":6,"key":"SMITH"},{"floor":8,"key":"REST"},{"data":"Defragment","floor":15,"key":"SMITH"}],"neow_cost":"NONE","seed_source_timestamp":1591200435007700,"circlet_count":0,"master_deck":["Defend_B+1","Defend_B","Defend_B+1","Zap+1","Dualcast","Chill","Ball Lightning","Streamline","Cold Snap","Chill","Defragment+1","Cold Snap","Cold Snap","Electrodynamics","Biased Cognition","Heatsinks","Machine Learning","Undo","Glacier"],"relics":["FrozenCore","SsserpentHead","Oddly Smooth Stone","Pen Nib","War Paint","WingedGreaves","Vajra","Red Mask","Girya"],"potions_floor_usage":[10,16,16,23,24,24],"damage_taken":[{"damage":4,"enemies":"Jaw Worm","floor":1,"turns":3},{"damage":0,"enemies":"Cultist","floor":3,"turns":5},{"damage":13,"enemies":"2 Louse","floor":4,"turns":2},{"damage":18,"enemies":"3 Sentries","floor":7,"turns":6},{"damage":8,"enemies":"Gremlin Nob","floor":10,"turns":4},{"damage":1,"enemies":"Exordium Wildlife","floor":11,"turns":3},{"damage":8,"enemies":"Lagavulin","floor":13,"turns":6},{"damage":6,"enemies":"2 Fungi Beasts","floor":14,"turns":3},{"damage":1,"enemies":"Hexaghost","floor":16,"turns":7},{"damage":10,"enemies":"2 Thieves","floor":18,"turns":4},{"damage":0,"enemies":"3 Byrds","floor":21,"turns":3},{"damage":0,"enemies":"Masked Bandits","floor":22,"turns":4},{"damage":24,"enemies":"Book of Stabbing","floor":23,"turns":9},{"damage":47,"enemies":"Gremlin Leader","floor":24,"turns":6}],"seed_played":"-559464918381062647","potions_obtained":[{"floor":1,"key":"FocusPotion"},{"floor":3,"key":"Fire Potion"},{"floor":13,"key":"Strength Potion"},{"floor":14,"key":"Poison Potion"},{"floor":16,"key":"Block Potion"},{"floor":18,"key":"SteroidPotion"},{"floor":21,"key":"Regen Potion"}],"is_trial":false,"path_per_floor":["M","?","M","M","$","R","E","R","T","E","M","$","E","M","R","B",null,"M","$","?","M","?","E","E"],"character_chosen":"DEFECT","items_purchased":["Oddly Smooth Stone","Cold Snap","Cold Snap"],"campfire_rested":1,"item_purchase_floors":[5,5,12],"current_hp_per_floor":[64,64,64,51,51,51,33,55,55,47,46,46,38,32,32,31,64,54,54,54,54,54,30,0],"gold":242,"neow_bonus":"HUNDRED_GOLD","is_prod":false,"is_daily":false,"chose_seed":false,"campfire_upgraded":2,"win_rate":0,"timestamp":1560031857,"path_taken":["M","?","?","M","$","R","E","R","T","E","M","$","E","?","R","BOSS","M","$","?","M","?","E","E"],"build_version":"2019-01-23","purchased_purges":3,"victory":false,"max_hp_per_floor":[75,75,75,75,75,75,75,75,75,75,75,75,75,75,75,75,75,75,75,75,75,75,75,75],"card_choices":[{"not_picked":["Reprogram","Leap"],"picked":"Chill","floor":1},{"not_picked":["Heatsinks","Sweeping Beam"],"picked":"Ball Lightning","floor":3},{"not_picked":["White Noise","Ball Lightning"],"picked":"Streamline","floor":4},{"not_picked":["Stack","Redo","Storm"],"picked":"SKIP","floor":7},{"not_picked":["Reprogram","Consume"],"picked":"Chill","floor":10},{"not_picked":["Double Energy","Leap"],"picked":"Defragment","floor":11},{"not_picked":["Leap","Steam"],"picked":"Cold Snap","floor":13},{"not_picked":["Go for the Eyes","Force Field"],"picked":"Electrodynamics","floor":14},{"not_picked":["Thunder Strike","Amplify"],"picked":"Biased Cognition","floor":16},{"not_picked":["Barrage","Chill","Steam"],"picked":"SKIP","floor":18},{"not_picked":["Blizzard","Fusion+1"],"picked":"Undo","floor":21},{"not_picked":["Lockon","Barrage+1"],"picked":"Glacier","floor":22},{"not_picked":["Scrape+1","Reprogram","Turbo+1"],"picked":"SKIP","floor":23}],"player_experience":134112,"relics_obtained":[{"floor":7,"key":"Pen Nib"},{"floor":9,"key":"War Paint"},{"floor":10,"key":"WingedGreaves"},{"floor":13,"key":"Vajra"},{"floor":22,"key":"Red Mask"},{"floor":23,"key":"Girya"}],"event_choices":[{"damage_healed":0,"gold_gain":0,"player_choice":"Trade","damage_taken":0,"relics_obtained":["SsserpentHead"],"max_hp_gain":0,"max_hp_loss":0,"event_name":"FaceTrader","floor":2,"gold_loss":0},{"damage_healed":0,"gold_gain":0,"cards_transformed":["Strike_B","Defend_B"],"player_choice":"Became Test Subject","damage_taken":0,"max_hp_gain":0,"max_hp_loss":0,"event_name":"Drug Dealer","floor":20,"gold_loss":0,"cards_obtained":["Heatsinks","Machine Learning"]},{"damage_healed":0,"gold_gain":0,"player_choice":"Fought Bandits","damage_taken":0,"max_hp_gain":0,"max_hp_loss":0,"event_name":"Masked Bandits","floor":22,"gold_loss":0}],"is_beta":false,"boss_relics":[{"not_picked":["Sozu","Pandora\u0027s Box"],"picked":"FrozenCore"}],"items_purged_floors":[5,12,19],"is_endless":false,"potions_floor_spawned":[1,3,13,14,16,18,21,22],"killed_by":"Gremlin Leader","ascension_level":7}