{"gold_per_floor":[111,41,51,69,89,89,118,118,118,118,134,169,169],"floor_reached":13,"playtime":4051,"items_purged":[],"score":128,"play_id":"d3006a10-cd04-406b-8c85-81f174c65067","local_time":"20190828232504","is_ascension_mode":true,"campfire_choices":[{"data":"Zap","floor":6,"key":"SMITH"},{"data":"Dualcast","floor":8,"key":"SMITH"},{"floor":10,"key":"REST"}],"neow_cost":"NONE","seed_source_timestamp":167616029028533,"circlet_count":0,"master_deck":["Strike_B","Strike_B","Strike_B","Strike_B","Defend_B","Defend_B","Defend_B","Defend_B","Zap+1","Dualcast+1","Go for the Eyes","Capacitor","Coolheaded","Steam","BootSequence","Storm","Leap","Streamline"],"relics":["Cracked Core","NeowsBlessing","Question Card","WingedGreaves","Gambling Chip"],"potions_floor_usage":[12,13],"damage_taken":[{"damage":0,"enemies":"Small Slimes","floor":1,"turns":1},{"damage":0,"enemies":"Jaw Worm","floor":3,"turns":1},{"damage":0,"enemies":"2 Louse","floor":4,"turns":1},{"damage":3,"enemies":"Looter","floor":5,"turns":3},{"damage":33,"enemies":"3 Sentries","floor":7,"turns":10},{"damage":1,"enemies":"Red Slaver","floor":11,"turns":3},{"damage":17,"enemies":"Gremlin Nob","floor":12,"turns":4},{"damage":37,"enemies":"The Mushroom Lair","floor":13,"turns":3}],"seed_played":"-1245811195698881828","potions_obtained":[{"floor":5,"key":"Poison Potion"},{"floor":7,"key":"FocusPotion"},{"floor":12,"key":"Ancient Potion"}],"is_trial":false,"path_per_floor":["M","$","M","M","M","R","E","R","T","R","M","E","?"],"character_chosen":"DEFECT","items_purchased":["Capacitor"],"campfire_rested":1,"item_purchase_floors":[2],"current_hp_per_floor":[68,68,68,68,65,65,32,32,32,54,53,36,0],"gold":169,"neow_bonus":"THREE_ENEMY_KILL","is_prod":false,"is_daily":false,"chose_seed":false,"campfire_upgraded":2,"win_rate":0,"timestamp":1567049104,"path_taken":["M","$","M","M","M","R","E","R","T","R","M","E","?"],"build_version":"2019-08-26","purchased_purges":0,"victory":false,"max_hp_per_floor":[75,75,75,75,75,75,75,75,75,75,75,75,75],"card_choices":[{"not_picked":["Rebound","Compile Driver"],"picked":"Go for the Eyes","floor":1},{"not_picked":["Darkness","Undo"],"picked":"Coolheaded","floor":3},{"not_picked":["Rebound","Barrage"],"picked":"Steam","floor":4},{"not_picked":["Redo","Go for the Eyes"],"picked":"BootSequence","floor":5},{"not_picked":["Force Field","Fusion"],"picked":"Storm","floor":7},{"not_picked":["Doom and Gloom","Go for the Eyes","Tempest"],"picked":"Leap","floor":11},{"not_picked":["Compile Driver","Steam","Force Field"],"picked":"Streamline","floor":12}],"player_experience":135592,"relics_obtained":[{"floor":7,"key":"Question Card"},{"floor":9,"key":"WingedGreaves"},{"floor":12,"key":"Gambling Chip"}],"event_choices":[{"damage_healed":0,"gold_gain":0,"player_choice":"Fought Mushrooms","damage_taken":0,"max_hp_gain":0,"max_hp_loss":0,"event_name":"Mushrooms","floor":13,"gold_loss":0}],"is_beta":true,"boss_relics":[],"items_purged_floors":[],"is_endless":false,"potions_floor_spawned":[5,7,12],"killed_by":"The Mushroom Lair","ascension_level":7}