{"gold_per_floor":[119,138,148,98,117,135,167,155,226,226,253,253,266,276,276,379,379,395,395,411,427,8,37,37,37,61,86,115,127,150,177,189,201],"floor_reached":33,"playtime":2430,"items_purged":["Strike_G"],"score":348,"play_id":"063fdc13-811c-40e9-a3a3-bae1e11a6d13","local_time":"20190827155126","is_ascension_mode":true,"campfire_choices":[{"data":"Bouncing Flask","floor":15.0,"key":"SMITH"},{"data":"Neutralize","floor":24.0,"key":"SMITH"},{"data":"Catalyst","floor":25.0,"key":"SMITH"},{"floor":29.0,"key":"REST"},{"floor":32.0,"key":"REST"}],"neow_cost":"NONE","seed_source_timestamp":1046580806423500,"circlet_count":0,"master_deck":["Strike_G","Defend_G","Defend_G","Defend_G","Defend_G","Defend_G","Survivor","Neutralize+1","Noxious Fumes","Catalyst+1","Noxious Fumes","Crippling Poison","Deflect","PiercingWail","Bouncing Flask+1","Well Laid Plans","Noxious Fumes+1","Footwork+1","Corpse Explosion","Dagger Throw","Blur","Prepared","Catalyst","Footwork+1","Deflect"],"special_seed":0,"relics":["Ring of the Snake","Gremlin Horn","Question Card","Dodecahedron","Frozen Egg 2","Empty Cage","Toy Ornithopter","Potion Belt","WingedGreaves","Omamori","MawBank"],"potions_floor_usage":[33,33,33],"damage_taken":[{"damage":1.0,"enemies":"2 Louse","floor":1.0,"turns":3.0},{"damage":2.0,"enemies":"Jaw Worm","floor":2.0,"turns":6.0},{"damage":2.0,"enemies":"Cultist","floor":3.0,"turns":5.0},{"damage":1.0,"enemies":"Large Slime","floor":5.0,"turns":6.0},{"damage":2.0,"enemies":"Red Slaver","floor":6.0,"turns":5.0},{"damage":8.0,"enemies":"Lagavulin","floor":7.0,"turns":6.0},{"damage":16.0,"enemies":"Exordium Thugs","floor":8.0,"turns":6.0},{"damage":33.0,"enemies":"Gremlin Nob","floor":11.0,"turns":5.0},{"damage":0.0,"enemies":"Looter","floor":13.0,"turns":3.0},{"damage":0.0,"enemies":"Exordium Wildlife","floor":14.0,"turns":3.0},{"damage":11.0,"enemies":"The Guardian","floor":16.0,"turns":8.0},{"damage":0.0,"enemies":"Spheric Guardian","floor":18.0,"turns":3.0},{"damage":7.0,"enemies":"Shell Parasite","floor":20.0,"turns":5.0},{"damage":24.0,"enemies":"Sentry and Sphere","floor":21.0,"turns":6.0},{"damage":16.0,"enemies":"Gremlin Leader","floor":23.0,"turns":7.0},{"damage":13.0,"enemies":"Book of Stabbing","floor":27.0,"turns":7.0},{"damage":20.0,"enemies":"Snecko","floor":28.0,"turns":4.0},{"damage":21.0,"enemies":"Centurion and Healer","floor":30.0,"turns":6.0},{"damage":13.0,"enemies":"Snake Plant","floor":31.0,"turns":4.0},{"damage":47,"enemies":"Collector","floor":33,"turns":5}],"seed_played":"-7458884288141066383","potions_obtained":[{"floor":1.0,"key":"LiquidBronze"},{"floor":3.0,"key":"LiquidBronze"},{"floor":5.0,"key":"Energy Potion"},{"floor":21.0,"key":"AttackPotion"},{"floor":23.0,"key":"SteroidPotion"},{"floor":28.0,"key":"PowerPotion"},{"floor":30.0,"key":"SpeedPotion"}],"is_trial":false,"path_per_floor":["M","M","M","?","M","M","E","M","T","?","E","T","M","M","R","B",null,"M","?","M","M","$","E","R","R","T","E","M","R","M","M","R","B"],"character_chosen":"THE_SILENT","items_purchased":["Toy Ornithopter","Potion Belt"],"campfire_rested":2,"item_purchase_floors":[22,22],"current_hp_per_floor":[76,74,72,72,71,69,61,45,45,45,12,12,12,12,12,1,77,77,77,70,46,46,40,40,40,40,27,7,30,14,1,24,0],"gold":201,"neow_bonus":"TEN_PERCENT_HP_BONUS","is_prod":false,"is_daily":false,"chose_seed":false,"campfire_upgraded":3,"win_rate":0,"timestamp":1566913886,"path_taken":["M","M","M","?","M","M","E","M","T","?","E","?","M","M","R","BOSS","M","?","M","M","$","E","R","R","T","E","M","R","M","?","R","BOSS"],"build_version":"2019-07-17","purchased_purges":1,"victory":false,"max_hp_per_floor":[77,77,77,77,77,77,77,77,77,77,77,77,77,77,77,77,77,77,77,77,77,77,77,77,77,77,77,77,77,77,77,77,77],"card_choices":[{"not_picked":["Dagger Spray","Slice"],"picked":"Noxious Fumes","floor":1.0},{"not_picked":["Concentrate","PiercingWail"],"picked":"Catalyst","floor":2.0},{"not_picked":["Flying Knee","Acrobatics"],"picked":"Noxious Fumes","floor":3.0},{"not_picked":["Reflex","Heel Hook"],"picked":"Crippling Poison","floor":5.0},{"not_picked":["Blade Dance","Outmaneuver"],"picked":"Deflect","floor":6.0},{"not_picked":["Expertise","Terror"],"picked":"PiercingWail","floor":7.0},{"not_picked":["Escape Plan","Poisoned Stab"],"picked":"Bouncing Flask","floor":8.0},{"not_picked":["Finisher","Eviscerate","Phantasmal Killer"],"picked":"Well Laid Plans","floor":11.0},{"not_picked":["Dodge and Roll","Dagger Spray","Quick Slash"],"picked":"Noxious Fumes+1","floor":13.0},{"not_picked":["Quick Slash","Distraction","Expertise"],"picked":"Footwork+1","floor":14.0},{"not_picked":["Venomology","Tools of the Trade+1","Storm of Steel"],"picked":"Corpse Explosion","floor":16.0},{"not_picked":["Reflex","Choke","Poisoned Stab"],"picked":"Dagger Throw","floor":18.0},{"not_picked":["Cloak And Dagger+1","Quick Slash","Choke"],"picked":"Blur","floor":20.0},{"not_picked":["Bouncing Flask+1","Choke","Crippling Poison","Flying Knee"],"picked":"SKIP","floor":21.0},{"not_picked":["All Out Attack","Sucker Punch","Choke"],"picked":"Prepared","floor":23.0},{"not_picked":["Quick Slash","Dagger Spray","Flying Knee"],"picked":"Catalyst","floor":27.0},{"not_picked":["Dodge and Roll","Riddle With Holes","Dagger Throw+1","Doppelganger"],"picked":"SKIP","floor":28.0},{"not_picked":["Slice+1","Distraction","Poisoned Stab"],"picked":"Footwork+1","floor":30.0},{"not_picked":["Distraction+1","Quick Slash","Footwork+1"],"picked":"Deflect","floor":31.0}],"player_experience":218625,"relics_obtained":[{"floor":7.0,"key":"Gremlin Horn"},{"floor":9.0,"key":"Question Card"},{"floor":11.0,"key":"Dodecahedron"},{"floor":12.0,"key":"Frozen Egg 2"},{"floor":23.0,"key":"WingedGreaves"},{"floor":26.0,"key":"Omamori"},{"floor":27.0,"key":"MawBank"}],"event_choices":[{"cards_removed":["Strike_G"],"damage_healed":0.0,"max_hp_gain":0.0,"max_hp_loss":0.0,"gold_gain":0.0,"event_name":"The Cleric","player_choice":"Card Removal","floor":4.0,"gold_loss":50.0,"damage_taken":0.0},{"damage_healed":0.0,"max_hp_gain":0.0,"max_hp_loss":0.0,"gold_gain":0.0,"event_name":"Liars Game","player_choice":"Ignored","floor":10.0,"gold_loss":0.0,"damage_taken":0.0},{"damage_healed":0.0,"max_hp_gain":0.0,"max_hp_loss":0.0,"gold_gain":0.0,"event_name":"Match and Keep!","player_choice":"0 cards matched","floor":19.0,"gold_loss":0.0,"damage_taken":0.0,"cards_obtained":[]}],"is_beta":false,"boss_relics":[{"not_picked":["Runic Pyramid","Velvet Choker"],"picked":"Empty Cage"}],"items_purged_floors":[22],"is_endless":false,"potions_floor_spawned":[1,3,5,7,11,21,23,28,30],"killed_by":"Collector","ascension_level":3}