{"gold_per_floor":[113,113,133,133,9,44,44,79,79,96,96,116,131,31,31,110,110,122,132,132,152,152,152],"floor_reached":23,"playtime":1130,"items_purged":["Strike_B","Strike_B"],"score":332,"play_id":"69025844-3382-4030-a2a5-2d18dbbba885","local_time":"20190902155538","is_ascension_mode":true,"campfire_choices":[{"data":"Defragment","floor":7,"key":"SMITH"},{"floor":15,"key":"REST"}],"neow_cost":"NONE","seed_source_timestamp":8246213933900,"circlet_count":0,"master_deck":["AscendersBane","Strike_B","Strike_B+1","Defend_B","Defend_B+1","Defend_B+1","Defend_B+1","Zap","Dualcast","Coolheaded","Coolheaded","Ball Lightning","Defragment+1","Steam","Coolheaded","Sunder","Go for the Eyes","Echo Form","Consume"],"relics":["Cracked Core","War Paint","Mercury Hourglass","Boot","Ornamental Fan","Dream Catcher","Cursed Key"],"potions_floor_usage":[8,23],"damage_taken":[{"damage":0,"enemies":"Jaw Worm","floor":1,"turns":4},{"damage":1,"enemies":"2 Louse","floor":3,"turns":3},{"damage":16,"enemies":"3 Sentries","floor":6,"turns":9},{"damage":6,"enemies":"Gremlin Nob","floor":8,"turns":3},{"damage":0,"enemies":"Cultist","floor":10,"turns":3},{"damage":2,"enemies":"2 Fungi Beasts","floor":12,"turns":3},{"damage":12,"enemies":"Exordium Wildlife","floor":13,"turns":3},{"damage":29,"enemies":"Hexaghost","floor":16,"turns":13},{"damage":8,"enemies":"Shell Parasite","floor":18,"turns":6},{"damage":22,"enemies":"2 Thieves","floor":19,"turns":3},{"damage":19,"enemies":"Sentry and Sphere","floor":21,"turns":6},{"damage":5,"enemies":"Book of Stabbing","floor":23,"turns":2}],"seed_played":"6630346459892635166","potions_obtained":[{"floor":1,"key":"Strength Potion"},{"floor":8,"key":"Ancient Potion"},{"floor":10,"key":"Weak Potion"}],"is_trial":false,"path_per_floor":["M","?","M","?","$","E","R","E","T","M","?","M","M","$","R","B",null,"M","M","?","M","?","E"],"character_chosen":"DEFECT","items_purchased":["Ball Lightning"],"campfire_rested":1,"item_purchase_floors":[5],"current_hp_per_floor":[68,73,72,56,56,40,40,34,34,34,27,25,13,13,37,8,62,54,32,24,5,5,0],"gold":152,"neow_bonus":"RANDOM_COMMON_RELIC","is_prod":false,"is_daily":false,"chose_seed":false,"campfire_upgraded":1,"win_rate":0,"timestamp":1567436138,"path_taken":["M","?","M","?","$","E","R","E","T","M","?","M","M","?","R","BOSS","M","M","?","?","?","E"],"build_version":"2019-07-17","purchased_purges":2,"victory":false,"max_hp_per_floor":[75,80,80,80,80,80,80,80,80,80,80,80,80,80,80,80,80,80,80,80,80,80,80],"card_choices":[{"not_picked":["Steam","Tempest"],"picked":"Coolheaded","floor":1},{"not_picked":["Rebound","Melter"],"picked":"Coolheaded","floor":3},{"not_picked":["Leap","Skim"],"picked":"Defragment","floor":6},{"not_picked":["Compile Driver","Thunder Strike"],"picked":"Steam","floor":8},{"not_picked":["Cold Snap","Reprogram"],"picked":"Coolheaded","floor":10},{"not_picked":["Double Energy","White Noise"],"picked":"Sunder","floor":12},{"not_picked":["Compile Driver","Barrage"],"picked":"Go for the Eyes","floor":13},{"not_picked":["Rainbow","Machine Learning"],"picked":"Echo Form","floor":16},{"not_picked":["Go for the Eyes","Rip and Tear","Steam"],"picked":"SKIP","floor":18},{"not_picked":["Stack","Hologram","Force Field"],"picked":"SKIP","floor":19},{"not_picked":["Cold Snap","Steam"],"picked":"Consume","floor":21}],"player_experience":222945,"relics_obtained":[{"floor":6,"key":"Mercury Hourglass"},{"floor":8,"key":"Boot"},{"floor":9,"key":"Ornamental Fan"}],"event_choices":[{"damage_healed":0,"gold_gain":0,"player_choice":"Donut","damage_taken":0,"max_hp_gain":5,"max_hp_loss":0,"event_name":"Big Fish","floor":2,"gold_loss":0},{"damage_healed":0,"gold_gain":0,"player_choice":"Entered Light","damage_taken":16,"max_hp_gain":0,"max_hp_loss":0,"event_name":"Shining Light","floor":4,"gold_loss":0,"cards_upgraded":["Defend_B","Strike_B"]},{"damage_healed":0,"gold_gain":0,"player_choice":"Success","damage_taken":7,"relics_obtained":["Dream Catcher"],"max_hp_gain":0,"max_hp_loss":0,"event_name":"Scrap Ooze","floor":11,"gold_loss":0},{"damage_healed":0,"gold_gain":0,"player_choice":"Damaged","damage_taken":8,"max_hp_gain":0,"max_hp_loss":0,"event_name":"Wheel of Change","floor":20,"gold_loss":0},{"damage_healed":0,"gold_gain":0,"player_choice":"Ignored","damage_taken":0,"max_hp_gain":0,"max_hp_loss":0,"event_name":"Cursed Tome","floor":22,"gold_loss":0}],"is_beta":false,"boss_relics":[{"not_picked":["Orrery","Busted Crown"],"picked":"Cursed Key"}],"items_purged_floors":[5,14],"is_endless":false,"potions_floor_spawned":[1,8,10,13,16,21],"killed_by":"Book of Stabbing","ascension_level":13}