{"gold_per_floor":[109,127,138,64,64,64,96,96,119,119],"floor_reached":10,"playtime":447,"items_purged":[],"score":76,"play_id":"5b0cd0fc-6348-45c2-b46d-1096dc454ec0","local_time":"20190906142135","is_ascension_mode":true,"campfire_choices":[{"data":"Calculated Gamble","floor":6,"key":"SMITH"},{"data":"Caltrops","floor":8,"key":"SMITH"}],"neow_cost":"NONE","seed_source_timestamp":67577769766700,"circlet_count":0,"master_deck":["Strike_G","Strike_G","Strike_G","Strike_G","Defend_G","Defend_G","Defend_G","Defend_G","Defend_G","Survivor","Neutralize+1","Calculated Gamble+1","Flying Knee","Heel Hook","Malaise","Caltrops+1"],"relics":["Ring of the Snake","Blood Vial","Oddly Smooth Stone"],"potions_floor_usage":[7],"damage_taken":[{"damage":0,"enemies":"Cultist","floor":1,"turns":5},{"damage":8,"enemies":"Jaw Worm","floor":2,"turns":5},{"damage":0,"enemies":"2 Louse","floor":3,"turns":3},{"damage":31,"enemies":"Gremlin Nob","floor":7,"turns":6},{"damage":33,"enemies":"3 Sentries","floor":10,"turns":6}],"seed_played":"-2975393983758983197","potions_obtained":[{"floor":1,"key":"Strength Potion"},{"floor":2,"key":"Energy Potion"}],"is_trial":false,"path_per_floor":["M","M","M","$","?","R","E","R","T","E"],"character_chosen":"THE_SILENT","items_purchased":["Malaise"],"campfire_rested":0,"item_purchase_floors":[4],"current_hp_per_floor":[70,62,62,62,62,62,31,31,31,0],"gold":119,"neow_bonus":"UPGRADE_CARD","is_prod":false,"is_daily":false,"chose_seed":false,"campfire_upgraded":2,"win_rate":0,"timestamp":1567772495,"path_taken":["M","?","M","?","?","R","E","R","T","E"],"build_version":"2019-07-17","purchased_purges":0,"victory":false,"max_hp_per_floor":[70,70,70,70,70,70,70,70,70,70],"card_choices":[{"not_picked":["Distraction","Bane"],"picked":"Calculated Gamble","floor":1},{"not_picked":["Outmaneuver","Bane"],"picked":"Flying Knee","floor":2},{"not_picked":["Blade Dance","Caltrops"],"picked":"Heel Hook","floor":3},{"not_picked":["Unload","Bouncing Flask"],"picked":"Caltrops","floor":7}],"player_experience":222065,"relics_obtained":[{"floor":7,"key":"Blood Vial"},{"floor":9,"key":"Oddly Smooth Stone"}],"event_choices":[{"cards_removed":["Strike_G"],"damage_healed":0,"gold_gain":0,"player_choice":"Offered Basic","damage_taken":0,"max_hp_gain":0,"max_hp_loss":0,"event_name":"Bonfire Elementals","floor":5,"gold_loss":0}],"is_beta":false,"boss_relics":[],"items_purged_floors":[],"is_endless":false,"potions_floor_spawned":[1,2],"killed_by":"3 Sentries","ascension_level":3}