{"path_per_floor":["M","?","M","?","M","E","?","?","T","E","?","$","M","M","R","B",null,"M","$","?","?","M","R","?","R","T","T","?","R","?","M","R","B",null,"M","$","M","M","M","R","M","?","T","?","?","M","$","M","R"],"character_chosen":"IRONCLAD","items_purchased":["Shrug It Off","Pen Nib","Self Forming Clay","Vajra","Dual Wield","Energy Potion","Block Potion","Double Tap"],"gold_per_floor":[10,10,20,20,31,63,63,238,238,263,263,18,37,55,55,154,154,174,74,74,74,91,91,91,91,141,441,441,441,366,385,385,490,490,505,55,65,81,93,93,108,108,108,208,208,221,53,70,70,70],"floor_reached":50,"campfire_rested":2,"playtime":2766,"current_hp_per_floor":[80,80,80,80,74,52,52,52,52,30,22,22,29,47,47,57,80,50,50,50,35,38,38,38,38,38,38,38,38,38,54,79,39,85,52,52,53,38,56,56,62,51,51,51,51,46,46,27,52,13],"items_purged":["Doubt","Regret"],"gold":70,"score":625,"play_id":"d5247735-d38b-477e-a0e9-0c61cff65f79","local_time":"20180324175142","is_prod":false,"is_daily":false,"is_ascension_mode":true,"campfire_upgraded":5,"timestamp":1521881502,"path_taken":["M","?","M","?","M","E","?","?","T","E","?","$","M","M","R","BOSS","M","$","?","?","M","R","?","R","T","?","?","R","?","M","R","BOSS","M","$","M","M","M","R","M","?","T","?","?","?","$","M","R","BOSS"],"build_version":"2018-03-22v2","purchased_purges":2,"victory":false,"master_deck":["Strike_R","Strike_R","Defend_R+1","Defend_R+1","Defend_R","Defend_R","Bash","Reckless Charge","Pommel Strike","Rampage+1","Metallicize+1","Uppercut+1","Shrug It Off","Shrug It Off","Iron Wave","Sword Boomerang","Double Tap+1","Metallicize+1","Iron Wave","Whirlwind+1","Juggernaut+1","Shrug It Off+1","Dual Wield","Battle Trance+1","Flex+1","Disarm+1","Shockwave","Madness","Madness","Flex+1","Double Tap"],"max_hp_per_floor":[80,80,80,80,80,80,80,80,80,80,80,80,80,80,80,80,80,80,80,80,85,85,85,85,85,85,85,85,85,85,85,85,85,85,85,85,85,85,85,85,85,85,85,85,85,85,85,85,85,85],"relics":["Burning Blood","Red Skull","Meat on the Bone","Charon\u0027s Ashes","Ginger","Mummified Hand","Pen Nib","Philosopher\u0027s Stone","Frozen Egg 2","War Paint","Old Coin","White Beast Statue","Self Forming Clay","Vajra","Peace Pipe"],"card_choices":[{"not_picked":["Clash","True Grit"],"picked":"Reckless Charge","floor":1},{"not_picked":["Blood for Blood","Havoc"],"picked":"Pommel Strike","floor":3},{"not_picked":["Perfected Strike","Infernal Blade"],"picked":"Metallicize","floor":5},{"not_picked":["Seeing Red","Fiend Fire"],"picked":"Uppercut","floor":6},{"not_picked":["Infernal Blade","Headbutt"],"picked":"Shrug It Off","floor":10},{"not_picked":["True Grit","Wild Strike"],"picked":"Iron Wave","floor":13},{"not_picked":["Twin Strike","Burning Pact"],"picked":"Sword Boomerang","floor":14},{"not_picked":["Exhume","Brutality"],"picked":"Double Tap","floor":16},{"not_picked":["Twin Strike","Clothesline"],"picked":"Metallicize","floor":18},{"not_picked":["Twin Strike","Armaments"],"picked":"Iron Wave","floor":22},{"not_picked":["Combust","Anger"],"picked":"Whirlwind","floor":31},{"not_picked":["Reaper","Dark Embrace"],"picked":"Juggernaut","floor":33},{"not_picked":["Entrench","Havoc"],"picked":"Shrug It Off","floor":35},{"not_picked":["Sword Boomerang","Body Slam"],"picked":"Battle Trance","floor":37},{"not_picked":["Searing Blow","Perfected Strike"],"picked":"Flex","floor":38},{"not_picked":["True Grit","Pummel"],"picked":"Disarm","floor":39},{"not_picked":["Clothesline","Cleave"],"picked":"Shockwave","floor":41},{"not_picked":["Uppercut","Twin Strike"],"picked":"Flex","floor":46}],"player_experience":82303,"potions_floor_usage":[16,16,16,33,33,33,38,41,46,48,48,50,50],"damage_taken":[{"damage":4,"enemies":"Small Slimes","floor":1,"turns":4},{"damage":1,"enemies":"Cultist","floor":3,"turns":3},{"damage":12,"enemies":"2 Louse","floor":5,"turns":2},{"damage":28,"enemies":"3 Sentries","floor":6,"turns":10},{"damage":40,"enemies":"Gremlin Nob","floor":10,"turns":4},{"damage":11,"enemies":"Blue Slaver","floor":13,"turns":3},{"damage":0,"enemies":"Looter","floor":14,"turns":2},{"damage":8,"enemies":"Slime Boss","floor":16,"turns":4},{"damage":48,"enemies":"2 Thieves","floor":18,"turns":4},{"damage":15,"enemies":"3 Byrds","floor":22,"turns":4},{"damage":2,"enemies":"Centurion and Healer","floor":31,"turns":4},{"damage":58,"enemies":"Automaton","floor":33,"turns":9},{"damage":39,"enemies":"3 Darklings","floor":35,"turns":6},{"damage":5,"enemies":"Orb Walker","floor":37,"turns":3},{"damage":33,"enemies":"3 Darklings","floor":38,"turns":3},{"damage":0,"enemies":"Sphere and 2 Shapes","floor":39,"turns":3},{"damage":0,"enemies":"Maw","floor":41,"turns":6},{"damage":23,"enemies":"4 Shapes","floor":46,"turns":3},{"damage":37,"enemies":"3 Darklings","floor":48,"turns":4},{"damage":39,"enemies":"Donu and Deca","floor":50,"turns":6}],"event_choices":[{"event_name":"Purifier","player_choice":"One Purge","floor":2,"damage_taken":0},{"event_name":"Living Wall","player_choice":"Change","floor":4,"damage_taken":0},{"event_name":"Big Fish","player_choice":"Box","floor":7,"damage_taken":0},{"event_name":"Liars Game","player_choice":"agreed","floor":8,"damage_taken":0},{"event_name":"Wheel of Change","player_choice":"Damage","floor":11,"damage_taken":0},{"event_name":"The Mausoleum","player_choice":"Yes","floor":20,"damage_taken":0},{"event_name":"Forgotten Altar","player_choice":"Shed Blood","floor":21,"damage_taken":0},{"event_name":"N\u0027loth","player_choice":"Ignored","floor":24,"damage_taken":0},{"event_name":"The Lab","player_choice":"Got Potions","floor":28,"damage_taken":0},{"event_name":"Beggar","player_choice":"Gave Gold","floor":30,"damage_taken":0},{"event_name":"Winding Halls","player_choice":"Embrace Madness","floor":42,"damage_taken":0},{"event_name":"Golden Shrine","player_choice":"Pray","floor":44,"damage_taken":0},{"event_name":"Tomb of Lord Red Mask","player_choice":"Ignored","floor":45,"damage_taken":0}],"boss_relics":[{"not_picked":["Ectoplasm","Snecko Eye"],"picked":"Philosopher\u0027s Stone"},{"not_picked":["Velvet Choker","Question Card"],"picked":"White Beast Statue"}],"potions_floor_spawned":[6,13,14,16,31,35,37,38,39,41,46,48],"seed_played":"7584519967920535570","killed_by":"Donu and Deca","ascension_level":3,"is_trial":false}