{"gold_per_floor":[20,120,44,59,70,95,114,114,114,147,160,160],"floor_reached":12,"playtime":685,"items_purged":[],"score":122,"play_id":"dc0a3c1c-0c28-463d-a55a-8b6bb808bcdb","local_time":"20190917230330","is_ascension_mode":true,"campfire_choices":[{"floor":8.0,"key":"REST"}],"neow_cost":"NO_GOLD","seed_source_timestamp":0,"circlet_count":0,"master_deck":["Strike_G","Strike_G","Strike_G","Strike_G","Strike_G","Defend_G","Defend_G","Defend_G","Defend_G","Defend_G","Survivor","Neutralize","Skewer","Wraith Form v2","Bullet Time","Blade Dance","Escape Plan","Cloak And Dagger"],"special_seed":0,"relics":["Ring of the Snake","Dead Branch","Prayer Wheel","Ornamental Fan"],"potions_floor_usage":[],"damage_taken":[{"damage":0.0,"enemies":"2 Louse","floor":1.0,"turns":3.0},{"damage":2.0,"enemies":"Cultist","floor":4.0,"turns":4.0},{"damage":2.0,"enemies":"Small Slimes","floor":5.0,"turns":4.0},{"damage":30.0,"enemies":"Gremlin Nob","floor":6.0,"turns":6.0},{"damage":16.0,"enemies":"Exordium Wildlife","floor":7.0,"turns":6.0},{"damage":25.0,"enemies":"Lagavulin","floor":10.0,"turns":6.0},{"damage":1.0,"enemies":"Looter","floor":11.0,"turns":3.0},{"damage":30,"enemies":"Gremlin Nob","floor":12,"turns":4}],"seed_played":"1604963769302940501","potions_obtained":[{"floor":7.0,"key":"Strength Potion"}],"is_trial":false,"path_per_floor":["M","?","$","M","M","E","M","R","T","E","M","E"],"character_chosen":"THE_SILENT","items_purchased":["Wraith Form v2"],"campfire_rested":1,"item_purchase_floors":[3],"current_hp_per_floor":[77,77,77,75,73,43,27,52,52,27,26,0],"gold":160,"neow_bonus":"TWENTY_PERCENT_HP_BONUS","is_prod":false,"is_daily":false,"chose_seed":false,"campfire_upgraded":0,"win_rate":0,"timestamp":1568754210,"path_taken":["M","?","?","M","M","E","M","R","T","E","M","E"],"build_version":"2019-07-17","purchased_purges":0,"victory":false,"max_hp_per_floor":[84,84,84,84,84,84,84,84,84,84,84,84],"card_choices":[{"not_picked":["Deadly Poison","Outmaneuver"],"picked":"Skewer","floor":1.0},{"not_picked":["Backflip","Deflect","Quick Slash"],"picked":"SKIP","floor":4.0},{"not_picked":["Backflip","Slice","Masterful Stab"],"picked":"SKIP","floor":5.0},{"not_picked":["All Out Attack","Eviscerate"],"picked":"Bullet Time","floor":6.0},{"not_picked":["Underhanded Strike","Poisoned Stab"],"picked":"Blade Dance","floor":7.0},{"not_picked":["Blade Dance","Dagger Spray","Poisoned Stab"],"picked":"SKIP","floor":10.0},{"not_picked":["Blade Dance","Dagger Throw"],"picked":"Escape Plan","floor":11.0},{"not_picked":["Acrobatics","Outmaneuver"],"picked":"Cloak And Dagger","floor":11.0}],"player_experience":207019,"relics_obtained":[{"floor":6.0,"key":"Dead Branch"},{"floor":9.0,"key":"Prayer Wheel"},{"floor":10.0,"key":"Ornamental Fan"}],"event_choices":[{"damage_healed":0.0,"max_hp_gain":0.0,"max_hp_loss":0.0,"gold_gain":100.0,"event_name":"Golden Shrine","player_choice":"Pray","floor":2.0,"gold_loss":0.0,"damage_taken":0.0}],"is_beta":false,"boss_relics":[],"items_purged_floors":[],"is_endless":false,"potions_floor_spawned":[7],"killed_by":"Gremlin Nob","ascension_level":7}