{"path_per_floor":["M","?","M","M","?","E","R","?","T","M","E","M","M","M","R","B",null,"M","?","$","M","M","R","M","R","T","R","?","R","E","?","R","B",null,"M","?","M","T","?","R","M","E","T","R","M","$","M","$","R","B"],"character_chosen":"IRONCLAD","items_purchased":["Shuriken","Intimidate","Heavy Blade","Strange Spoon","Gremlin Horn","Fire Potion","True Grit"],"gold_per_floor":[19,19,37,48,48,83,83,83,83,99,129,145,163,174,174,274,304,314,314,35,55,72,72,85,85,85,85,85,85,112,112,112,210,210,225,225,242,542,593,593,610,643,721,721,732,46,56,56,56,56],"floor_reached":51,"campfire_rested":4,"playtime":3266,"current_hp_per_floor":[80,77,80,80,80,50,50,50,50,50,35,41,40,46,46,34,100,96,96,96,61,41,41,41,41,55,91,91,91,40,82,82,34,126,126,126,79,79,47,87,75,48,48,88,73,73,79,79,120,41],"items_purged":["Strike_R"],"gold":56,"score":657,"play_id":"203c41f7-b6a6-4535-9c02-cef3648a0e1d","is_prod":false,"is_daily":false,"is_ascension_mode":false,"campfire_upgraded":5,"path_taken":["M","?","M","M","?","E","R","?","T","M","E","M","?","M","R","BOSS","M","?","$","M","M","R","M","R","T","R","?","R","E","?","R","BOSS","M","?","M","?","?","R","M","E","T","R","M","$","M","?","R","BOSS"],"build_version":"2018-02-22-PROD2","purchased_purges":1,"victory":true,"master_deck":["Strike_R","Defend_R","Defend_R","Defend_R","Defend_R","Bash","Limit Break+1","Cleave","Headbutt","Warcry","Warcry","Feed+1","Blood for Blood","Metallicize+1","Thunderclap","Clothesline","Twin Strike","Double Tap+1","Heavy Blade","Intimidate","Headbutt","Intimidate+1","Inflame+1","Battle Trance","Offering","Headbutt+1","Flex","Power Through+1","Pommel Strike+1","Anger+1","Heavy Blade+1","Shrug It Off","Heavy Blade","True Grit","Ghostly Armor+1"],"max_hp_per_floor":[80,80,80,80,80,80,80,80,80,84,84,88,92,96,96,100,100,100,100,100,104,108,108,108,108,122,122,122,122,126,126,126,126,126,126,126,130,130,134,134,134,134,134,134,138,138,138,138,138,138],"relics":["Burning Blood","Red Skull","Unceasing Top","Dream Catcher","Lantern","Calling Bell","Tiny Chest","Dodecahedron","Bag of Marbles","Shuriken","Mango","Peace Pipe","Velvet Choker","Old Coin","Champion Belt","Vajra","Darkstone Periapt","Strange Spoon","Gremlin Horn"],"card_choices":[{"not_picked":["Offering","Impervious"],"picked":"Limit Break"},{"not_picked":["Feel No Pain","Body Slam"],"picked":"Cleave"},{"not_picked":["Thunderclap","Cleave"],"picked":"Headbutt"},{"not_picked":["Body Slam","Flame Barrier"],"picked":"Warcry"},{"not_picked":["Blood for Blood","Armaments"],"picked":"Feed"},{"not_picked":["True Grit","Rupture"],"picked":"Iron Wave"},{"not_picked":["True Grit","Dark Embrace"],"picked":"Metallicize"},{"not_picked":["Warcry","Perfected Strike"],"picked":"Thunderclap"},{"not_picked":["Warcry","Headbutt"],"picked":"Clothesline"},{"not_picked":["Perfected Strike","Anger"],"picked":"Twin Strike"},{"not_picked":["Juggernaut","Feed"],"picked":"Double Tap"},{"not_picked":["Twin Strike","Fire Breathing"],"picked":"Heavy Blade"},{"not_picked":["Warcry","Cleave"],"picked":"Headbutt"},{"not_picked":["Thunderclap","Shrug It Off"],"picked":"Intimidate"},{"not_picked":["Heavy Blade","Entrench"],"picked":"Inflame"},{"not_picked":["Heavy Blade","Warcry"],"picked":"Battle Trance"},{"not_picked":["Barricade","Fiend Fire"],"picked":"Offering"},{"not_picked":["Shrug It Off","Pommel Strike"],"picked":"Headbutt"},{"not_picked":["Clothesline","Battle Trance"],"picked":"Flex"},{"not_picked":["Body Slam","Pommel Strike"],"picked":"Power Through"},{"not_picked":["Thunderclap","Warcry"],"picked":"Pommel Strike"},{"not_picked":["Dark Embrace","True Grit"],"picked":"Anger"},{"not_picked":["Hemokinesis","Clothesline"],"picked":"Heavy Blade"},{"not_picked":["Dropkick","Iron Wave"],"picked":"Shrug It Off"},{"not_picked":["Twin Strike","Headbutt"],"picked":"Ghostly Armor"}],"player_experience":51627,"potions_floor_usage":[6,16,18,18,37,39,50,50],"damage_taken":[{"damage":6,"enemies":"2 Louse","floor":1,"turns":2},{"damage":1,"enemies":"Jaw Worm","floor":3,"turns":5},{"damage":0,"enemies":"Small Slimes","floor":4,"turns":3},{"damage":36,"enemies":"Gremlin Nob","floor":6,"turns":6},{"damage":10,"enemies":"Gremlin Gang","floor":10,"turns":3},{"damage":21,"enemies":"Lagavulin","floor":11,"turns":6},{"damage":4,"enemies":"Blue Slaver","floor":12,"turns":3},{"damage":11,"enemies":"Red Slaver","floor":13,"turns":3},{"damage":4,"enemies":"2 Fungi Beasts","floor":14,"turns":3},{"damage":22,"enemies":"The Guardian","floor":16,"turns":7},{"damage":10,"enemies":"Shell Parasite","floor":18,"turns":4},{"damage":45,"enemies":"Spheric Guardian","floor":21,"turns":8},{"damage":30,"enemies":"Cultist and Chosen","floor":22,"turns":5},{"damage":6,"enemies":"3 Cultists","floor":24,"turns":3},{"damage":61,"enemies":"Book of Stabbing","floor":30,"turns":6},{"damage":54,"enemies":"Champ","floor":33,"turns":8},{"damage":4,"enemies":"Orb Walker","floor":35,"turns":3},{"damage":57,"enemies":"3 Shapes","floor":37,"turns":5},{"damage":42,"enemies":"Mysterious Sphere","floor":39,"turns":5},{"damage":18,"enemies":"Maw","floor":41,"turns":6},{"damage":33,"enemies":"Giant Head","floor":42,"turns":7},{"damage":25,"enemies":"Sphere and 2 Shapes","floor":45,"turns":5},{"damage":0,"enemies":"3 Darklings","floor":47,"turns":4},{"damage":94,"enemies":"Awakened One","floor":50,"turns":11}],"event_choices":[{"event_name":"Scrap Ooze","player_choice":"success","floor":2,"damage_taken":3},{"event_name":"Living Wall","player_choice":"Change","floor":5,"damage_taken":0},{"event_name":"Transmorgrifier","player_choice":"Transform","floor":8,"damage_taken":0},{"event_name":"Fountain of Cleansing","player_choice":"Removed Curse","floor":19,"damage_taken":0},{"event_name":"Vampires","player_choice":"Ignored","floor":28,"damage_taken":0},{"event_name":"The Library","player_choice":"Heal","floor":31,"damage_taken":0},{"event_name":"Mysterious Sphere","player_choice":"Fight","floor":39,"damage_taken":0}],"boss_relics":[{"not_picked":["Eternal Feather","Question Card"],"picked":"Calling Bell"},{"not_picked":["White Beast Statue","Tiny House"],"picked":"Velvet Choker"}],"potions_floor_spawned":[1,12,14,16,18,24,33,35,39,45],"seed_played":"-8638521701223564418","ascension_level":0,"is_trial":false}