{"gold_per_floor":[115,131,56,6,6,35,35,35],"floor_reached":8,"playtime":271,"items_purged":["Pain"],"score":86,"play_id":"c596c68f-dfbe-46e8-89aa-5ca7560c49df","local_time":"20190804152321","is_ascension_mode":true,"campfire_choices":[],"neow_cost":"NONE","seed_source_timestamp":1082413566025000,"circlet_count":0,"master_deck":["AscendersBane","Strike_B","Strike_B","Strike_B","Strike_B","Defend_B","Defend_B","Defend_B","Defend_B","Zap","Dualcast","Doubt","Go for the Eyes","Coolheaded","Coolheaded"],"relics":["Calling Bell","Anchor","Letter Opener","Ginger","Happy Flower","GremlinMask"],"potions_floor_usage":[6,6],"damage_taken":[{"damage":28,"enemies":"Jaw Worm","floor":1,"turns":7},{"damage":0,"enemies":"2 Louse","floor":2,"turns":2},{"damage":41,"enemies":"Gremlin Nob","floor":6,"turns":7},{"damage":8,"enemies":"Small Slimes","floor":8,"turns":2}],"seed_played":"7921082983943569428","potions_obtained":[{"floor":1,"key":"AttackPotion"},{"floor":2,"key":"EssenceOfSteel"},{"floor":6,"key":"FocusPotion"}],"is_trial":false,"path_per_floor":["M","M","$","?","?","E","?","M"],"character_chosen":"DEFECT","items_purchased":[],"campfire_rested":0,"item_purchase_floors":[],"current_hp_per_floor":[40,40,40,40,45,4,4,0],"gold":35,"neow_bonus":"BOSS_RELIC","is_prod":false,"is_daily":false,"chose_seed":false,"campfire_upgraded":0,"win_rate":0,"timestamp":1564928601,"path_taken":["M","M","$","?","?","E","?","?"],"build_version":"2019-07-17","purchased_purges":1,"victory":false,"max_hp_per_floor":[75,75,75,75,80,80,80,80],"card_choices":[{"not_picked":["Reinforced Body","Double Energy"],"picked":"Go for the Eyes","floor":1},{"not_picked":["Sweeping Beam","Static Discharge"],"picked":"Coolheaded","floor":2},{"not_picked":["Stack","Turbo"],"picked":"Coolheaded","floor":6}],"player_experience":192038,"relics_obtained":[{"floor":0,"key":"Anchor"},{"floor":0,"key":"Letter Opener"},{"floor":0,"key":"Ginger"},{"floor":6,"key":"Happy Flower"}],"event_choices":[{"cards_removed":["Shame"],"damage_healed":0,"gold_gain":0,"player_choice":"Card Removal","damage_taken":0,"max_hp_gain":0,"max_hp_loss":0,"event_name":"The Cleric","floor":4,"gold_loss":50},{"damage_healed":0,"gold_gain":0,"player_choice":"Donut","damage_taken":0,"max_hp_gain":5,"max_hp_loss":0,"event_name":"Big Fish","floor":5,"gold_loss":0},{"damage_healed":0,"gold_gain":0,"player_choice":"Trade","damage_taken":0,"relics_obtained":["GremlinMask"],"max_hp_gain":0,"max_hp_loss":0,"event_name":"FaceTrader","floor":7,"gold_loss":0}],"is_beta":false,"boss_relics":[],"items_purged_floors":[3],"is_endless":false,"potions_floor_spawned":[1,2,6],"killed_by":"Small Slimes","ascension_level":12}