{"gold_per_floor":[18,18,18,18,18,50,50,82,106,106,440,214,228,245,245,245],"floor_reached":16,"playtime":715,"items_purged":["Strike_R"],"score":139,"play_id":"e6f5fbe9-7f2d-4c9b-aceb-147918f4eaad","local_time":"20190926231439","is_ascension_mode":true,"campfire_choices":[{"data":"Armaments","floor":7.0,"key":"SMITH"},{"floor":10.0,"key":"REST"},{"data":"Searing Blow","floor":15.0,"key":"SMITH"}],"neow_cost":"NO_GOLD","seed_source_timestamp":1068376026603899,"circlet_count":0,"master_deck":["Strike_R","Strike_R","Strike_R","Defend_R+1","Defend_R","Defend_R+1","Defend_R","Bash","Searing Blow+1","Cleave","Armaments+1","Dropkick"],"special_seed":0,"relics":["Burning Blood","Prayer Wheel","Blood Vial","War Paint","Ancient Tea Set","Omamori","Old Coin","HandDrill"],"potions_floor_usage":[16],"damage_taken":[{"damage":15.0,"enemies":"Small Slimes","floor":1.0,"turns":3.0},{"damage":23.0,"enemies":"Lagavulin","floor":6.0,"turns":9.0},{"damage":19.0,"enemies":"3 Sentries","floor":8.0,"turns":7.0},{"damage":45.0,"enemies":"Lagavulin","floor":11.0,"turns":11.0},{"damage":7.0,"enemies":"2 Louse","floor":13.0,"turns":2.0},{"damage":2.0,"enemies":"Cultist","floor":14.0,"turns":4.0},{"damage":36,"enemies":"Hexaghost","floor":16,"turns":9}],"seed_played":"-6082223139246795225","potions_obtained":[{"floor":1.0,"key":"AttackPotion"},{"floor":6.0,"key":"SkillPotion"},{"floor":11.0,"key":"LiquidBronze"}],"is_trial":false,"path_per_floor":["M","?","?","?","?","E","R","E","T","R","E","$","M","M","R","B"],"character_chosen":"IRONCLAD","items_purchased":["HandDrill"],"campfire_rested":1,"item_purchase_floors":[12],"current_hp_per_floor":[71,71,76,64,64,49,49,38,38,63,26,26,27,33,33,0],"gold":245,"neow_bonus":"ONE_RARE_RELIC","is_prod":false,"is_daily":false,"chose_seed":false,"campfire_upgraded":2,"win_rate":0,"timestamp":1569532479,"path_taken":["M","?","?","?","?","E","R","E","T","R","E","$","M","M","R","BOSS"],"build_version":"2019-09-26","purchased_purges":1,"victory":false,"max_hp_per_floor":[80,80,85,85,85,85,85,85,85,85,85,85,85,85,85,85],"card_choices":[{"not_picked":["Metallicize","Clash"],"picked":"Searing Blow","floor":1.0},{"not_picked":["Sentinel","Uppercut"],"picked":"Cleave","floor":1.0},{"not_picked":["Feel No Pain","Armaments","Clash"],"picked":"SKIP","floor":6.0},{"not_picked":["Bloodletting","Wild Strike","Perfected Strike"],"picked":"SKIP","floor":8.0},{"not_picked":["Flame Barrier","Brutality"],"picked":"Dropkick","floor":11.0},{"not_picked":["Thunderclap","Dropkick","Warcry"],"picked":"SKIP","floor":13.0},{"not_picked":["Pommel Strike","Hemokinesis","Twin Strike"],"picked":"SKIP","floor":13.0},{"not_picked":["Carnage","Fire Breathing","Warcry"],"picked":"SKIP","floor":14.0},{"not_picked":["Clash","Sword Boomerang","Battle Trance"],"picked":"SKIP","floor":14.0}],"player_experience":289865,"relics_obtained":[{"floor":6.0,"key":"War Paint"},{"floor":8.0,"key":"Ancient Tea Set"},{"floor":9.0,"key":"Omamori"},{"floor":11.0,"key":"Old Coin"}],"event_choices":[{"cards_removed":["Strike_R"],"damage_healed":0.0,"max_hp_gain":0.0,"max_hp_loss":0.0,"gold_gain":0.0,"event_name":"Living Wall","player_choice":"Forget","floor":2.0,"gold_loss":0.0,"damage_taken":0.0},{"damage_healed":0.0,"max_hp_gain":5.0,"max_hp_loss":0.0,"gold_gain":0.0,"event_name":"Big Fish","player_choice":"Donut","floor":3.0,"gold_loss":0.0,"damage_taken":0.0},{"damage_healed":0.0,"max_hp_gain":0.0,"max_hp_loss":0.0,"gold_gain":0.0,"event_name":"Scrap Ooze","player_choice":"Success","floor":4.0,"gold_loss":0.0,"damage_taken":12.0,"relics_obtained":["Blood Vial"]},{"damage_healed":0.0,"max_hp_gain":0.0,"max_hp_loss":0.0,"gold_gain":0.0,"event_name":"Match and Keep!","player_choice":"1 cards matched","floor":5.0,"gold_loss":0.0,"damage_taken":0.0,"cards_obtained":["Armaments"]}],"is_beta":true,"boss_relics":[],"items_purged_floors":[12],"is_endless":false,"potions_floor_spawned":[1,6,11],"killed_by":"Hexaghost","ascension_level":4}