{"gold_per_floor":[116,132,57,57,75,75,150,150,150,150,179,192,203,103,103,178,178,191,116,19,30,30,30,42,42,92,102,102,102],"floor_reached":29,"playtime":2577,"items_purged":["Strike_B","Defend_B"],"score":424,"play_id":"6a8cfaab-3e12-4625-b737-9cf986fb8213","local_time":"20190926005100","is_ascension_mode":true,"campfire_choices":[{"data":"Melter","floor":6.0,"key":"SMITH"},{"data":"Go for the Eyes","floor":8.0,"key":"SMITH"},{"floor":10.0,"key":"REST"},{"floor":15.0,"key":"REST"},{"data":"Buffer","floor":23,"key":"SMITH"}],"neow_cost":"NONE","seed_source_timestamp":1477673184150177,"circlet_count":0,"master_deck":["AscendersBane","Strike_B","Strike_B","Defend_B","Defend_B","Defend_B","Zap","Dualcast","Go for the Eyes+1","Melter+1","Lockon+1","Beam Cell+1","Streamline+1","Buffer+1","Gash+1","Bandage Up","Multi-Cast","Go for the Eyes+1"],"special_seed":0,"relics":["Runic Pyramid","Molten Egg 2","Strawberry","Coffee Dripper","MutagenicStrength","Anchor"],"potions_floor_usage":[],"damage_taken":[{"damage":8.0,"enemies":"Cultist","floor":1.0,"turns":5.0},{"damage":0.0,"enemies":"2 Louse","floor":2.0,"turns":2.0},{"damage":7.0,"enemies":"Jaw Worm","floor":5.0,"turns":3.0},{"damage":26.0,"enemies":"Gremlin Nob","floor":11.0,"turns":4.0},{"damage":6.0,"enemies":"2 Fungi Beasts","floor":12.0,"turns":3.0},{"damage":5.0,"enemies":"Exordium Wildlife","floor":13.0,"turns":3.0},{"damage":5.0,"enemies":"The Guardian","floor":16.0,"turns":8.0},{"damage":11.0,"enemies":"2 Thieves","floor":18.0,"turns":3.0},{"damage":31.0,"enemies":"3 Byrds","floor":21.0,"turns":5.0},{"damage":18,"enemies":"Cultist and Chosen","floor":24,"turns":6},{"damage":7,"enemies":"3 Cultists","floor":27,"turns":5}],"seed_played":"4496438263480090439","potions_obtained":[{"floor":5.0,"key":"Fire Potion"},{"floor":13.0,"key":"EntropicBrew"},{"floor":24,"key":"PowerPotion"},{"floor":27,"key":"AttackPotion"}],"is_trial":false,"path_per_floor":["M","M","$","?","M","R","?","R","T","R","E","M","M","$","R","B",null,"M","?","$","M","?","R","M","$","T","M","$","?"],"character_chosen":"DEFECT","items_purchased":["Bandage Up"],"campfire_rested":2,"item_purchase_floors":[20],"current_hp_per_floor":[56,56,56,61,54,54,43,43,43,65,46,40,35,35,59,54,76,65,65,65,38,38,38,24,24,24,21,21,0],"gold":102,"neow_bonus":"BOSS_RELIC","is_prod":false,"is_daily":false,"chose_seed":false,"campfire_upgraded":3,"win_rate":0,"timestamp":1569473460,"path_taken":["M","M","$","?","M","R","?","R","T","R","E","M","M","?","R","BOSS","M","?","$","M","?","R","M","?","T","M","$","?"],"build_version":"2019-07-17","purchased_purges":2,"victory":false,"max_hp_per_floor":[71,71,71,76,76,76,76,76,76,76,83,83,83,83,83,83,83,83,83,83,83,83,83,83,83,83,83,83,83],"card_choices":[{"not_picked":["Turbo","Chill"],"picked":"Go for the Eyes","floor":1.0},{"not_picked":["Darkness","Leap"],"picked":"Melter","floor":2.0},{"not_picked":["Coolheaded","Force Field","Melter"],"picked":"SKIP","floor":5.0},{"not_picked":["Coolheaded","Force Field","Melter"],"picked":"SKIP","floor":5.0},{"not_picked":["Coolheaded","Chaos"],"picked":"Lockon+1","floor":11.0},{"not_picked":["Go for the Eyes+1","Melter+1"],"picked":"Beam Cell+1","floor":12.0},{"not_picked":["Redo","Stack"],"picked":"Streamline+1","floor":13.0},{"not_picked":["Thunder Strike+1","Creative AI"],"picked":"Buffer","floor":16.0},{"not_picked":["Skim+1","Cold Snap+1"],"picked":"Gash+1","floor":18.0},{"not_picked":["Redo+1","Melter+1","Cold Snap+1"],"picked":"SKIP","floor":21.0},{"not_picked":["Redo+1","Melter+1","Cold Snap+1"],"picked":"SKIP","floor":21.0},{"not_picked":["Steam Power","Hello World"],"picked":"Multi-Cast","floor":24},{"not_picked":["Ball Lightning+1","Reprogram"],"picked":"Go for the Eyes+1","floor":27}],"player_experience":423064,"relics_obtained":[{"floor":9.0,"key":"Molten Egg 2"},{"floor":11.0,"key":"Strawberry"},{"floor":26,"key":"Anchor"}],"event_choices":[{"damage_healed":0.0,"max_hp_gain":5.0,"max_hp_loss":0.0,"gold_gain":0.0,"event_name":"Big Fish","player_choice":"Donut","floor":4.0,"gold_loss":0.0,"damage_taken":0.0},{"damage_healed":0.0,"max_hp_gain":0.0,"max_hp_loss":0.0,"gold_gain":75.0,"event_name":"World of Goop","player_choice":"Gather Gold","floor":7.0,"gold_loss":0.0,"damage_taken":11.0},{"cards_removed":["Strike_B"],"damage_healed":0.0,"max_hp_gain":0.0,"max_hp_loss":0.0,"gold_gain":0.0,"event_name":"Beggar","player_choice":"Gave Gold","floor":19.0,"gold_loss":75.0,"damage_taken":0.0},{"damage_healed":0,"gold_gain":0,"player_choice":"Inject Mutagens","damage_taken":0,"relics_obtained":["MutagenicStrength"],"max_hp_gain":0,"max_hp_loss":0,"event_name":"Drug Dealer","floor":22,"gold_loss":0}],"is_beta":false,"boss_relics":[{"not_picked":["Ectoplasm","Philosopher\u0027s Stone"],"picked":"Coffee Dripper"}],"items_purged_floors":[3,14],"is_endless":false,"potions_floor_spawned":[5,13,16,24,27],"ascension_level":18}