{"gold_per_floor":[118,135,150,75,75,105,105,121,146,146,158,158,170,189,189,288,288,300,311,311,334,62,62,81,81,81,81,95,20,30,50,50,155,155,170,26,0,12,12,40,40,40,40,51,90,125,125,137,137,137,137,137,58,85,85],"floor_reached":55,"playtime":4471,"items_purged":["Strike_G","Normality"],"score":731,"play_id":"a8c587df-6ce4-4db5-a68c-b43c9c65686c","local_time":"20190103223106","is_ascension_mode":false,"campfire_choices":[{"data":"Metamorphosis","floor":7.0,"key":"SMITH"},{"floor":10.0,"key":"REST"},{"data":"Transmutation","floor":12.0,"key":"SMITH"},{"data":"Footwork","floor":15.0,"key":"SMITH"},{"data":"Footwork","floor":23.0,"key":"SMITH"},{"floor":25.0,"key":"REST"},{"data":"Malaise","floor":32.0,"key":"SMITH"},{"floor":41.0,"key":"REST"},{"floor":49.0,"key":"RECALL"},{"data":"Phantasmal Killer","floor":52.0,"key":"SMITH"}],"neow_cost":"TEN_PERCENT_HP_LOSS","seed_source_timestamp":0,"circlet_count":0,"master_deck":["Defend_G","Defend_G","Defend_G","Defend_G","Defend_G","Strike_G","Survivor","Neutralize","Transmutation+1","Metamorphosis+1","Noxious Fumes","Footwork+1","Dodge and Roll","Terror","Dash","Crippling Poison","Noxious Fumes","Phantasmal Killer+1","Footwork+1","Backflip","Necronomicurse","Finesse","Well Laid Plans","Choke","Noxious Fumes+1","Dash","Riddle With Holes","Malaise+1","Malaise","Dodge and Roll","Backflip+1","Prepared+1","PiercingWail","Madness","Madness","Footwork+1","Dash","Discovery","Panache","Discovery","Well Laid Plans+1","Catalyst","Dodge and Roll"],"special_seed":0,"relics":["Ring of the Snake","Happy Flower","Dream Catcher","Cursed Key","Necronomicon","Omamori","Velvet Choker","Pen Nib","Red Mask","Juzu Bracelet","Mummified Hand","Gremlin Horn","Ice Cream"],"potions_floor_usage":[],"damage_taken":[{"damage":0.0,"enemies":"Cultist","floor":1.0,"turns":4.0},{"damage":6.0,"enemies":"Jaw Worm","floor":2.0,"turns":4.0},{"damage":0.0,"enemies":"Small Slimes","floor":3.0,"turns":3.0},{"damage":26.0,"enemies":"3 Sentries","floor":6.0,"turns":11.0},{"damage":18.0,"enemies":"3 Louse","floor":8.0,"turns":3.0},{"damage":1.0,"enemies":"Blue Slaver","floor":11.0,"turns":4.0},{"damage":15.0,"enemies":"Exordium Wildlife","floor":13.0,"turns":4.0},{"damage":6.0,"enemies":"2 Fungi Beasts","floor":14.0,"turns":4.0},{"damage":18.0,"enemies":"Hexaghost","floor":16.0,"turns":10.0},{"damage":0.0,"enemies":"Chosen","floor":18.0,"turns":4.0},{"damage":5.0,"enemies":"2 Thieves","floor":19.0,"turns":4.0},{"damage":27.0,"enemies":"Sentry and Sphere","floor":24.0,"turns":8.0},{"damage":11.0,"enemies":"Snecko","floor":28.0,"turns":5.0},{"damage":2.0,"enemies":"Chosen and Byrds","floor":30.0,"turns":8.0},{"damage":8.0,"enemies":"Shelled Parasite and Fungi","floor":31.0,"turns":4.0},{"damage":14.0,"enemies":"Champ","floor":33.0,"turns":13.0},{"damage":18.0,"enemies":"3 Darklings","floor":35.0,"turns":4.0},{"damage":0.0,"enemies":"3 Shapes","floor":38.0,"turns":3.0},{"damage":24.0,"enemies":"Giant Head","floor":40.0,"turns":9.0},{"damage":0.0,"enemies":"Maw","floor":44.0,"turns":10.0},{"damage":1.0,"enemies":"4 Shapes","floor":45.0,"turns":6.0},{"damage":0.0,"enemies":"Reptomancer","floor":46.0,"turns":6.0},{"damage":4.0,"enemies":"Transient","floor":48.0,"turns":5.0},{"damage":28.0,"enemies":"Time Eater","floor":50.0,"turns":15.0},{"damage":36.0,"enemies":"Shield and Spear","floor":54.0,"turns":9.0},{"damage":1,"enemies":"The Heart","floor":55,"turns":2}],"seed_played":"-2449096942247106816","potions_obtained":[{"floor":2.0,"key":"Ancient Potion"},{"floor":3.0,"key":"Regen Potion"},{"floor":8.0,"key":"GamblersBrew"},{"floor":13.0,"key":"SteroidPotion"},{"floor":18.0,"key":"Block Potion"},{"floor":28.0,"key":"FearPotion"},{"floor":38.0,"key":"Energy Potion"},{"floor":40.0,"key":"Regen Potion"},{"floor":45.0,"key":"Explosive Potion"},{"floor":48.0,"key":"Regen Potion"}],"is_trial":false,"path_per_floor":["M","M","M","$","?","E","R","M","T","R","M","R","M","M","R","B",null,"M","M","?","T","$","R","M","R","T","?","M","?","M","M","R","B",null,"M","$","?","M","?","E","R","?","T","M","M","E","?","M","R","B",null,"R","$","E","B"],"character_chosen":"THE_SILENT","items_purchased":["Finesse","Well Laid Plans","Pen Nib","Catalyst"],"campfire_rested":3,"item_purchase_floors":[22,22,36,53],"current_hp_per_floor":[63,57,57,57,57,31,31,13,13,31,30,30,27,21,21,3,63,63,58,42,42,42,42,15,33,33,54,43,43,41,33,33,19,63,45,45,45,45,45,21,39,31,31,31,45,45,35,31,31,18,63,63,63,27,26],"gold":85,"neow_bonus":"RANDOM_COLORLESS_2","is_prod":false,"is_daily":false,"chose_seed":false,"campfire_upgraded":6,"win_rate":0,"timestamp":1546572666,"path_taken":["M","M","M","?","?","E","R","M","T","R","?","R","M","M","R","BOSS","M","M","?","?","$","R","M","R","T","?","M","?","M","M","R","BOSS","M","$","?","M","?","E","R","?","T","M","M","E","?","M","R","BOSS","R","$","E","BOSS"],"build_version":"2019-01-03v2","purchased_purges":2,"victory":false,"max_hp_per_floor":[63,63,63,63,63,63,63,63,63,63,63,63,63,63,63,63,63,63,63,63,63,63,63,63,63,63,63,63,63,63,63,63,63,63,63,63,63,63,63,63,63,63,63,63,63,63,63,63,63,63,63,63,63,63,63],"card_choices":[{"not_picked":["Acrobatics","PiercingWail"],"picked":"Noxious Fumes","floor":1.0},{"not_picked":["Acrobatics","Poisoned Stab"],"picked":"Footwork","floor":2.0},{"not_picked":["Catalyst","Prepared"],"picked":"Dodge and Roll","floor":3.0},{"not_picked":["Flechettes","Blur"],"picked":"Terror","floor":6.0},{"not_picked":["Quick Slash","Blade Dance","Corpse Explosion"],"picked":"SKIP","floor":8.0},{"not_picked":["Backflip","Riddle With Holes"],"picked":"Dash","floor":10.0},{"not_picked":["Sucker Punch","PiercingWail"],"picked":"Crippling Poison","floor":11.0},{"not_picked":["Flying Knee","Prepared"],"picked":"Noxious Fumes","floor":13.0},{"not_picked":["Poisoned Stab","Skewer","Dagger Throw"],"picked":"SKIP","floor":14.0},{"not_picked":["Glass Knife","Burst"],"picked":"Phantasmal Killer","floor":16.0},{"not_picked":["Deadly Poison","Dagger Throw+1"],"picked":"Footwork","floor":18.0},{"not_picked":["Tactician","Quick Slash"],"picked":"Backflip","floor":19.0},{"not_picked":["Bouncing Flask+1","Bane"],"picked":"Choke","floor":24.0},{"not_picked":["Blur","Blade Dance"],"picked":"Noxious Fumes+1","floor":25.0},{"not_picked":["Flying Knee","All Out Attack"],"picked":"Dash","floor":28.0},{"not_picked":["Well Laid Plans","Dagger Throw"],"picked":"Riddle With Holes","floor":30.0},{"not_picked":["Flying Knee+1","Cloak And Dagger"],"picked":"Malaise","floor":31.0},{"not_picked":["Grand Finale","Venomology"],"picked":"Malaise","floor":33.0},{"not_picked":["Quick Slash","Sucker Punch+1"],"picked":"Dodge and Roll","floor":35.0},{"not_picked":["Sucker Punch","Prepared+1"],"picked":"Backflip+1","floor":38.0},{"not_picked":["Quick Slash","Poisoned Stab"],"picked":"Prepared+1","floor":40.0},{"not_picked":["Flechettes+1","Blade Dance"],"picked":"PiercingWail","floor":41.0},{"not_picked":["Flying Knee+1","Quick Slash+1","Dagger Throw"],"picked":"SKIP","floor":44.0},{"not_picked":["Cloak And Dagger+1","Underhanded Strike+1"],"picked":"Footwork+1","floor":45.0},{"not_picked":["Flechettes","Blur+1"],"picked":"Dash","floor":46.0},{"not_picked":["Secret Technique","Jack Of All Trades"],"picked":"Discovery","floor":47.0},{"not_picked":["Impatience","Dark Shackles"],"picked":"Panache","floor":47.0},{"not_picked":["PanicButton","Bandage Up"],"picked":"Discovery","floor":47.0},{"not_picked":["Distraction+1","Eviscerate+1"],"picked":"Well Laid Plans+1","floor":48.0},{"not_picked":["Bane+1","Backflip+1"],"picked":"Dodge and Roll","floor":54.0}],"player_experience":389775,"relics_obtained":[{"floor":6.0,"key":"Happy Flower"},{"floor":9.0,"key":"Dream Catcher"},{"floor":20.0,"key":"Necronomicon"},{"floor":21.0,"key":"Omamori"},{"floor":40.0,"key":"Juzu Bracelet"},{"floor":43.0,"key":"Mummified Hand"},{"floor":46.0,"key":"Gremlin Horn"},{"floor":54.0,"key":"Ice Cream"}],"event_choices":[{"cards_removed":["Strike_G"],"damage_healed":0.0,"max_hp_gain":0.0,"max_hp_loss":0.0,"gold_gain":0.0,"event_name":"Purifier","player_choice":"Purged","floor":5.0,"gold_loss":0.0,"damage_taken":0.0},{"damage_healed":0.0,"max_hp_gain":0.0,"max_hp_loss":0.0,"gold_gain":0.0,"event_name":"Cursed Tome","player_choice":"Obtained Book","floor":20.0,"gold_loss":0.0,"damage_taken":16.0},{"damage_healed":21.0,"max_hp_gain":0.0,"max_hp_loss":0.0,"gold_gain":0.0,"event_name":"The Library","player_choice":"Heal","floor":27.0,"gold_loss":0.0,"damage_taken":0.0},{"cards_removed":["Strike_G"],"damage_healed":0.0,"max_hp_gain":0.0,"max_hp_loss":0.0,"gold_gain":0.0,"event_name":"Beggar","player_choice":"Gave Gold","floor":29.0,"gold_loss":75.0,"damage_taken":0.0},{"damage_healed":0.0,"max_hp_gain":0.0,"max_hp_loss":0.0,"gold_gain":0.0,"event_name":"Tomb of Lord Red Mask","player_choice":"Paid","floor":37.0,"gold_loss":26.0,"damage_taken":0.0,"relics_obtained":["Red Mask"]},{"cards_removed":["Strike_G"],"damage_healed":0.0,"max_hp_gain":0.0,"max_hp_loss":0.0,"gold_gain":0.0,"event_name":"Falling","player_choice":"Removed Attack","floor":39.0,"gold_loss":0.0,"damage_taken":0.0},{"damage_healed":0.0,"max_hp_gain":0.0,"max_hp_loss":0.0,"gold_gain":0.0,"event_name":"Winding Halls","player_choice":"Embrace Madness","floor":42.0,"gold_loss":0.0,"damage_taken":8.0,"cards_obtained":["Madness","Madness"]},{"damage_healed":0.0,"max_hp_gain":0.0,"max_hp_loss":0.0,"gold_gain":0.0,"event_name":"SensoryStone","player_choice":"Memory 3","floor":47.0,"gold_loss":0.0,"damage_taken":10.0}],"is_beta":false,"boss_relics":[{"not_picked":["Snecko Eye","Philosopher\u0027s Stone"],"picked":"Cursed Key"},{"not_picked":["White Beast Statue","Pandora\u0027s Box"],"picked":"Velvet Choker"}],"items_purged_floors":[4,22],"is_endless":false,"potions_floor_spawned":[2,3,8,13,18,28,31,33,38,40,45,48],"killed_by":"The Heart","ascension_level":0}