{"gold_per_floor":[109,33,52,64,64,99,49,49,49,19,19,39,24,199,199,327,327,267,192,192,192,216,216,255,255,255,270,284,284,298,298],"floor_reached":31,"playtime":4077,"items_purged":["Doubt"],"score":380,"play_id":"23da77f3-ae53-4449-9b22-47dcee776590","local_time":"20190907194049","is_ascension_mode":true,"campfire_choices":[{"floor":8,"key":"REST"},{"data":"Glacier","floor":15,"key":"SMITH"},{"floor":23,"key":"REST"},{"floor":25,"key":"REST"},{"floor":29,"key":"REST"}],"neow_cost":"NONE","seed_source_timestamp":11833028267796,"circlet_count":0,"master_deck":["AscendersBane","Strike_B+1","Strike_B+1","Strike_B+1","Strike_B+1","Defend_B+1","Defend_B+1","Defend_B+1","Defend_B+1","Zap","Dualcast","Undo","Capacitor","Go for the Eyes","Double Energy","Injury","Glacier+1","Capacitor+1","Ball Lightning","FTL","Creative AI+1","Static Discharge+1","Cold Snap","Leap+1","Chaos","Defragment+1","Conserve Battery+1"],"relics":["Cracked Core","Golden Idol","Gremlin Horn","Frozen Egg 2","Inserter","Omamori","Meat on the Bone"],"potions_floor_usage":[28,31],"damage_taken":[{"damage":5,"enemies":"Small Slimes","floor":1,"turns":3},{"damage":0,"enemies":"2 Louse","floor":3,"turns":2},{"damage":5,"enemies":"Cultist","floor":4,"turns":4},{"damage":55,"enemies":"3 Sentries","floor":6,"turns":10},{"damage":0,"enemies":"Looter","floor":10,"turns":4},{"damage":10,"enemies":"Large Slime","floor":12,"turns":8},{"damage":3,"enemies":"Exordium Thugs","floor":13,"turns":5},{"damage":44,"enemies":"The Guardian","floor":16,"turns":18},{"damage":13,"enemies":"2 Thieves","floor":18,"turns":4},{"damage":9,"enemies":"3 Byrds","floor":22,"turns":6},{"damage":54,"enemies":"Slavers","floor":24,"turns":5},{"damage":7,"enemies":"Snecko","floor":27,"turns":8},{"damage":36,"enemies":"Cultist and Chosen","floor":28,"turns":7},{"damage":11,"enemies":"Sentry and Sphere","floor":30,"turns":8},{"damage":43,"enemies":"Shelled Parasite and Fungi","floor":31,"turns":4}],"seed_played":"6466179142944644839","potions_obtained":[{"floor":1,"key":"Poison Potion"},{"floor":6,"key":"FearPotion"},{"floor":16,"key":"PowerPotion"},{"floor":21,"key":"Block Potion"}],"is_trial":false,"path_per_floor":["M","$","M","M","?","E","?","R","T","M","?","M","M","?","R","B",null,"M","$","?","?","M","R","E","R","T","M","M","R","M","M"],"character_chosen":"DEFECT","items_purchased":["Capacitor"],"campfire_rested":4,"item_purchase_floors":[2],"current_hp_per_floor":[70,70,70,65,65,10,10,34,34,34,61,51,48,48,48,4,63,50,50,50,50,41,65,11,35,35,40,16,40,41,0],"gold":298,"neow_bonus":"TEN_PERCENT_HP_BONUS","is_prod":false,"is_daily":false,"chose_seed":false,"campfire_upgraded":1,"win_rate":0,"timestamp":1567899649,"path_taken":["M","$","M","M","?","E","?","R","T","M","?","M","M","?","R","BOSS","M","$","?","?","M","R","E","R","T","?","M","R","M","M"],"build_version":"2019-08-26","purchased_purges":1,"victory":false,"max_hp_per_floor":[82,82,82,82,82,82,82,82,82,82,82,82,82,82,82,82,82,82,82,82,82,82,82,82,82,82,82,82,82,82,82],"card_choices":[{"not_picked":["Force Field","Compile Driver"],"picked":"Undo","floor":1},{"not_picked":["Stack","Reinforced Body"],"picked":"Go for the Eyes","floor":3},{"not_picked":["Fission","Go for the Eyes"],"picked":"Double Energy","floor":4},{"not_picked":["Turbo","Capacitor"],"picked":"Glacier","floor":6},{"not_picked":["Beam Cell","Cold Snap"],"picked":"Capacitor+1","floor":10},{"not_picked":["Heatsinks+1","Genetic Algorithm"],"picked":"Ball Lightning","floor":12},{"not_picked":["Compile Driver","Stack"],"picked":"FTL","floor":13},{"not_picked":["Rainbow","Reboot"],"picked":"Creative AI+1","floor":16},{"not_picked":["White Noise+1","Coolheaded"],"picked":"Static Discharge+1","floor":18},{"not_picked":["Ball Lightning","Turbo"],"picked":"Cold Snap","floor":22},{"not_picked":["Beam Cell","Thunder Strike"],"picked":"Leap+1","floor":24},{"not_picked":["Gash","Sweeping Beam"],"picked":"Chaos","floor":27},{"not_picked":["Fusion","Beam Cell"],"picked":"Defragment+1","floor":28},{"not_picked":["Compile Driver","Beam Cell"],"picked":"Conserve Battery+1","floor":30}],"player_experience":288210,"relics_obtained":[{"floor":6,"key":"Gremlin Horn"},{"floor":9,"key":"Frozen Egg 2"},{"floor":24,"key":"Omamori"},{"floor":26,"key":"Meat on the Bone"}],"event_choices":[{"damage_healed":0,"gold_gain":0,"player_choice":"Take Wound","damage_taken":0,"relics_obtained":["Golden Idol"],"max_hp_gain":0,"max_hp_loss":0,"event_name":"Golden Idol","floor":5,"gold_loss":0,"cards_obtained":["Injury"]},{"damage_healed":0,"gold_gain":0,"player_choice":"Left Gold","damage_taken":0,"max_hp_gain":0,"max_hp_loss":0,"event_name":"World of Goop","floor":7,"gold_loss":50},{"damage_healed":27,"gold_gain":0,"player_choice":"Banana","damage_taken":0,"max_hp_gain":0,"max_hp_loss":0,"event_name":"Big Fish","floor":11,"gold_loss":0},{"damage_healed":0,"gold_gain":175,"player_choice":"AGREE","damage_taken":0,"max_hp_gain":0,"max_hp_loss":0,"event_name":"Liars Game","floor":14,"gold_loss":0,"cards_obtained":["Doubt"]},{"damage_healed":0,"gold_gain":0,"player_choice":"Simplicity","damage_taken":0,"max_hp_gain":0,"max_hp_loss":0,"event_name":"Back to Basics","floor":20,"gold_loss":0,"cards_upgraded":["Strike_B","Strike_B","Strike_B","Strike_B","Defend_B","Defend_B","Defend_B","Defend_B"]},{"damage_healed":0,"gold_gain":0,"player_choice":"Got Potions","damage_taken":0,"max_hp_gain":0,"max_hp_loss":0,"event_name":"Lab","floor":21,"gold_loss":0}],"is_beta":true,"boss_relics":[{"not_picked":["White Beast Statue","Busted Crown"],"picked":"Inserter"}],"items_purged_floors":[19],"is_endless":false,"potions_floor_spawned":[1,6,16,22,27],"killed_by":"Shelled Parasite and Fungi","ascension_level":10}