{"gold_per_floor":[115,132,207,207,307,307,333,333,333,344,354,379,379,411,411,512,512,522,532,542,542,573,573,573],"floor_reached":24,"playtime":1358,"items_purged":[],"score":268,"play_id":"9a73bb8b-8012-48d8-9cb6-85b31d9934f8","local_time":"20190827045909","is_ascension_mode":true,"campfire_choices":[{"data":"Zap","floor":6,"key":"SMITH"},{"floor":8,"key":"REST"},{"floor":13,"key":"REST"},{"data":"Biased Cognition","floor":15,"key":"SMITH"},{"floor":23,"key":"REST"}],"neow_cost":"NONE","seed_source_timestamp":17552837843360,"circlet_count":0,"master_deck":["Strike_B","Strike_B","Strike_B","Strike_B","Defend_B+1","Defend_B","Defend_B","Defend_B+1","Zap+1","Dualcast","Conserve Battery","Gash","Cold Snap","Regret","Sunder","Steam","Biased Cognition+1","Loop+1","Capacitor+1","Machine Learning+1","Cold Snap+1","Reprogram+1","Sweeping Beam+1","Barrage+1"],"relics":["Cracked Core","War Paint","Peace Pipe","Strawberry","Frozen Egg 2","Molten Egg 2","Fusion Hammer","Red Mask"],"potions_floor_usage":[19,22],"damage_taken":[{"damage":2,"enemies":"Jaw Worm","floor":1,"turns":4},{"damage":1,"enemies":"2 Louse","floor":2,"turns":2},{"damage":34,"enemies":"Gremlin Nob","floor":7,"turns":4},{"damage":0,"enemies":"Cultist","floor":10,"turns":3},{"damage":1,"enemies":"Lots of Slimes","floor":11,"turns":3},{"damage":25,"enemies":"Lagavulin","floor":12,"turns":6},{"damage":18,"enemies":"3 Sentries","floor":14,"turns":10},{"damage":33,"enemies":"Slime Boss","floor":16,"turns":14},{"damage":13,"enemies":"Shell Parasite","floor":18,"turns":6},{"damage":0,"enemies":"3 Byrds","floor":19,"turns":2},{"damage":41,"enemies":"Cultist and Chosen","floor":20,"turns":9},{"damage":18,"enemies":"Masked Bandits","floor":22,"turns":4},{"damage":53,"enemies":"Slavers","floor":24,"turns":4}],"seed_played":"258220017210738401","potions_obtained":[{"floor":10,"key":"FearPotion"},{"floor":16,"key":"LiquidBronze"},{"floor":19,"key":"Regen Potion"}],"is_trial":false,"path_per_floor":["M","M","?","?","?","R","E","R","T","M","M","E","R","E","R","B",null,"M","M","M","?","?","R","E"],"character_chosen":"DEFECT","items_purchased":[],"campfire_rested":3,"item_purchase_floors":[],"current_hp_per_floor":[73,72,61,61,61,61,27,49,56,56,55,30,54,36,36,3,62,49,49,8,35,29,53,0],"gold":573,"neow_bonus":"THREE_CARDS","is_prod":false,"is_daily":false,"chose_seed":false,"campfire_upgraded":2,"win_rate":0,"timestamp":1566896349,"path_taken":["M","M","?","?","?","R","E","R","T","M","?","E","R","E","R","BOSS","M","?","M","?","?","R","E"],"build_version":"2019-08-26","purchased_purges":0,"victory":false,"max_hp_per_floor":[75,75,75,75,75,75,75,75,82,82,82,82,82,82,82,82,82,82,82,82,82,82,82,82],"card_choices":[{"not_picked":["Barrage","Fusion"],"picked":"Conserve Battery","floor":0},{"not_picked":["Beam Cell","Stack"],"picked":"Gash","floor":1},{"not_picked":["Rebound","Storm"],"picked":"Cold Snap","floor":2},{"not_picked":["Stack","Ball Lightning"],"picked":"Sunder","floor":7},{"not_picked":["Rebound","Consume"],"picked":"Steam","floor":10},{"not_picked":["Steam","Cold Snap"],"picked":"Biased Cognition","floor":11},{"not_picked":["Genetic Algorithm","Steam"],"picked":"Loop","floor":12},{"not_picked":["Hologram","Turbo"],"picked":"Capacitor+1","floor":14},{"not_picked":["All For One+1","Thunder Strike+1"],"picked":"Machine Learning+1","floor":16},{"not_picked":["Barrage+1","Coolheaded"],"picked":"Cold Snap+1","floor":18},{"not_picked":["Hologram","Steam"],"picked":"Reprogram+1","floor":19},{"not_picked":["Barrage+1","Skim"],"picked":"Sweeping Beam+1","floor":20},{"not_picked":["Lockon+1","Hologram"],"picked":"Barrage+1","floor":22}],"player_experience":102203,"relics_obtained":[{"floor":7,"key":"Peace Pipe"},{"floor":9,"key":"Strawberry"},{"floor":12,"key":"Frozen Egg 2"},{"floor":14,"key":"Molten Egg 2"},{"floor":22,"key":"Red Mask"}],"event_choices":[{"damage_healed":0,"gold_gain":75,"player_choice":"Gather Gold","damage_taken":11,"max_hp_gain":0,"max_hp_loss":0,"event_name":"World of Goop","floor":3,"gold_loss":0},{"damage_healed":0,"gold_gain":0,"player_choice":"Box","damage_taken":0,"relics_obtained":["War Paint"],"max_hp_gain":0,"max_hp_loss":0,"event_name":"Big Fish","floor":4,"gold_loss":0,"cards_obtained":["Regret"]},{"damage_healed":0,"gold_gain":100,"player_choice":"Pray","damage_taken":0,"max_hp_gain":0,"max_hp_loss":0,"event_name":"Golden Shrine","floor":5,"gold_loss":0},{"damage_healed":27,"gold_gain":0,"player_choice":"Heal","damage_taken":0,"max_hp_gain":0,"max_hp_loss":0,"event_name":"The Library","floor":21,"gold_loss":0},{"damage_healed":0,"gold_gain":0,"player_choice":"Fought Bandits","damage_taken":0,"max_hp_gain":0,"max_hp_loss":0,"event_name":"Masked Bandits","floor":22,"gold_loss":0}],"is_beta":true,"boss_relics":[{"not_picked":["Busted Crown","White Beast Statue"],"picked":"Fusion Hammer"}],"items_purged_floors":[],"is_endless":false,"potions_floor_spawned":[10,16,19],"killed_by":"Slavers","ascension_level":5}