{"gold_per_floor":[359,24,40,57,57,57,91,91,91,105,115,133,133,143,143,240,240,260,360,14,25,40,40,73,85,168,180,220,249,261,291,303,414,426,448,460,490,502,526,538,450,450,503,0,100,114,114,144,144,144,144,144,56,81,81],"floor_reached":56,"playtime":3001,"items_purged":["Decay","Pain","Strike_B"],"score":1727,"play_id":"b56c8fcf-ef53-4709-91db-f1c7fc75c3ce","local_time":"20190807155324","is_ascension_mode":true,"campfire_choices":[{"data":"Defragment","floor":6.0,"key":"SMITH"},{"data":"Sunder","floor":8.0,"key":"SMITH"},{"floor":13.0,"key":"REST"},{"data":"Coolheaded","floor":15.0,"key":"SMITH"},{"data":"Echo Form","floor":23.0,"key":"SMITH"},{"floor":25.0,"key":"REST"},{"floor":27.0,"key":"REST"},{"data":"Self Repair","floor":30.0,"key":"SMITH"},{"data":"Consume","floor":32.0,"key":"SMITH"},{"data":"Defragment","floor":40.0,"key":"SMITH"},{"floor":49,"key":"RECALL"},{"floor":52,"key":"REST"}],"neow_cost":"CURSE","seed_source_timestamp":84783212813100,"circlet_count":0,"master_deck":["AscendersBane","Strike_B","Strike_B","Defend_B","Defend_B","Defend_B","Defend_B","Zap","Dualcast","Consume+1","Echo Form+1","Sunder+1","Ball Lightning","Defragment+1","Coolheaded+1","Cold Snap","Steam","Self Repair+1","Machine Learning","Self Repair","Leap","Coolheaded","Cold Snap","Chill","Amplify","Defragment+1","Heatsinks","Master of Strategy","Dark Shackles","Coolheaded+1","Defragment"],"special_seed":0,"relics":["Cracked Core","WarpedTongs","Gambling Chip","Mercury Hourglass","Velvet Choker","DataDisk","ClockworkSouvenir","MawBank","Singing Bowl","Turnip","Inserter","OrangePellets","Calipers","Orichalcum","Pocketwatch"],"potions_floor_usage":[50,50,54],"damage_taken":[{"damage":4.0,"enemies":"2 Louse","floor":1.0,"turns":4.0},{"damage":1.0,"enemies":"Cultist","floor":3.0,"turns":3.0},{"damage":7.0,"enemies":"Jaw Worm","floor":4.0,"turns":3.0},{"damage":19.0,"enemies":"Gremlin Nob","floor":7.0,"turns":4.0},{"damage":6.0,"enemies":"Lots of Slimes","floor":10.0,"turns":2.0},{"damage":17.0,"enemies":"Exordium Wildlife","floor":11.0,"turns":3.0},{"damage":4.0,"enemies":"3 Louse","floor":12.0,"turns":2.0},{"damage":0.0,"enemies":"2 Fungi Beasts","floor":14.0,"turns":2.0},{"damage":6.0,"enemies":"Hexaghost","floor":16.0,"turns":7.0},{"damage":2.0,"enemies":"Spheric Guardian","floor":18.0,"turns":3.0},{"damage":29.0,"enemies":"2 Thieves","floor":21.0,"turns":3.0},{"damage":14.0,"enemies":"Snake Plant","floor":22.0,"turns":4.0},{"damage":34.0,"enemies":"Slavers","floor":24.0,"turns":5.0},{"damage":38.0,"enemies":"Gremlin Leader","floor":28.0,"turns":7.0},{"damage":11.0,"enemies":"Cultist and Chosen","floor":29.0,"turns":8.0},{"damage":11.0,"enemies":"Chosen and Byrds","floor":31.0,"turns":7.0},{"damage":50.0,"enemies":"Automaton","floor":33.0,"turns":22.0},{"damage":5.0,"enemies":"Orb Walker","floor":35.0,"turns":5.0},{"damage":10.0,"enemies":"3 Shapes","floor":37.0,"turns":7.0},{"damage":8.0,"enemies":"Sphere and 2 Shapes","floor":39.0,"turns":5.0},{"damage":3,"enemies":"Mind Bloom Boss Battle","floor":45,"turns":11},{"damage":30,"enemies":"Jaw Worm Horde","floor":46,"turns":6},{"damage":22,"enemies":"Giant Head","floor":48,"turns":15},{"damage":31,"enemies":"Awakened One","floor":50,"turns":19},{"damage":41,"enemies":"Shield and Spear","floor":54,"turns":12},{"damage":39,"enemies":"The Heart","floor":55,"turns":16}],"seed_played":"-2300798955418950980","potions_obtained":[{"floor":1.0,"key":"AttackPotion"},{"floor":7.0,"key":"Weak Potion"},{"floor":10.0,"key":"Strength Potion"},{"floor":16.0,"key":"Ancient Potion"},{"floor":33.0,"key":"SteroidPotion"}],"is_trial":false,"path_per_floor":["M","$","M","M","?","R","E","R","T","M","M","M","R","M","R","B",null,"M","?","$","M","M","R","E","R","T","R","E","M","R","M","R","B",null,"M","?","M","?","M","R","$","?","T","$","?","M","?","E","R","B",null,"R","$","E","B",null],"character_chosen":"DEFECT","items_purchased":["Echo Form","Sunder","Weak Potion","DataDisk","ClockworkSouvenir","OrangePellets","Master of Strategy","Defragment","SteroidPotion"],"campfire_rested":4,"item_purchase_floors":[2,2,2,20,20,44,44,53,53],"current_hp_per_floor":[64,64,63,56,56,56,37,37,37,31,14,10,32,32,32,33,65,63,63,63,51,44,44,20,42,42,64,35,44,44,60,60,27,65,77,73,73,73,67,67,67,67,67,67,77,79,73,78,78,47,74,83,83,68,63],"gold":81,"neow_bonus":"TWO_FIFTY_GOLD","is_prod":false,"is_daily":false,"chose_seed":false,"campfire_upgraded":7,"win_rate":0,"timestamp":1565189604,"path_taken":["M","$","M","M","?","R","E","R","T","M","M","M","R","?","R","BOSS","M","?","$","M","?","R","E","R","T","R","E","M","R","M","R","BOSS","M","?","M","?","M","R","$","?","T","$","?","?","?","E","R","BOSS","R","$","E","BOSS"],"build_version":"2019-07-17","purchased_purges":3,"victory":true,"max_hp_per_floor":[75,75,75,75,75,75,75,75,75,75,75,75,75,75,75,75,75,75,75,75,75,75,75,75,75,75,75,77,77,77,77,77,77,77,77,73,73,73,75,75,75,75,75,75,77,79,83,83,83,83,83,83,83,85,85],"card_choices":[{"not_picked":["Redo","Steam"],"picked":"Consume","floor":1.0},{"not_picked":["Rebound","Static Discharge"],"picked":"Ball Lightning","floor":3.0},{"not_picked":["Streamline","Redo"],"picked":"Defragment","floor":4.0},{"not_picked":["Steam","Amplify"],"picked":"Coolheaded","floor":7.0},{"not_picked":["Turbo","Lockon","Compile Driver"],"picked":"SKIP","floor":10.0},{"not_picked":["FTL","Sweeping Beam"],"picked":"Cold Snap","floor":11.0},{"not_picked":["Double Energy","Gash"],"picked":"Steam","floor":12.0},{"not_picked":["Static Discharge","Heatsinks"],"picked":"Self Repair","floor":14.0},{"not_picked":["Meteor Strike","Amplify"],"picked":"Machine Learning","floor":16.0},{"not_picked":["Conserve Battery","Force Field"],"picked":"Self Repair","floor":18.0},{"not_picked":["Barrage","Cold Snap"],"picked":"Leap","floor":21.0},{"not_picked":["Rebound","Turbo","Ball Lightning"],"picked":"SKIP","floor":22.0},{"not_picked":["Machine Learning","Compile Driver"],"picked":"Coolheaded","floor":24.0},{"not_picked":["Undo","Conserve Battery","Stack"],"picked":"Singing Bowl","floor":28.0},{"not_picked":["Gash","Sunder+1"],"picked":"Cold Snap","floor":29.0},{"not_picked":["Gash","Scrape"],"picked":"Chill","floor":31.0},{"not_picked":["Thunder Strike","All For One"],"picked":"Amplify","floor":33.0},{"not_picked":["Leap","Stack+1"],"picked":"Defragment","floor":35.0},{"not_picked":["Steam+1","Stack"],"picked":"Heatsinks","floor":37.0},{"not_picked":["Doom and Gloom","Streamline","Steam"],"picked":"Singing Bowl","floor":39.0},{"not_picked":["Go for the Eyes","Stack","Storm"],"picked":"Singing Bowl","floor":45},{"not_picked":["Auto Shields","Chaos","Streamline"],"picked":"Singing Bowl","floor":46},{"not_picked":["Jack Of All Trades","Mind Blast","Madness"],"picked":"Singing Bowl","floor":47},{"not_picked":["Jack Of All Trades","Deep Breath","Panache"],"picked":"Singing Bowl","floor":47},{"not_picked":["Magnetism","The Bomb"],"picked":"Dark Shackles","floor":47},{"not_picked":["Sweeping Beam","White Noise+1"],"picked":"Coolheaded+1","floor":48},{"not_picked":["Heatsinks+1","FTL","Scrape"],"picked":"Singing Bowl","floor":54}],"player_experience":201093,"relics_obtained":[{"floor":7.0,"key":"Gambling Chip"},{"floor":9.0,"key":"Mercury Hourglass"},{"floor":24.0,"key":"MawBank"},{"floor":26.0,"key":"Singing Bowl"},{"floor":28.0,"key":"Turnip"},{"floor":45,"key":"Calipers"},{"floor":48,"key":"Orichalcum"},{"floor":54,"key":"Pocketwatch"}],"event_choices":[{"damage_healed":0.0,"max_hp_gain":0.0,"max_hp_loss":0.0,"gold_gain":0.0,"event_name":"Accursed Blacksmith","player_choice":"Rummage","floor":5.0,"gold_loss":0.0,"damage_taken":0.0,"relics_obtained":["WarpedTongs"],"cards_obtained":["Pain"]},{"damage_healed":0.0,"max_hp_gain":0.0,"max_hp_loss":0.0,"gold_gain":100.0,"event_name":"Golden Shrine","player_choice":"Pray","floor":19.0,"gold_loss":0.0,"damage_taken":0.0},{"damage_healed":0.0,"max_hp_gain":0.0,"max_hp_loss":4.0,"gold_gain":0.0,"event_name":"Winding Halls","player_choice":"Max HP","floor":36.0,"gold_loss":0.0,"damage_taken":0.0},{"cards_removed":["Strike_B"],"damage_healed":0.0,"max_hp_gain":0.0,"max_hp_loss":0.0,"gold_gain":0.0,"event_name":"Falling","player_choice":"Removed Attack","floor":38.0,"gold_loss":0.0,"damage_taken":0.0},{"damage_healed":0,"gold_gain":0,"player_choice":"Ignored","damage_taken":0,"max_hp_gain":0,"max_hp_loss":0,"event_name":"Mysterious Sphere","floor":42,"gold_loss":0},{"damage_healed":0,"gold_gain":0,"player_choice":"Fight","damage_taken":0,"max_hp_gain":0,"max_hp_loss":0,"event_name":"MindBloom","floor":45,"gold_loss":0},{"damage_healed":0,"gold_gain":0,"player_choice":"Memory 3","damage_taken":10,"max_hp_gain":0,"max_hp_loss":0,"event_name":"SensoryStone","floor":47,"gold_loss":0}],"is_beta":false,"boss_relics":[{"not_picked":["Lizard Tail","Eternal Feather"],"picked":"Velvet Choker"},{"not_picked":["Runic Dome","Sozu"],"picked":"Inserter"}],"items_purged_floors":[2,41,44],"is_endless":false,"potions_floor_spawned":[1,3,7,10,12,16,18,24,33,35,39],"ascension_level":12}