{"gold_per_floor":[10,285,303,194,205,205,238,238,238,257,257],"floor_reached":11,"playtime":428,"items_purged":["Regret"],"score":91,"play_id":"d3241a56-c7fa-4994-86ab-d93f7cf70f2f","local_time":"20190827205523","is_ascension_mode":true,"campfire_choices":[{"data":"Chaos","floor":6,"key":"SMITH"},{"data":"Redo","floor":8,"key":"SMITH"}],"neow_cost":"NO_GOLD","seed_source_timestamp":0,"circlet_count":0,"master_deck":["Strike_B","Strike_B","Defend_B","Defend_B","Defend_B","Defend_B","Zap","Dualcast","Aggregate","Hyperbeam","Chaos+1","Redo+1","Loop","Redo","Cold Snap","Cold Snap"],"special_seed":0,"relics":["Cracked Core","Pocketwatch","Question Card"],"potions_floor_usage":[],"damage_taken":[{"damage":0.0,"enemies":"2 Louse","floor":1.0,"turns":1.0},{"damage":2,"enemies":"Cultist","floor":3,"turns":2},{"damage":4,"enemies":"Small Slimes","floor":5,"turns":2},{"damage":20,"enemies":"3 Sentries","floor":7,"turns":4},{"damage":16,"enemies":"Gremlin Gang","floor":10,"turns":3},{"damage":49,"enemies":"Gremlin Nob","floor":11,"turns":4}],"seed_played":"8932268512135594609","potions_obtained":[{"floor":3,"key":"Ancient Potion"},{"floor":7,"key":"LiquidBronze"}],"is_trial":false,"path_per_floor":["M","?","M","$","M","R","E","R","T","M","E"],"character_chosen":"DEFECT","items_purchased":["Loop"],"campfire_rested":0,"item_purchase_floors":[4],"current_hp_per_floor":[75,75,73,73,69,69,49,49,49,33,0],"gold":257,"neow_bonus":"TRANSFORM_TWO_CARDS","is_prod":false,"is_daily":false,"chose_seed":false,"campfire_upgraded":2,"win_rate":0,"timestamp":1566953723,"path_taken":["M","?","?","$","M","R","E","R","T","M","E"],"build_version":"2019-08-26","purchased_purges":1,"victory":false,"max_hp_per_floor":[75,75,75,75,75,75,75,75,75,75,75],"card_choices":[{"not_picked":["Steam","Cold Snap"],"picked":"Chaos","floor":1.0},{"not_picked":["Steam","Force Field"],"picked":"Redo","floor":3},{"not_picked":["Hologram","Streamline"],"picked":"Redo","floor":5},{"not_picked":["Beam Cell","Conserve Battery"],"picked":"Cold Snap","floor":7},{"not_picked":["Double Energy","Fusion","BootSequence"],"picked":"Cold Snap","floor":10}],"player_experience":105441,"relics_obtained":[{"floor":7,"key":"Pocketwatch"},{"floor":9,"key":"Question Card"}],"event_choices":[{"damage_healed":0,"gold_gain":275,"player_choice":"Desecrate","damage_taken":0,"max_hp_gain":0,"max_hp_loss":0,"event_name":"Golden Shrine","floor":2,"gold_loss":0,"cards_obtained":["Regret"]}],"is_beta":true,"boss_relics":[],"items_purged_floors":[4],"is_endless":false,"potions_floor_spawned":[3,7],"killed_by":"Gremlin Nob","ascension_level":5}