{"gold_per_floor":[14,14,31,31,31,31,70,86,86,86,161,161,161,176,176,304,304,304,304,304,304,29,29,29,29,29,29,29],"floor_reached":28,"playtime":667,"items_purged":["Strike_B"],"score":234,"play_id":"4996ac16-5f42-4155-93a6-cf7292657df6","local_time":"20190422234951","is_ascension_mode":false,"campfire_choices":[{"data":"Zap","floor":6,"key":"SMITH"},{"data":"Loop","floor":10,"key":"SMITH"},{"data":"Trip","floor":12,"key":"SMITH"},{"floor":15,"key":"REST"},{"data":"White Noise","floor":23,"key":"SMITH"},{"data":"Defragment","floor":27,"key":"SMITH"}],"neow_cost":"NO_GOLD","seed_source_timestamp":782162476778700,"circlet_count":0,"master_deck":["Strike_B","Strike_B","Defend_B","Defend_B","Defend_B","Defend_B","Zap+1","Dualcast","Trip+1","Purity","Ball Lightning","Loop+1","Coolheaded","Heatsinks","Static Discharge","Defragment","Biased Cognition","Static Discharge+1","White Noise+1","Defragment+1","Chill"],"relics":["Cracked Core","Golden Idol","Calipers","Potion Belt","Bottled Flame","Ectoplasm","Toy Ornithopter","Sundial","MawBank"],"potions_floor_usage":[24,25],"damage_taken":[{"damage":5,"enemies":"Small Slimes","floor":1,"turns":3},{"damage":1,"enemies":"Jaw Worm","floor":3,"turns":3},{"damage":21,"enemies":"Lagavulin","floor":7,"turns":5},{"damage":0,"enemies":"2 Louse","floor":8,"turns":2},{"damage":1,"enemies":"Large Slime","floor":14,"turns":5},{"damage":52,"enemies":"Slime Boss","floor":16,"turns":8},{"damage":3,"enemies":"Chosen","floor":18,"turns":4},{"damage":15,"enemies":"3 Byrds","floor":19,"turns":3},{"damage":24,"enemies":"Gremlin Leader","floor":24,"turns":6},{"damage":21,"enemies":"Snake Plant","floor":25,"turns":2},{"damage":32,"enemies":"Slavers","floor":28,"turns":1}],"seed_played":"-125608574719939544","potions_obtained":[{"floor":8,"key":"Fire Potion"},{"floor":14,"key":"Weak Potion"},{"floor":19,"key":"Block Potion"}],"is_trial":false,"path_per_floor":["M","?","M","?","?","R","E","M","T","R","?","R","?","M","R","B",null,"M","M","?","?","$","R","E","M","T","R","E"],"character_chosen":"DEFECT","items_purchased":["Toy Ornithopter"],"campfire_rested":1,"item_purchase_floors":[22],"current_hp_per_floor":[70,75,74,74,67,67,46,46,46,46,35,35,35,34,56,4,74,71,56,56,56,56,56,37,21,21,21,0],"gold":29,"neow_bonus":"RANDOM_COLORLESS_2","is_prod":false,"is_daily":false,"chose_seed":false,"campfire_upgraded":5,"win_rate":0.0,"timestamp":1555973391,"path_taken":["M","?","M","?","?","R","E","M","T","R","?","R","?","?","R","BOSS","M","M","?","?","$","R","E","?","T","R","E"],"build_version":"2019-01-23","purchased_purges":1,"victory":false,"max_hp_per_floor":[75,80,80,74,74,74,74,74,74,74,74,74,74,74,74,74,74,74,74,74,74,74,74,74,74,74,74,74],"card_choices":[{"not_picked":["Fusion","Heatsinks"],"picked":"Ball Lightning","floor":1},{"not_picked":["Steam","Doom and Gloom"],"picked":"Loop","floor":3},{"not_picked":["Barrage","Double Energy"],"picked":"Coolheaded","floor":7},{"not_picked":["Tempest","Ball Lightning"],"picked":"Heatsinks","floor":8},{"not_picked":["Barrage","Steam"],"picked":"Defragment","floor":14},{"not_picked":["Multi-Cast","All For One"],"picked":"Biased Cognition","floor":16},{"not_picked":["Tempest","Coolheaded"],"picked":"Static Discharge+1","floor":18},{"not_picked":["Stack","Double Energy"],"picked":"White Noise","floor":19},{"not_picked":["Compile Driver","Coolheaded","Gash+1"],"picked":"SKIP","floor":24},{"not_picked":["Leap","Conserve Battery+1"],"picked":"Chill","floor":25}],"player_experience":48492,"relics_obtained":[{"floor":7,"key":"Potion Belt"},{"floor":9,"key":"Bottled Flame"},{"floor":24,"key":"Sundial"},{"floor":26,"key":"MawBank"}],"event_choices":[{"damage_healed":0,"gold_gain":0,"player_choice":"Donut","damage_taken":0,"max_hp_gain":5,"max_hp_loss":0,"event_name":"Big Fish","floor":2,"gold_loss":0},{"damage_healed":0,"gold_gain":0,"player_choice":"Lose Max HP","damage_taken":0,"relics_obtained":["Golden Idol"],"max_hp_gain":0,"max_hp_loss":6,"event_name":"Golden Idol","floor":4,"gold_loss":0},{"damage_healed":0,"gold_gain":0,"player_choice":"Success","damage_taken":7,"relics_obtained":["Calipers"],"max_hp_gain":0,"max_hp_loss":0,"event_name":"Scrap Ooze","floor":5,"gold_loss":0},{"damage_healed":0,"gold_gain":75,"player_choice":"Gather Gold","damage_taken":11,"max_hp_gain":0,"max_hp_loss":0,"event_name":"World of Goop","floor":11,"gold_loss":0},{"damage_healed":0,"gold_gain":0,"cards_transformed":["Strike_B"],"player_choice":"Transformed","damage_taken":0,"max_hp_gain":0,"max_hp_loss":0,"event_name":"Transmorgrifier","floor":13,"gold_loss":0,"cards_obtained":["Static Discharge"]},{"damage_healed":0,"gold_gain":0,"player_choice":"Ignored","damage_taken":0,"max_hp_gain":0,"max_hp_loss":0,"event_name":"Vampires","floor":20,"gold_loss":0},{"damage_healed":0,"gold_gain":0,"player_choice":"Copied","damage_taken":0,"max_hp_gain":0,"max_hp_loss":0,"event_name":"Duplicator","floor":21,"gold_loss":0,"cards_obtained":["Defragment"]}],"is_beta":false,"boss_relics":[{"not_picked":["Runic Pyramid","Runic Dome"],"picked":"Ectoplasm"}],"items_purged_floors":[22],"is_endless":false,"potions_floor_spawned":[8,14,19],"killed_by":"Slavers","ascension_level":0}