{"path_per_floor":["M","?","M","$","?","E","M","E","T","M","M","E","M","M","R","B",null,"M","M"],"character_chosen":"IRONCLAD","items_purchased":["Carnage","Lantern"],"gold_per_floor":[118,293,308,51,126,160,177,209,209,220,238,268,279,295,295,400,400,412,424,424],"floor_reached":20,"campfire_rested":1,"playtime":1062,"current_hp_per_floor":[80,80,80,80,69,75,80,60,60,59,59,51,40,33,72,26,80,58,53,2],"items_purged":["Doubt"],"gold":424,"score":223,"play_id":"070fa325-bb41-4c80-8a20-bd7ad8dd0105","local_time":"20180428192154","is_prod":false,"is_daily":false,"chose_seed":false,"is_ascension_mode":false,"campfire_upgraded":0,"timestamp":1524910914,"path_taken":["M","?","M","$","?","E","M","E","T","M","?","E","M","M","R","BOSS","M","?","M"],"build_version":"2018-04-27v3","seed_source_timestamp":1366773679519143,"purchased_purges":1,"victory":false,"master_deck":["Strike_R","Strike_R","Strike_R","Strike_R","Strike_R","Defend_R","Defend_R","Defend_R","Defend_R","Bash","Carnage","Rampage","Carnage","Pummel","Battle Trance","Intimidate","Rampage","Thunderclap","Carnage","Berserk+1","Flex+1","Offering+1","Flex+1","Disarm+1"],"max_hp_per_floor":[80,80,80,80,80,80,80,80,80,80,80,80,80,80,80,80,80,80,80,80],"relics":["Burning Blood","Lantern","Regal Pillow","Frozen Egg 2","Toxic Egg 2","Darkstone Periapt","Runic Pyramid"],"card_choices":[{"not_picked":["Bloodletting","Blood for Blood"],"picked":"Carnage","floor":1},{"not_picked":["Headbutt","Searing Blow"],"picked":"Rampage","floor":3},{"not_picked":["Rupture","Body Slam"],"picked":"Pummel","floor":6},{"not_picked":["Flex","Anger"],"picked":"Battle Trance","floor":7},{"not_picked":["Warcry","Anger"],"picked":"Intimidate","floor":8},{"not_picked":["Flex","Feel No Pain"],"picked":"Rampage","floor":10},{"not_picked":["Shockwave","Ghostly Armor"],"picked":"Thunderclap","floor":11},{"not_picked":["Entrench","Body Slam"],"picked":"Carnage","floor":12},{"not_picked":["Flex","Fire Breathing"],"picked":"Berserk","floor":13},{"not_picked":["Warcry","Clash"],"picked":"Flex","floor":14},{"not_picked":["Bludgeon","Impervious"],"picked":"Offering","floor":16},{"not_picked":["Clash","Dropkick"],"picked":"Flex","floor":18},{"not_picked":["Headbutt","Clash"],"picked":"Disarm","floor":19}],"player_experience":0,"potions_floor_usage":[6,19,20],"damage_taken":[{"damage":1,"enemies":"Jaw Worm","floor":1,"turns":5},{"damage":1,"enemies":"Cultist","floor":3,"turns":3},{"damage":0,"enemies":"Gremlin Nob","floor":6,"turns":2},{"damage":0,"enemies":"2 Louse","floor":7,"turns":2},{"damage":26,"enemies":"Lagavulin","floor":8,"turns":6},{"damage":7,"enemies":"Blue Slaver","floor":10,"turns":2},{"damage":6,"enemies":"2 Fungi Beasts","floor":11,"turns":2},{"damage":14,"enemies":"3 Sentries","floor":12,"turns":5},{"damage":17,"enemies":"Exordium Thugs","floor":13,"turns":4},{"damage":13,"enemies":"Gremlin Gang","floor":14,"turns":4},{"damage":52,"enemies":"The Guardian","floor":16,"turns":7},{"damage":28,"enemies":"2 Thieves","floor":18,"turns":3},{"damage":17,"enemies":"Shell Parasite","floor":19,"turns":3},{"damage":51,"enemies":"Snecko","floor":20,"turns":8}],"event_choices":[{"event_name":"Liars Game","player_choice":"agreed","floor":2,"damage_taken":0},{"event_name":"World of Goop","player_choice":"Gather Gold","floor":5,"damage_taken":0}],"boss_relics":[{"not_picked":["Tiny House","White Beast Statue"],"picked":"Runic Pyramid"}],"potions_floor_spawned":[1,3,11,12,13,14],"seed_played":"2686096966237991550","killed_by":"Snecko","ascension_level":0,"is_trial":false}