{"path_per_floor":["M","M","?","$","M","R","M","$","T","R","E","?","?","M","R","B",null,"M","M","?","M","?","E","M","R","T","M","M","E","?","T","R","B",null,"M","$","?","?","T","R","M","R","T","M","$","M","?","?","R","B"],"character_chosen":"IRONCLAD","items_purchased":["Molten Egg 2","Kunai","Secret Technique","Demon Form","Weak Potion","Strength Potion"],"gold_per_floor":[113,128,303,48,62,62,82,7,7,7,36,36,36,49,49,150,150,169,179,179,193,193,257,268,268,568,586,598,633,558,628,628,726,726,744,180,180,180,205,205,221,221,221,241,64,84,84,84,84,84],"floor_reached":51,"campfire_rested":2,"playtime":2885,"current_hp_per_floor":[78,80,80,80,77,77,68,68,68,68,51,51,51,54,54,53,80,70,68,68,51,51,34,28,52,52,58,64,49,49,49,73,54,80,74,74,80,80,80,80,80,80,80,76,76,82,82,72,72,13],"items_purged":["Doubt","Strike_R"],"gold":84,"score":842,"play_id":"66e3bd10-1e88-4ea5-b99d-d31cf88390a0","local_time":"20180331094313","is_prod":false,"is_daily":false,"is_ascension_mode":true,"campfire_upgraded":6,"timestamp":1522456993,"path_taken":["M","M","?","$","M","R","M","$","T","R","E","?","?","M","R","BOSS","M","M","?","?","?","E","M","R","T","M","M","E","?","?","R","BOSS","M","$","?","?","?","R","M","R","T","?","$","M","?","?","R","BOSS"],"build_version":"2018-03-29v2","purchased_purges":2,"victory":true,"master_deck":["Strike_R+1","Defend_R","Defend_R","Defend_R","Defend_R","Bash+1","Power Through+1","Shrug It Off+1","Battle Trance+1","Cleave+1","Blood for Blood+1","Whirlwind+1","Demon Form+1","Clothesline+1","Evolve","Second Wind","Writhe","Evolve+1","Iron Wave+1","Spot Weakness+1","Disarm","Metallicize","Limit Break+1","Power Through+1","Secret Technique","Writhe","Writhe","Shockwave+1","Injury","Demon Form","Battle Trance+1","Jack Of All Trades","Dark Shackles","Blind"],"max_hp_per_floor":[80,80,80,80,80,80,80,80,80,80,80,80,80,80,80,80,80,80,80,80,80,80,80,80,80,80,80,80,80,80,80,80,80,80,80,80,80,80,80,80,80,80,80,82,82,82,82,82,82,82],"relics":["Burning Blood","Molten Egg 2","Du-Vu Doll","Singing Bowl","Mark of Pain","Happy Flower","Tiny Chest","Old Coin","Bottled Lightning","Bottled Flame","Cursed Key","Kunai","Whetstone","Champion Belt"],"card_choices":[{"not_picked":["Twin Strike","Warcry"],"picked":"Power Through","floor":1},{"not_picked":["Cleave","Headbutt"],"picked":"Shrug It Off","floor":2},{"not_picked":["Seeing Red","Rupture"],"picked":"Battle Trance","floor":7},{"not_picked":["Metallicize","Feel No Pain"],"picked":"Cleave","floor":11},{"not_picked":["Headbutt","Clothesline"],"picked":"Whirlwind","floor":14},{"not_picked":["Offering","Immolate"],"picked":"Demon Form","floor":16},{"not_picked":["Combust","Havoc"],"picked":"Clothesline","floor":18},{"not_picked":["Body Slam","Rage"],"picked":"Evolve","floor":19},{"not_picked":["Hemokinesis","Rupture"],"picked":"Second Wind","floor":21},{"not_picked":["Twin Strike","Searing Blow"],"picked":"Evolve","floor":23},{"not_picked":["Clash","Body Slam"],"picked":"Iron Wave","floor":24},{"not_picked":["Wild Strike","Thunderclap"],"picked":"Spot Weakness","floor":27},{"not_picked":["Second Wind","Headbutt"],"picked":"Disarm","floor":28},{"not_picked":["Bloodletting","Pommel Strike"],"picked":"Metallicize","floor":29},{"not_picked":["Berserk","Exhume"],"picked":"Limit Break","floor":33},{"not_picked":["Iron Wave","Whirlwind"],"picked":"Power Through","floor":35},{"not_picked":["Shrug It Off","Clash"],"picked":"Shockwave","floor":41},{"not_picked":["Clash","Heavy Blade"],"picked":"Battle Trance","floor":46},{"not_picked":["Dark Shackles","Purity"],"picked":"Jack Of All Trades","floor":48},{"not_picked":["Sadistic Nature","Jack Of All Trades"],"picked":"Dark Shackles","floor":48},{"not_picked":["Mind Blast","Madness"],"picked":"Blind","floor":48}],"player_experience":109450,"potions_floor_usage":[16,16,16,24,29,29,35,44,50,50,50],"damage_taken":[{"damage":8,"enemies":"2 Louse","floor":1,"turns":3},{"damage":0,"enemies":"Jaw Worm","floor":2,"turns":4},{"damage":9,"enemies":"Cultist","floor":5,"turns":5},{"damage":15,"enemies":"2 Fungi Beasts","floor":7,"turns":6},{"damage":23,"enemies":"Lagavulin","floor":11,"turns":11},{"damage":3,"enemies":"Looter","floor":14,"turns":2},{"damage":7,"enemies":"Slime Boss","floor":16,"turns":7},{"damage":16,"enemies":"Chosen","floor":18,"turns":5},{"damage":8,"enemies":"3 Byrds","floor":19,"turns":4},{"damage":23,"enemies":"Centurion and Healer","floor":21,"turns":6},{"damage":23,"enemies":"Book of Stabbing","floor":23,"turns":5},{"damage":12,"enemies":"Snake Plant","floor":24,"turns":4},{"damage":0,"enemies":"Cultist and Chosen","floor":27,"turns":6},{"damage":0,"enemies":"Chosen and Byrds","floor":28,"turns":5},{"damage":21,"enemies":"Slavers","floor":29,"turns":4},{"damage":25,"enemies":"Champ","floor":33,"turns":9},{"damage":12,"enemies":"3 Shapes","floor":35,"turns":1},{"damage":0,"enemies":"3 Darklings","floor":41,"turns":1},{"damage":12,"enemies":"4 Shapes","floor":44,"turns":1},{"damage":0,"enemies":"Sphere and 2 Shapes","floor":46,"turns":1},{"damage":80,"enemies":"Donu and Deca","floor":50,"turns":9}],"event_choices":[{"event_name":"Liars Game","player_choice":"agreed","floor":3,"damage_taken":0},{"event_name":"Upgrade Shrine","player_choice":"Upgraded","floor":12,"damage_taken":0},{"event_name":"Living Wall","player_choice":"Change","floor":13,"damage_taken":0},{"event_name":"Back to Basics","player_choice":"Elegance","floor":20,"damage_taken":0},{"event_name":"The Mausoleum","player_choice":"Yes","floor":22,"damage_taken":0},{"event_name":"Beggar","player_choice":"Gave Gold","floor":30,"damage_taken":0},{"event_name":"Winding Halls","player_choice":"Writhe","floor":37,"damage_taken":0},{"event_name":"Mysterious Sphere","player_choice":"Ignore","floor":38,"damage_taken":0},{"event_name":"SecretPortal","player_choice":"Rejected Portal.","floor":47,"damage_taken":0},{"event_name":"SensoryStone","player_choice":"Memory 3","floor":48,"damage_taken":0}],"boss_relics":[{"not_picked":["Eternal Feather","White Beast Statue"],"picked":"Mark of Pain"},{"not_picked":["Velvet Choker","Sozu"],"picked":"Cursed Key"}],"potions_floor_spawned":[1,7,11,16,21,24,28,29,41,46],"seed_played":"-2686347583691529086","ascension_level":4,"is_trial":false}