{"path_per_floor":["M","?","M","M","M","R","?","E","T","M","M","$","R","$","R","B",null,"M","?","?","M","?","R","M","R","T","M","R","M","?"],"character_chosen":"DEFECT","items_purchased":["Capacitor"],"gold_per_floor":[19,19,38,49,66,66,66,98,148,160,170,46,46,46,46,150,150,90,5,5,24,24,24,35,35,35,49,49,62,62,62],"floor_reached":31,"campfire_rested":3,"playtime":1553,"current_hp_per_floor":[72,65,64,60,57,57,54,34,34,30,30,30,52,52,52,13,75,51,51,51,43,43,65,35,57,57,45,45,20,20,14],"items_purged":["Strike_B"],"gold":62,"score":235,"play_id":"56d35554-dfc7-428d-bbe9-54a1bc0a8e84","local_time":"20180506090124","is_prod":false,"is_daily":false,"chose_seed":false,"is_ascension_mode":false,"campfire_upgraded":3,"timestamp":1525564884,"path_taken":["M","?","M","M","M","R","?","E","T","M","M","$","R","$","R","BOSS","M","?","?","M","?","R","M","R","T","M","R","M","?","M"],"build_version":"2018-05-03","seed_source_timestamp":2020245073308465,"purchased_purges":1,"victory":false,"master_deck":["Strike_B","Strike_B","Defend_B","Defend_B","Defend_B","Defend_B","Zap","Dualcast","Rainbow+1","Capacitor","Sweeping Beam","Rebound","Impulse","Creative AI+1","Impulse","Loop","Capacitor","Nova+1","Turbo","Chill","Loop","Blizzard+1","Cold Snap"],"max_hp_per_floor":[75,75,75,75,75,75,75,75,75,75,75,75,75,75,75,75,75,75,75,75,75,75,75,75,75,75,75,75,75,75,75],"relics":["Cracked Core","Mercury Hourglass","Anchor","Orichalcum","Inserter","Torii","Sundial","Gremlin Horn"],"card_choices":[{"not_picked":["All For One","Redo"],"picked":"Rainbow","floor":0},{"not_picked":["Barrage","Skim"],"picked":"Capacitor","floor":1},{"not_picked":["Stack","Hologram"],"picked":"Sweeping Beam","floor":3},{"not_picked":["Reprogram","All For One"],"picked":"Rebound","floor":4},{"not_picked":["Buffer","Capacitor"],"picked":"Impulse","floor":5},{"not_picked":["Tempest","Leap"],"picked":"Creative AI","floor":8},{"not_picked":["BootSequence","Aggregate"],"picked":"Impulse","floor":10},{"not_picked":["Buffer","Stack"],"picked":"Loop","floor":11},{"not_picked":["Thunder Strike","Machine Learning"],"picked":"Nova","floor":16},{"not_picked":["Hologram","Rebound"],"picked":"Turbo","floor":18},{"not_picked":["Rip and Tear","Go for the Eyes"],"picked":"Chill","floor":21},{"not_picked":["Sweeping Beam","Leap"],"picked":"Loop","floor":24},{"not_picked":["Recycle","Rip and Tear"],"picked":"Blizzard","floor":27},{"not_picked":["Axe Kick","Streamline"],"picked":"Cold Snap","floor":29}],"player_experience":37061,"potions_floor_usage":[5,10,29,31],"damage_taken":[{"damage":3,"enemies":"Small Slimes","floor":1,"turns":3},{"damage":1,"enemies":"Jaw Worm","floor":3,"turns":4},{"damage":4,"enemies":"2 Louse","floor":4,"turns":2},{"damage":3,"enemies":"Looter","floor":5,"turns":3},{"damage":20,"enemies":"3 Sentries","floor":8,"turns":5},{"damage":4,"enemies":"Large Slime","floor":10,"turns":4},{"damage":0,"enemies":"3 Louse","floor":11,"turns":2},{"damage":39,"enemies":"The Guardian","floor":16,"turns":10},{"damage":24,"enemies":"2 Thieves","floor":18,"turns":4},{"damage":8,"enemies":"Chosen","floor":21,"turns":5},{"damage":30,"enemies":"Snake Plant","floor":24,"turns":5},{"damage":12,"enemies":"3 Cultists","floor":27,"turns":6},{"damage":25,"enemies":"Snecko","floor":29,"turns":5},{"damage":6,"enemies":"Chosen and Byrds","floor":31,"turns":5}],"event_choices":[{"event_name":"Golden Wing","player_choice":"Card Removal","floor":2,"damage_taken":0},{"event_name":"Scrap Ooze","player_choice":"success","floor":7,"damage_taken":3},{"event_name":"Addict","player_choice":"Obtained Relic","floor":19,"damage_taken":0},{"event_name":"The Mausoleum","player_choice":"Yes","floor":20,"damage_taken":0},{"event_name":"N\u0027loth","player_choice":"Ignored","floor":22,"damage_taken":0},{"event_name":"Beggar","player_choice":"Ignored","floor":30,"damage_taken":0}],"boss_relics":[{"not_picked":["Nuclear Battery","Cursed Key"],"picked":"Inserter"}],"potions_floor_spawned":[3,8,21,24,27],"seed_played":"-6075150426241635361","killed_by":"Chosen and Byrds","ascension_level":0,"is_trial":false}