{"path_per_floor":["M","M","M","M","M","R","E","T","T","E","R","?","E","M","R","B",null,"M","$","?","?","M","E","$","R","T","E","R","M","E","M","R","B",null,"M","M","?","?","$","R","E","R","T","E","M","E","M","?","R","B"],"character_chosen":"THE_SILENT","items_purchased":["Dead Branch","Prepared","Quick Slash+1","Leg Sweep+1","Pen Nib","Prepared+1"],"gold_per_floor":[118,138,150,164,179,179,204,204,204,239,239,239,272,283,283,382,382,399,37,37,37,48,74,4,4,4,36,36,50,77,92,92,188,188,206,220,220,220,17,17,49,49,49,79,93,118,131,131,131,131],"floor_reached":51,"campfire_rested":3,"playtime":4536,"item_purchase_floors":[19,19,19,24,39,39],"current_hp_per_floor":[66,66,66,60,60,60,40,40,40,22,46,46,27,23,47,9,80,79,79,79,79,79,60,60,60,60,44,44,23,23,23,47,72,80,80,78,78,78,78,78,85,85,85,85,85,85,87,77,77,87],"items_purged":[],"gold":131,"score":1186,"play_id":"dd7bb7d3-a0cd-4308-8ceb-461cdaf97a14","local_time":"20180520164928","is_prod":false,"is_daily":false,"chose_seed":false,"is_ascension_mode":true,"campfire_upgraded":5,"timestamp":1526849368,"campfire_choices":[{"data":"Slice","floor":6,"key":"SMITH"},{"floor":11,"key":"REST"},{"floor":15,"key":"REST"},{"data":"Strike_G","floor":25,"key":"PURGE"},{"data":"Blur","floor":28,"key":"SMITH"},{"floor":32,"key":"REST"},{"data":"Prepared","floor":40,"key":"SMITH"},{"data":"Footwork","floor":42,"key":"SMITH"},{"data":"After Image","floor":49,"key":"SMITH"}],"path_taken":["M","M","M","M","M","R","E","?","T","E","R","?","E","M","R","BOSS","M","$","?","?","M","E","?","R","T","E","R","?","E","M","R","BOSS","M","M","?","?","$","R","E","R","T","E","M","E","M","?","R","BOSS"],"build_version":"2018-05-18","seed_source_timestamp":50719324310782,"purchased_purges":0,"victory":true,"master_deck":["Defend_G","Defend_G","Defend_G","Defend_G","Defend_G","Strike_G","Strike_G","Strike_G","Strike_G","Survivor","Neutralize","Slice","Slice","Acrobatics","Backflip","Slice+1","Deflect","Crippling Poison","Blur+1","Glass Knife+1","Clumsy","Parasite","Dagger Throw+1","Prepared+1","Quick Slash+1","Decay","Quick Slash+1","Acrobatics+1","Leg Sweep+1","Deflect+1","Backflip+1","Slice+1","Infinite Blades+1","Doppelganger+1","Backflip+1","Die Die Die+1","Acrobatics+1","Heel Hook+1","Slice+1","Footwork+1","Footwork","Prepared+1","After Image+1","Dodge and Roll+1","Quick Slash+1","Glass Knife+1","Backflip+1","Madness+1","Dark Shackles+1","Madness+1"],"max_hp_per_floor":[70,70,70,70,70,70,80,80,80,80,80,80,80,80,80,80,80,80,80,80,80,80,80,80,80,80,80,80,80,80,80,80,80,80,80,80,80,80,80,80,87,87,87,87,87,87,87,87,87,87],"relics":["Black Star","Pear","Paper Crane","Pantograph","Molten Egg 2","Omamori","Bag of Marbles","Du-Vu Doll","Unceasing Top","Tingsha","Vajra","Gremlin Horn","Peace Pipe","Dead Branch","Nloth\u0027s Gift","Toxic Egg 2","Ornamental Fan","Oddly Smooth Stone","Smiling Mask","Bottled Flame","Tough Bandages","Matryoshka","Orrery","Pen Nib","Strawberry","Singing Bowl","Dream Catcher","Ginger","Mummified Hand","Mercury Hourglass","Juzu Bracelet","Blood Vial"],"card_choices":[{"not_picked":["Sucker Punch","Quick Slash"],"picked":"Slice","floor":1},{"not_picked":["Sucker Punch","PiercingWail"],"picked":"Slice","floor":2},{"not_picked":["Deadly Poison","Crippling Poison"],"picked":"Acrobatics","floor":3},{"not_picked":["Calculated Gamble","Quick Slash"],"picked":"Backflip","floor":4},{"not_picked":["Sucker Punch","Underhanded Strike"],"picked":"Slice","floor":5},{"not_picked":["Underhanded Strike","Tactician","Bane"],"picked":"SKIP","floor":7},{"not_picked":["Outmaneuver","Sucker Punch+1"],"picked":"Deflect","floor":10},{"not_picked":["Flechettes+1","Expertise"],"picked":"Crippling Poison","floor":13},{"not_picked":["Infinite Blades","Blade Dance"],"picked":"Blur","floor":14},{"not_picked":["Tools of the Trade","Venomology"],"picked":"Glass Knife+1","floor":16},{"not_picked":["Caltrops","Deflect"],"picked":"Dagger Throw+1","floor":18},{"not_picked":["Backflip","Acrobatics+1"],"picked":"Quick Slash+1","floor":22},{"not_picked":["Flying Knee+1","Deadly Poison+1"],"picked":"Acrobatics","floor":23},{"not_picked":["Envenom","Sucker Punch+1"],"picked":"Deflect+1","floor":27},{"not_picked":["Bane+1","Caltrops"],"picked":"Backflip+1","floor":29},{"not_picked":["Prepared+1","Dagger Throw+1"],"picked":"Slice+1","floor":30},{"not_picked":["Quick Slash+1","Distraction+1"],"picked":"Infinite Blades+1","floor":31},{"not_picked":["Wraith Form v2","Adrenaline+1"],"picked":"Doppelganger+1","floor":33},{"not_picked":["Eviscerate+1","Poisoned Stab+1"],"picked":"Backflip+1","floor":34},{"not_picked":["Deadly Poison+1","Bane+1"],"picked":"Die Die Die+1","floor":34},{"not_picked":["Flying Knee+1","Deadly Poison+1"],"picked":"Acrobatics+1","floor":34},{"not_picked":["Flying Knee+1","Deadly Poison+1"],"picked":"Heel Hook+1","floor":34},{"not_picked":["Dagger Spray+1","Dagger Throw+1"],"picked":"Slice+1","floor":34},{"not_picked":["Prepared+1","Flying Knee+1"],"picked":"Footwork","floor":35},{"not_picked":["Quick Slash+1","Dagger Spray+1"],"picked":"Footwork","floor":36},{"not_picked":["Expertise+1","Envenom"],"picked":"After Image","floor":41},{"not_picked":["Venomology+1","Skewer+1"],"picked":"Dodge and Roll+1","floor":44},{"not_picked":["Eviscerate+1","Bane+1"],"picked":"Quick Slash+1","floor":45},{"not_picked":["Deflect+1","Dagger Throw+1"],"picked":"Glass Knife+1","floor":46},{"not_picked":["Eviscerate+1","Deadly Poison+1"],"picked":"Backflip+1","floor":47},{"not_picked":["Swift Strike","Secret Weapon"],"picked":"Madness","floor":48},{"not_picked":["Blind","Panache"],"picked":"Dark Shackles","floor":48},{"not_picked":["Dark Shackles","Panacea"],"picked":"Madness","floor":48}],"player_experience":96600,"potions_floor_usage":[4,4,4,7,10,13,16,30,30,50,50,50],"damage_taken":[{"damage":4,"enemies":"Cultist","floor":1,"turns":5},{"damage":0,"enemies":"2 Louse","floor":2,"turns":2},{"damage":0,"enemies":"Small Slimes","floor":3,"turns":4},{"damage":6,"enemies":"Exordium Thugs","floor":4,"turns":6},{"damage":0,"enemies":"Large Slime","floor":5,"turns":8},{"damage":30,"enemies":"Gremlin Nob","floor":7,"turns":5},{"damage":18,"enemies":"Lagavulin","floor":10,"turns":8},{"damage":19,"enemies":"Gremlin Nob","floor":13,"turns":5},{"damage":4,"enemies":"Red Slaver","floor":14,"turns":4},{"damage":75,"enemies":"Slime Boss","floor":16,"turns":24},{"damage":1,"enemies":"Shell Parasite","floor":18,"turns":4},{"damage":0,"enemies":"2 Thieves","floor":22,"turns":1},{"damage":19,"enemies":"Slavers","floor":23,"turns":3},{"damage":16,"enemies":"Gremlin Leader","floor":27,"turns":7},{"damage":21,"enemies":"Slaver and Parasite","floor":29,"turns":4},{"damage":0,"enemies":"Book of Stabbing","floor":30,"turns":3},{"damage":0,"enemies":"Centurion and Healer","floor":31,"turns":3},{"damage":0,"enemies":"Champ","floor":33,"turns":9},{"damage":0,"enemies":"Flame Bruiser 1 Orb","floor":35,"turns":3},{"damage":2,"enemies":"3 Shapes","floor":36,"turns":3},{"damage":0,"enemies":"Nemesis","floor":41,"turns":7},{"damage":0,"enemies":"Giant Head","floor":44,"turns":8},{"damage":0,"enemies":"Spire Growth","floor":45,"turns":3},{"damage":0,"enemies":"2 Orb Walkers","floor":46,"turns":3},{"damage":0,"enemies":"Maw","floor":47,"turns":5},{"damage":0,"enemies":"Awakened One","floor":50,"turns":15}],"relics_obtained":[{"floor":7,"key":"Pear"},{"floor":7,"key":"Paper Crane"},{"floor":8,"key":"Pantograph"},{"floor":9,"key":"Molten Egg 2"},{"floor":10,"key":"Omamori"},{"floor":10,"key":"Bag of Marbles"},{"floor":13,"key":"Unceasing Top"},{"floor":13,"key":"Tingsha"},{"floor":17,"key":"Vajra"},{"floor":17,"key":"Gremlin Horn"},{"floor":17,"key":"Peace Pipe"},{"floor":23,"key":"Toxic Egg 2"},{"floor":23,"key":"Ornamental Fan"},{"floor":26,"key":"Oddly Smooth Stone"},{"floor":27,"key":"Smiling Mask"},{"floor":27,"key":"Bottled Flame"},{"floor":30,"key":"Tough Bandages"},{"floor":30,"key":"Matryoshka"},{"floor":41,"key":"Strawberry"},{"floor":41,"key":"Singing Bowl"},{"floor":43,"key":"Dream Catcher"},{"floor":43,"key":"Ginger"},{"floor":44,"key":"Mummified Hand"},{"floor":44,"key":"Mercury Hourglass"},{"floor":46,"key":"Juzu Bracelet"},{"floor":46,"key":"Blood Vial"}],"event_choices":[{"event_name":"Accursed Blacksmith","player_choice":"Rummage","floor":12,"damage_taken":0},{"event_name":"Wheel of Change","player_choice":"Curse","floor":20,"damage_taken":0},{"event_name":"N\u0027loth","player_choice":"Traded a Calling Bell","floor":21,"damage_taken":0},{"event_name":"The Woman in Blue","player_choice":"Bought 0 Potions","floor":37,"damage_taken":0},{"event_name":"Tomb of Lord Red Mask","player_choice":"Ignored","floor":38,"damage_taken":0},{"event_name":"SensoryStone","player_choice":"Memory 3","floor":48,"damage_taken":0}],"boss_relics":[{"not_picked":["Sozu","Eternal Feather"],"picked":"Calling Bell"},{"not_picked":["Snecko Eye","Runic Pyramid"],"picked":"Orrery"}],"items_purged_floors":[],"potions_floor_spawned":[2,4,10,13,14,27,29,30,31,35,36,45,47],"seed_played":"-3298221460508690766","ascension_level":1,"potions_obtained":[{"floor":2,"key":"EntropicBrew"},{"floor":4,"key":"Weak Potion"},{"floor":10,"key":"Explosive Potion"},{"floor":13,"key":"Regen Potion"},{"floor":14,"key":"Ancient Potion"},{"floor":27,"key":"LiquidBronze"},{"floor":29,"key":"Dexterity Potion"},{"floor":30,"key":"FearPotion"},{"floor":31,"key":"GhostInAJar"},{"floor":35,"key":"GhostInAJar"},{"floor":36,"key":"SteroidPotion"},{"floor":47,"key":"GhostInAJar"}],"is_trial":false}