{"gold_per_floor":[110,121,121,121,121,121,135,135,158,177,205,217,248,260,272,389,401,432,471,4,4,19,19,19,30,53,53,53,65,65,75,75,75],"floor_reached":33,"playtime":991,"items_purged":[],"score":319,"play_id":"72c55e46-707b-46fa-bca6-82da8184933c","local_time":"20190601220834","is_ascension_mode":true,"campfire_choices":[{"data":"Darkness","floor":6,"key":"SMITH"},{"data":"Streamline","floor":8,"key":"SMITH"},{"floor":15,"key":"REST"},{"floor":23,"key":"REST"},{"data":"Capacitor","floor":27,"key":"SMITH"},{"floor":30,"key":"REST"},{"data":"Seek","floor":32,"key":"SMITH"}],"neow_cost":"NONE","seed_source_timestamp":982459495100200,"circlet_count":0,"master_deck":["Strike_B","Strike_B+1","Strike_B+1","Defend_B+1","Defend_B","Defend_B","Defend_B+1","Zap","Dualcast","Streamline+1","Darkness+1","Ball Lightning","Capacitor+1","Barrage","Compile Driver","Seek+1","Defragment+1","Conserve Battery","Defragment+1","Cold Snap","Glacier+1","Chill"],"relics":["FrozenCore","Juzu Bracelet","Whetstone","Orichalcum","MawBank","Gremlin Horn","Red Mask","Kunai","ClockworkSouvenir","Happy Flower"],"potions_floor_usage":[11,19,33],"damage_taken":[{"damage":1,"enemies":"Cultist","floor":1,"turns":3},{"damage":0,"enemies":"Small Slimes","floor":2,"turns":3},{"damage":12,"enemies":"Jaw Worm","floor":7,"turns":2},{"damage":7,"enemies":"Blue Slaver","floor":10,"turns":2},{"damage":28,"enemies":"Lagavulin","floor":11,"turns":5},{"damage":6,"enemies":"2 Fungi Beasts","floor":13,"turns":3},{"damage":12,"enemies":"Slime Boss","floor":16,"turns":8},{"damage":15,"enemies":"Shell Parasite","floor":18,"turns":5},{"damage":18,"enemies":"Masked Bandits","floor":19,"turns":4},{"damage":14,"enemies":"3 Byrds","floor":22,"turns":4},{"damage":4,"enemies":"Centurion and Healer","floor":25,"turns":6},{"damage":4,"enemies":"Snake Plant","floor":29,"turns":6},{"damage":0,"enemies":"Cultist and Chosen","floor":31,"turns":6},{"damage":57,"enemies":"Automaton","floor":33,"turns":12}],"seed_played":"-5453531718010231059","potions_obtained":[{"floor":2,"key":"SkillPotion"},{"floor":10,"key":"Poison Potion"},{"floor":11,"key":"EssenceOfSteel"},{"floor":22,"key":"LiquidBronze"},{"floor":29,"key":"Energy Potion"}],"is_trial":false,"path_per_floor":["M","M","T","?","?","R","M","R","T","M","E","?","M","T","R","B",null,"M","?","$","?","M","R","?","M","T","R","?","M","R","M","R","B"],"character_chosen":"DEFECT","items_purchased":["Kunai","ClockworkSouvenir","Defragment"],"campfire_rested":3,"item_purchase_floors":[20,20,20],"current_hp_per_floor":[67,67,67,52,52,52,40,40,40,33,5,23,17,17,39,27,63,48,30,30,30,16,38,38,34,34,34,34,30,51,51,51,0],"gold":75,"neow_bonus":"RANDOM_COMMON_RELIC","is_prod":false,"is_daily":false,"chose_seed":false,"campfire_upgraded":4,"win_rate":0,"timestamp":1559423314,"path_taken":["M","M","?","?","?","R","M","R","T","M","E","?","M","?","R","BOSS","M","?","$","?","M","R","?","M","T","R","?","M","R","M","R","BOSS"],"build_version":"2019-01-23","purchased_purges":0,"victory":false,"max_hp_per_floor":[75,75,75,75,75,75,75,75,75,75,75,75,75,75,75,75,75,75,75,75,75,75,75,72,72,72,72,72,72,72,72,72,72],"card_choices":[{"not_picked":["Sweeping Beam","Steam"],"picked":"Streamline","floor":1},{"not_picked":["Scrape","Hologram"],"picked":"Darkness","floor":2},{"not_picked":["Hello World","Hologram"],"picked":"Ball Lightning","floor":7},{"not_picked":["Compile Driver","Steam"],"picked":"Capacitor","floor":10},{"not_picked":["Gash","Skim"],"picked":"Barrage","floor":11},{"not_picked":["Redo","Ball Lightning"],"picked":"Compile Driver","floor":13},{"not_picked":["Reboot","All For One"],"picked":"Seek","floor":16},{"not_picked":["Streamline","Leap"],"picked":"Defragment+1","floor":18},{"not_picked":["Beam Cell+1","Compile Driver+1"],"picked":"Conserve Battery","floor":19},{"not_picked":["Force Field","Double Energy"],"picked":"Cold Snap","floor":22},{"not_picked":["Ball Lightning+1","Doom and Gloom"],"picked":"Glacier+1","floor":25},{"not_picked":["Conserve Battery","Barrage","Recycle+1"],"picked":"SKIP","floor":29},{"not_picked":["Beam Cell+1","Rebound+1"],"picked":"Chill","floor":31}],"player_experience":122872,"relics_obtained":[{"floor":3,"key":"Whetstone"},{"floor":9,"key":"Orichalcum"},{"floor":11,"key":"MawBank"},{"floor":14,"key":"Gremlin Horn"},{"floor":19,"key":"Red Mask"},{"floor":26,"key":"Happy Flower"}],"event_choices":[{"damage_healed":0,"gold_gain":0,"player_choice":"Entered Light","damage_taken":15,"max_hp_gain":0,"max_hp_loss":0,"event_name":"Shining Light","floor":4,"gold_loss":0,"cards_upgraded":["Defend_B","Defend_B"]},{"cards_removed":["Strike_B"],"damage_healed":0,"gold_gain":0,"player_choice":"Purged","damage_taken":0,"max_hp_gain":0,"max_hp_loss":0,"event_name":"Purifier","floor":5,"gold_loss":0},{"damage_healed":18,"gold_gain":0,"player_choice":"Healed and dodged fight","damage_taken":0,"max_hp_gain":0,"max_hp_loss":0,"event_name":"Mushrooms","floor":12,"gold_loss":0,"cards_obtained":["Parasite"]},{"damage_healed":0,"gold_gain":0,"player_choice":"Fought Bandits","damage_taken":0,"max_hp_gain":0,"max_hp_loss":0,"event_name":"Masked Bandits","floor":19,"gold_loss":0},{"damage_healed":0,"gold_gain":0,"player_choice":"Forge","damage_taken":0,"max_hp_gain":0,"max_hp_loss":0,"event_name":"Accursed Blacksmith","floor":21,"gold_loss":0,"cards_upgraded":["Defragment"]},{"cards_removed":["Parasite"],"damage_healed":0,"gold_gain":0,"player_choice":"Removed Curses","damage_taken":0,"max_hp_gain":0,"max_hp_loss":0,"event_name":"Fountain of Cleansing","floor":24,"gold_loss":0},{"damage_healed":0,"gold_gain":0,"player_choice":"Ignored","damage_taken":0,"max_hp_gain":0,"max_hp_loss":0,"event_name":"Vampires","floor":28,"gold_loss":0}],"is_beta":false,"boss_relics":[{"not_picked":["Inserter","Calling Bell"],"picked":"FrozenCore"}],"items_purged_floors":[],"is_endless":false,"potions_floor_spawned":[2,10,11,22,29,31],"killed_by":"Automaton","ascension_level":6}