{"path_per_floor":["M","M","?","?","M","E","R","M","T","R","M","$","M","$","R","B",null,"M","?","?","M","$","E","M","E","T","M","?","R","E","M","R","B",null,"M","M","$","M","?","E","R","E","T","R","M","E","$","T","R","B"],"character_chosen":"DEFECT","items_purchased":["Thunder Strike","Static Discharge","Leap","Machine Learning","Loop","Ball Lightning","Conserve Battery","Fission","Regen Potion","Storm","Auto Shields","Streamline"],"gold_per_floor":[112,127,302,402,420,447,447,463,463,463,476,165,178,26,26,124,124,134,134,134,146,9,44,64,90,90,101,101,101,131,148,148,253,253,269,279,30,45,45,77,77,108,134,134,152,215,52,78,78,78],"floor_reached":51,"campfire_rested":3,"playtime":3373,"item_purchase_floors":[12,12,12,14,22,22,22,37,37,47,47,47],"current_hp_per_floor":[70,70,70,70,65,47,47,50,50,50,57,57,67,67,67,57,75,69,69,69,75,75,75,70,60,60,45,45,45,35,20,44,21,82,82,82,82,73,73,28,67,40,40,82,72,72,72,72,72,45],"items_purged":["Doubt","Writhe"],"gold":78,"score":909,"play_id":"c1b237a5-ce0c-4894-b0d0-4604765b80e3","local_time":"20180622003216","is_prod":false,"is_daily":false,"chose_seed":false,"is_ascension_mode":true,"campfire_upgraded":4,"win_rate":0.0,"timestamp":1529641936,"campfire_choices":[{"data":"Storm","floor":7,"key":"SMITH"},{"data":"Self Repair","floor":10,"key":"SMITH"},{"data":"Machine Learning","floor":15,"key":"SMITH"},{"data":"1","floor":29,"key":"LIFT"},{"floor":32,"key":"REST"},{"floor":41,"key":"REST"},{"floor":44,"key":"REST"},{"data":"Storm","floor":49,"key":"SMITH"}],"path_taken":["M","M","?","?","M","E","R","M","T","R","M","$","M","?","R","BOSS","M","?","?","M","$","E","M","E","T","M","?","R","E","M","R","BOSS","M","M","$","M","?","E","R","E","T","R","M","E","$","?","R","BOSS"],"build_version":"2018-06-21","seed_source_timestamp":494551715243853,"purchased_purges":2,"circlet_count":0,"victory":true,"master_deck":["Strike_B","Strike_B","Strike_B","Strike_B","Defend_B","Defend_B","Defend_B","Defend_B","Zap","Dualcast","Storm+1","Steam","Self Repair+1","Heatsinks","Cold Snap","Go for the Eyes","Thunder Strike","Static Discharge","Leap","Steam","Machine Learning+1","Echo Form","Beam Cell+1","Echo Form","Redo","Loop","Ball Lightning","Conserve Battery","Redo+1","Stack","Leap","Force Field+1","Force Field","Creative AI","Ball Lightning+1","Consume","Fission","Stack+1","Storm+1","Cold Snap+1","Rainbow","Storm+1","Auto Shields","Streamline"],"max_hp_per_floor":[75,75,75,75,75,75,75,75,75,75,75,75,75,75,75,75,75,75,75,75,75,75,75,75,82,82,82,82,82,82,82,82,82,82,82,82,82,82,82,82,82,92,92,92,92,92,92,92,92,92],"relics":["Cracked Core","Anchor","Lantern","Cursed Key","Bottled Flame","Strawberry","Girya","Omamori","Black Star","Regal Pillow","Pen Nib","Dodecahedron","Pear","Oddly Smooth Stone","Bag of Marbles","Tiny Chest","Juzu Bracelet"],"card_choices":[{"not_picked":["Cold Snap","Rebound"],"picked":"Storm","floor":1},{"not_picked":["Consume","Beam Cell"],"picked":"Steam","floor":2},{"not_picked":["Melter","Cold Snap"],"picked":"Self Repair","floor":5},{"not_picked":["Coolheaded","Blizzard"],"picked":"Heatsinks","floor":6},{"not_picked":["Reprogram","Gash"],"picked":"Cold Snap","floor":8},{"not_picked":["Cold Snap","Stack"],"picked":"Go for the Eyes","floor":11},{"not_picked":["Undo","Sweeping Beam"],"picked":"Steam","floor":13},{"not_picked":["All For One","Rainbow"],"picked":"Echo Form","floor":16},{"not_picked":["Genetic Algorithm","Streamline"],"picked":"Beam Cell+1","floor":18},{"not_picked":["Beam Cell","Reboot"],"picked":"Redo","floor":21},{"not_picked":["Reboot","Rebound"],"picked":"Ball Lightning+1","floor":23},{"not_picked":["Fusion+1","Chaos"],"picked":"Redo+1","floor":24},{"not_picked":["Coolheaded","Ball Lightning"],"picked":"Stack","floor":25},{"not_picked":["Skim","Ball Lightning+1"],"picked":"Leap","floor":27},{"not_picked":["Redo","Chaos"],"picked":"Force Field+1","floor":30},{"not_picked":["Coolheaded+1","Blizzard+1"],"picked":"Force Field","floor":31},{"not_picked":["Thunder Strike","All For One"],"picked":"Creative AI","floor":33},{"not_picked":["Barrage","Cold Snap"],"picked":"Ball Lightning+1","floor":35},{"not_picked":["Ball Lightning+1","Undo"],"picked":"Consume","floor":36},{"not_picked":["Fusion","Hologram+1"],"picked":"Stack+1","floor":38},{"not_picked":["Barrage","Buffer"],"picked":"Storm+1","floor":40},{"not_picked":["Darkness","Reprogram"],"picked":"Cold Snap+1","floor":42},{"not_picked":["Cold Snap","Rebound","Ball Lightning"],"picked":"SKIP","floor":45},{"not_picked":["Genetic Algorithm","Sweeping Beam"],"picked":"Rainbow","floor":46}],"player_experience":197483,"potions_floor_usage":[6,6,23,23,27,30,36,42,50,50,50],"damage_taken":[{"damage":5,"enemies":"2 Louse","floor":1,"turns":2},{"damage":0,"enemies":"Small Slimes","floor":2,"turns":3},{"damage":5,"enemies":"Jaw Worm","floor":5,"turns":4},{"damage":25,"enemies":"Lagavulin","floor":6,"turns":7},{"damage":4,"enemies":"Red Slaver","floor":8,"turns":4},{"damage":3,"enemies":"Looter","floor":11,"turns":3},{"damage":0,"enemies":"Exordium Wildlife","floor":13,"turns":3},{"damage":20,"enemies":"Hexaghost","floor":16,"turns":10},{"damage":16,"enemies":"3 Byrds","floor":18,"turns":4},{"damage":14,"enemies":"Spheric Guardian","floor":21,"turns":4},{"damage":17,"enemies":"Gremlin Leader","floor":23,"turns":6},{"damage":15,"enemies":"Centurion and Healer","floor":24,"turns":5},{"damage":27,"enemies":"Book of Stabbing","floor":25,"turns":4},{"damage":15,"enemies":"Snake Plant","floor":27,"turns":3},{"damage":30,"enemies":"Slavers","floor":30,"turns":5},{"damage":25,"enemies":"Slaver and Parasite","floor":31,"turns":5},{"damage":23,"enemies":"Champ","floor":33,"turns":8},{"damage":10,"enemies":"3 Darklings","floor":35,"turns":5},{"damage":3,"enemies":"3 Shapes","floor":36,"turns":5},{"damage":29,"enemies":"Maw","floor":38,"turns":8},{"damage":55,"enemies":"Nemesis","floor":40,"turns":6},{"damage":42,"enemies":"2 Orb Walkers","floor":42,"turns":4},{"damage":10,"enemies":"4 Shapes","floor":45,"turns":5},{"damage":0,"enemies":"Nemesis","floor":46,"turns":3},{"damage":34,"enemies":"Donu and Deca","floor":50,"turns":5}],"relics_obtained":[{"floor":6,"key":"Anchor"},{"floor":9,"key":"Lantern"},{"floor":23,"key":"Bottled Flame"},{"floor":25,"key":"Strawberry"},{"floor":26,"key":"Girya"},{"floor":30,"key":"Omamori"},{"floor":40,"key":"Regal Pillow"},{"floor":40,"key":"Pen Nib"},{"floor":42,"key":"Dodecahedron"},{"floor":42,"key":"Pear"},{"floor":43,"key":"Oddly Smooth Stone"},{"floor":46,"key":"Bag of Marbles"},{"floor":46,"key":"Tiny Chest"},{"floor":48,"key":"Juzu Bracelet"}],"event_choices":[{"event_name":"Liars Game","player_choice":"agreed","floor":3,"damage_taken":0},{"event_name":"Wheel of Change","player_choice":"Gold","floor":4,"damage_taken":0},{"event_name":"Duplicator","player_choice":"One dupe","floor":19,"damage_taken":0},{"event_name":"Vampires","player_choice":"Ignored","floor":20,"damage_taken":0},{"event_name":"Ghosts","player_choice":"Ignored","floor":28,"damage_taken":0},{"event_name":"Falling","player_choice":"Removed Attack","floor":39,"damage_taken":0}],"boss_relics":[{"not_picked":["Busted Crown","Snecko Eye"],"picked":"Cursed Key"},{"not_picked":["Coffee Dripper","Velvet Choker"],"picked":"Black Star"}],"items_purged_floors":[12,37],"is_endless":false,"potions_floor_spawned":[1,5,6,18,23,25,30,33,40,45],"seed_played":"-5595488817977700786","ascension_level":1,"potions_obtained":[{"floor":1,"key":"GamblersBrew"},{"floor":5,"key":"SkillPotion"},{"floor":6,"key":"Weak Potion"},{"floor":18,"key":"AttackPotion"},{"floor":23,"key":"Weak Potion"},{"floor":25,"key":"LiquidBronze"},{"floor":30,"key":"Ancient Potion"},{"floor":33,"key":"Fire Potion"},{"floor":40,"key":"PowerPotion"},{"floor":45,"key":"Fire Potion"}],"is_trial":false}