{"gold_per_floor":[113,131,62,75,90,124,136,180,192,204,233,261,301,388,400,512,524,555,567,591,603,627,639,683,711,723,735,762,774,110,110,110,210,210,225,225,195,195,206,206,222,248,271,271,286,331,351,1,1,1],"floor_reached":51,"playtime":4593,"items_purged":[],"score":942,"play_id":"9f96b69b-da45-47fb-b983-719f83affe8c","local_time":"20180906102332","is_ascension_mode":true,"campfire_choices":[{"data":"Defragment","floor":7,"key":"SMITH"},{"data":"Streamline","floor":10,"key":"SMITH"},{"floor":15,"key":"REST"},{"floor":23,"key":"REST"},{"data":"Seek","floor":27,"key":"SMITH"},{"data":"Fission","floor":32,"key":"SMITH"},{"data":"Machine Learning","floor":40,"key":"SMITH"},{"floor":49,"key":"REST"}],"neow_cost":"","seed_source_timestamp":1924086133701122,"circlet_count":0,"master_deck":["Strike_B","Strike_B","Strike_B","Strike_B","Defend_B","Defend_B","Defend_B","Zap","Dualcast","Leap","Glacier","Leap","Sweeping Beam+1","Glacier","Streamline+1","Defragment+1","Hologram","Go for the Eyes","Reprogram","Reboot","Fission+1","Hologram","Streamline","Cold Snap+1","Seek+1","Rebound","Meteor Strike","Self Repair","Machine Learning+1","Barrage","Hologram","Barrage+1","Skim+1","Doubt","Coolheaded+1","Meteor Strike","Streamline+1","Defragment+1","Aggregate","Hologram"],"relics":["Cracked Core","MawBank","Happy Flower","Bag of Preparation","Bottled Flame","Runic Dome","Cables","Thread and Needle","Whetstone","MutagenicStrength","Strange Spoon","Mummified Hand","Inserter","Orichalcum","Bag of Marbles","Girya","DollysMirror"],"potions_floor_usage":[6,13,33,33,33,42,42,47,50,50,50],"damage_taken":[{"damage":0,"enemies":"Cultist","floor":1,"turns":3},{"damage":0,"enemies":"2 Louse","floor":2,"turns":3},{"damage":8,"enemies":"Small Slimes","floor":4,"turns":3},{"damage":1,"enemies":"Gremlin Gang","floor":5,"turns":7},{"damage":7,"enemies":"3 Sentries","floor":6,"turns":7},{"damage":2,"enemies":"Lagavulin","floor":8,"turns":8},{"damage":0,"enemies":"Exordium Wildlife","floor":11,"turns":3},{"damage":0,"enemies":"Large Slime","floor":12,"turns":4},{"damage":10,"enemies":"3 Sentries","floor":13,"turns":8},{"damage":11,"enemies":"The Guardian","floor":16,"turns":14},{"damage":11,"enemies":"2 Thieves","floor":18,"turns":3},{"damage":0,"enemies":"Shell Parasite","floor":20,"turns":4},{"damage":8,"enemies":"Sentry and Sphere","floor":22,"turns":6},{"damage":3,"enemies":"Book of Stabbing","floor":24,"turns":6},{"damage":5,"enemies":"Cultist and Chosen","floor":25,"turns":8},{"damage":0,"enemies":"Snake Plant","floor":28,"turns":4},{"damage":41,"enemies":"Collector","floor":33,"turns":15},{"damage":0,"enemies":"3 Shapes","floor":35,"turns":2},{"damage":5,"enemies":"Orb Walker","floor":39,"turns":3},{"damage":0,"enemies":"Spire Growth","floor":41,"turns":4},{"damage":53,"enemies":"Nemesis","floor":42,"turns":5},{"damage":8,"enemies":"3 Darklings","floor":45,"turns":8},{"damage":7,"enemies":"Mysterious Sphere","floor":46,"turns":4},{"damage":38,"enemies":"Reptomancer","floor":47,"turns":7},{"damage":13,"enemies":"Time Eater","floor":50,"turns":10}],"seed_played":"4984782998557066490","potions_obtained":[{"floor":2,"key":"SpeedPotion"},{"floor":4,"key":"Ancient Potion"},{"floor":5,"key":"Explosive Potion"},{"floor":6,"key":"LiquidBronze"},{"floor":16,"key":"GamblersBrew"},{"floor":20,"key":"EssenceOfSteel"},{"floor":22,"key":"AttackPotion"},{"floor":31,"key":"Strength Potion"},{"floor":33,"key":"SkillPotion"},{"floor":37,"key":"Strength Potion"},{"floor":37,"key":"SkillPotion"},{"floor":45,"key":"Regen Potion"},{"floor":46,"key":"Explosive Potion"}],"is_trial":false,"path_per_floor":["M","M","$","M","M","E","R","E","T","R","M","M","E","?","R","B",null,"M","?","M","$","M","R","E","M","T","R","M","?","$","?","R","B",null,"M","$","?","?","M","R","M","E","T","?","M","?","M","$","R","B"],"character_chosen":"DEFECT","items_purchased":["Leap","Sweeping Beam","Strange Spoon","Mummified Hand","Meteor Strike","Self Repair","DollysMirror","AttackPotion","Aggregate","Hologram"],"campfire_rested":3,"item_purchase_floors":[3,3,30,30,30,30,48,48,48,48],"current_hp_per_floor":[68,68,68,60,59,52,52,50,50,50,50,50,40,29,51,40,66,55,55,55,55,47,69,66,61,61,61,61,61,61,61,61,27,63,63,63,63,63,58,58,65,19,19,75,74,74,43,43,65,67],"gold":1,"neow_bonus":"","is_prod":false,"is_daily":false,"chose_seed":false,"campfire_upgraded":5,"win_rate":0,"timestamp":1536243812,"path_taken":["M","M","?","M","M","E","R","E","T","R","M","M","E","?","R","BOSS","M","?","M","$","M","R","E","M","T","R","M","?","$","?","R","BOSS","M","$","?","?","M","R","M","E","T","?","M","?","M","$","R","BOSS"],"build_version":"2018-08-30","purchased_purges":0,"victory":true,"max_hp_per_floor":[75,75,75,75,75,75,75,75,75,75,75,75,75,75,75,75,75,75,75,75,75,75,75,75,75,75,75,75,75,75,75,75,75,75,75,75,75,75,75,75,75,75,75,75,75,75,75,75,75,75],"card_choices":[{"not_picked":["Rebound","Barrage"],"picked":"Leap","floor":1},{"not_picked":["Sunder","Doom and Gloom"],"picked":"Glacier","floor":2},{"not_picked":["Chaos","White Noise"],"picked":"Glacier","floor":4},{"not_picked":["Gash","Sweeping Beam"],"picked":"Streamline","floor":5},{"not_picked":["Double Energy","Reboot"],"picked":"Defragment","floor":6},{"not_picked":["Scrape","Barrage"],"picked":"Hologram","floor":8},{"not_picked":["Double Energy","Conserve Battery"],"picked":"Go for the Eyes","floor":11},{"not_picked":["Go for the Eyes","Beam Cell"],"picked":"Reprogram","floor":12},{"not_picked":["Gash","Turbo"],"picked":"Reboot","floor":13},{"not_picked":["All For One","Biased Cognition"],"picked":"Fission","floor":16},{"not_picked":["Redo+1","Melter"],"picked":"Hologram","floor":18},{"not_picked":["Steam","Gash"],"picked":"Streamline","floor":20},{"not_picked":["Turbo","Force Field"],"picked":"Cold Snap","floor":22},{"not_picked":["Core Surge","Cold Snap"],"picked":"Seek","floor":24},{"not_picked":["Turbo","Go for the Eyes","Steam"],"picked":"SKIP","floor":25},{"not_picked":["Coolheaded","Conserve Battery"],"picked":"Rebound","floor":28},{"not_picked":["Electrodynamics","Reboot"],"picked":"Machine Learning","floor":33},{"not_picked":["Rebound","Darkness+1"],"picked":"Barrage","floor":35},{"not_picked":["Streamline","Beam Cell"],"picked":"Hologram","floor":39},{"not_picked":["Turbo","Beam Cell"],"picked":"Barrage+1","floor":41},{"not_picked":["Aggregate+1","Turbo"],"picked":"Skim+1","floor":42},{"not_picked":["Barrage","Leap"],"picked":"Coolheaded+1","floor":45},{"not_picked":["Beam Cell+1","Go for the Eyes"],"picked":"Meteor Strike","floor":46},{"not_picked":["Stack+1","Heatsinks+1"],"picked":"Streamline+1","floor":47}],"player_experience":281946,"relics_obtained":[{"floor":6,"key":"MawBank"},{"floor":8,"key":"Happy Flower"},{"floor":9,"key":"Bag of Preparation"},{"floor":13,"key":"Bottled Flame"},{"floor":24,"key":"Thread and Needle"},{"floor":26,"key":"Whetstone"},{"floor":42,"key":"Orichalcum"},{"floor":43,"key":"Bag of Marbles"},{"floor":46,"key":"Girya"}],"event_choices":[{"event_name":"World of Goop","player_choice":"Gather Gold","floor":14,"damage_taken":0},{"event_name":"WeMeetAgain","player_choice":"Potion","floor":19,"damage_taken":0},{"event_name":"Drug Dealer","player_choice":"Inject Mutagens","floor":29,"damage_taken":0},{"event_name":"The Lab","player_choice":"Got Potions","floor":31,"damage_taken":0},{"event_name":"The Woman in Blue","player_choice":"Bought 2 Potions","floor":37,"damage_taken":0},{"event_name":"Bonfire Elementals","player_choice":"BASIC","floor":38,"damage_taken":0},{"event_name":"MindBloom","player_choice":"Heal","floor":44,"damage_taken":0},{"event_name":"Mysterious Sphere","player_choice":"Fight","floor":46,"damage_taken":0}],"is_beta":false,"boss_relics":[{"not_picked":["Eternal Feather","Fusion Hammer"],"picked":"Runic Dome"},{"not_picked":["Lizard Tail","Pandora\u0027s Box"],"picked":"Inserter"}],"items_purged_floors":[],"is_endless":false,"potions_floor_spawned":[2,4,5,6,12,16,20,22,25,33,39,45,46],"ascension_level":6}