{"path_per_floor":["M","M","$","?","M","E","R","M","T","M","M","R","M","?","R","B",null,"M","?","$","M","?","E","?","$","T","R","T","R","M","?","R"],"character_chosen":"DEFECT","items_purchased":["Mummified Hand","Ball Lightning","Capacitor","Ball Lightning"],"gold_per_floor":[114,127,127,127,147,175,175,192,270,290,305,305,323,323,323,425,425,437,437,17,32,32,60,60,15,66,66,145,145,160,160,160,160],"floor_reached":33,"campfire_rested":5,"playtime":1868,"current_hp_per_floor":[75,70,70,70,66,45,45,27,27,17,7,29,19,12,34,5,75,49,49,49,39,39,18,18,18,25,49,49,73,82,42,66,0],"items_purged":["Normality"],"gold":160,"score":290,"play_id":"c0695060-9d94-4c20-afac-d1be85e537b8","local_time":"20180507155356","is_prod":false,"is_daily":false,"chose_seed":false,"is_ascension_mode":false,"campfire_upgraded":1,"timestamp":1525676036,"path_taken":["M","M","$","?","M","E","R","M","T","M","M","R","M","?","R","BOSS","M","?","$","M","?","E","?","$","T","R","?","R","?","?","R","BOSS"],"build_version":"2018-05-03","seed_source_timestamp":2131081092139936,"purchased_purges":1,"victory":false,"master_deck":["Strike_B","Strike_B","Strike_B","Defend_B","Defend_B","Defend_B","Defend_B","Zap","Dualcast","Biased Cognition+1","Sweeping Beam","Leap","Capacitor","Skim","Reprogram","Reinforced Body","BootSequence","Self Repair","Fission","Go for the Eyes","Static Discharge","Ball Lightning","Skim","Rip and Tear","Echo Form","Ball Lightning","Capacitor","Axe Kick","Auto Shields","FTL","Ball Lightning","Go for the Eyes","Dramatic Entrance","Deep Breath","Purity"],"max_hp_per_floor":[75,75,75,75,75,75,75,75,75,75,75,75,75,75,75,75,75,75,75,75,75,75,75,75,75,82,82,82,82,82,82,82,82],"relics":["Cracked Core","Ginger","Ornamental Fan","Orrery","Anchor","Mummified Hand","Mercury Hourglass","Strawberry","Letter Opener"],"card_choices":[{"not_picked":["Axe Kick","Recycle"],"picked":"Sweeping Beam","floor":1},{"not_picked":["Stack","Reinforced Body"],"picked":"Leap","floor":2},{"not_picked":["Ball Lightning","Reinforced Body"],"picked":"Capacitor","floor":5},{"not_picked":["Chill","Axe Kick"],"picked":"Skim","floor":6},{"not_picked":["Sunder","Reinforced Body"],"picked":"Reprogram","floor":8},{"not_picked":["Recycle","Heatsinks"],"picked":"Reinforced Body","floor":10},{"not_picked":["Gash","Buffer"],"picked":"BootSequence","floor":11},{"not_picked":["Gash","Force Field"],"picked":"Self Repair","floor":13},{"not_picked":["Reboot","Redo"],"picked":"Fission","floor":16},{"not_picked":["Rebound","Glacier"],"picked":"Go for the Eyes","floor":17},{"not_picked":["Stack","Barrage"],"picked":"Static Discharge","floor":17},{"not_picked":["Sweeping Beam","Auto Shields"],"picked":"Ball Lightning","floor":17},{"not_picked":["Reprogram","Lockon"],"picked":"Skim","floor":17},{"not_picked":["Hologram","Chaos"],"picked":"Rip and Tear","floor":17},{"not_picked":["Reinforced Body","Genetic Algorithm"],"picked":"Echo Form","floor":18},{"not_picked":["Hologram","Cold Snap"],"picked":"Axe Kick","floor":21},{"not_picked":["Coolheaded","Nova"],"picked":"Auto Shields","floor":23},{"not_picked":["Axe Kick","Hologram"],"picked":"Go for the Eyes","floor":30}],"player_experience":38614,"potions_floor_usage":[6,13,16,23,23,33,33],"damage_taken":[{"damage":0,"enemies":"Small Slimes","floor":1,"turns":2},{"damage":5,"enemies":"Cultist","floor":2,"turns":4},{"damage":4,"enemies":"Jaw Worm","floor":5,"turns":3},{"damage":21,"enemies":"Gremlin Nob","floor":6,"turns":5},{"damage":18,"enemies":"3 Louse","floor":8,"turns":4},{"damage":10,"enemies":"2 Fungi Beasts","floor":10,"turns":4},{"damage":10,"enemies":"Large Slime","floor":11,"turns":7},{"damage":10,"enemies":"Red Slaver","floor":13,"turns":6},{"damage":29,"enemies":"The Guardian","floor":16,"turns":15},{"damage":33,"enemies":"3 Byrds","floor":18,"turns":4},{"damage":17,"enemies":"Spheric Guardian","floor":21,"turns":4},{"damage":28,"enemies":"Book of Stabbing","floor":23,"turns":5},{"damage":1,"enemies":"Chosen and Byrds","floor":30,"turns":5},{"damage":79,"enemies":"Automaton","floor":33,"turns":6}],"event_choices":[{"event_name":"Wheel of Change","player_choice":"Curse","floor":4,"damage_taken":0},{"event_name":"Golden Wing","player_choice":"Card Removal","floor":14,"damage_taken":0},{"event_name":"Accursed Blacksmith","player_choice":"Rummage","floor":19,"damage_taken":0},{"event_name":"Drug Dealer","player_choice":"Ignored","floor":22,"damage_taken":0},{"event_name":"Transmorgrifier","player_choice":"Transform","floor":24,"damage_taken":0},{"event_name":"Knowing Skull","player_choice":"POTION CARD CARD CARD ","floor":31,"damage_taken":0}],"boss_relics":[{"not_picked":["Black Star","Snecko Eye"],"picked":"Orrery"}],"potions_floor_spawned":[2,5,10,13,16,21,30],"seed_played":"6593607779679598281","killed_by":"Automaton","ascension_level":0,"is_trial":false}