{"path_per_floor":["M","?","$","M","M","R","E","M","T","M","M","E","R","?","R","B",null,"M","$","M","M","M","?","E","R","T","?","M","R","M","M","R","B",null,"M","$","?","M","?","R","E","R","T","$","M","?"],"character_chosen":"IRONCLAD","items_purchased":["Wild Strike","Molten Egg 2","True Grit","Feel No Pain","GamblersBrew","Flash of Steel"],"gold_per_floor":[13,188,63,80,96,96,129,142,168,187,206,238,238,238,238,339,339,355,3,21,31,51,51,81,81,104,129,145,145,161,174,174,274,274,284,158,158,170,170,170,200,200,200,32,49,49,49],"floor_reached":47,"campfire_rested":2,"playtime":4069,"current_hp_per_floor":[96,96,96,96,96,96,81,79,79,78,72,60,60,60,60,49,96,78,78,81,66,67,96,48,76,76,75,74,74,80,73,73,52,96,96,96,84,58,58,86,71,71,71,71,63,53,33],"items_purged":["Doubt","Regret"],"gold":49,"score":562,"play_id":"83af006f-ff88-472d-a7fd-77408532b17a","local_time":"20180512205921","is_prod":false,"is_daily":false,"chose_seed":false,"is_ascension_mode":false,"campfire_upgraded":6,"timestamp":1526126361,"path_taken":["M","?","$","M","M","R","E","?","T","M","M","E","R","?","R","BOSS","M","$","M","M","M","?","E","R","T","?","M","R","M","?","R","BOSS","M","$","?","?","?","R","E","R","T","$","M","?","M"],"build_version":"2018-05-11","seed_source_timestamp":266819602750975,"purchased_purges":3,"victory":false,"master_deck":["Strike_R","Strike_R","Strike_R","Strike_R","Strike_R","Defend_R","Defend_R","Defend_R","Defend_R+1","Bash","Perfected Strike+1","Wild Strike","Twin Strike","Metallicize+1","Dual Wield+1","Shockwave+1","Perfected Strike+1","Dark Embrace","Feel No Pain+1","Warcry","Corruption","Seeing Red","Metallicize+1","Perfected Strike+1","Impervious","Twin Strike+1","True Grit","Feel No Pain","Madness","Madness","Fire Breathing+1","Offering+1","Flash of Steel+1","True Grit","Transmutation","Deep Breath","Master of Strategy"],"max_hp_per_floor":[96,96,96,96,96,96,96,96,96,96,96,96,96,96,96,96,96,96,96,96,96,96,96,96,96,96,96,96,96,96,96,96,96,96,96,96,96,96,96,96,101,101,101,101,101,101,101],"relics":["Burning Blood","Pen Nib","Vajra","Happy Flower","Bird Faced Urn","Runic Pyramid","Molten Egg 2","Meat on the Bone","Oddly Smooth Stone","Red Mask","Mark of Pain","Self Forming Clay","War Paint"],"card_choices":[{"not_picked":["Armaments","Pommel Strike"],"picked":"Perfected Strike","floor":1},{"not_picked":["Flex","Pummel"],"picked":"Twin Strike","floor":4},{"not_picked":["Warcry","Blood for Blood"],"picked":"Metallicize","floor":5},{"not_picked":["Anger","Infernal Blade"],"picked":"Dual Wield","floor":7},{"not_picked":["Entrench","Anger"],"picked":"Shockwave","floor":8},{"not_picked":["Pommel Strike","Power Through"],"picked":"Perfected Strike","floor":10},{"not_picked":["Hemokinesis","True Grit","Body Slam"],"picked":"SKIP","floor":11},{"not_picked":["Second Wind","Heavy Blade","Body Slam"],"picked":"SKIP","floor":12},{"not_picked":["Reaper","Bludgeon"],"picked":"Dark Embrace","floor":16},{"not_picked":["Sword Boomerang+1","Flame Barrier"],"picked":"Feel No Pain+1","floor":18},{"not_picked":["True Grit","Iron Wave+1"],"picked":"Warcry","floor":20},{"not_picked":["Body Slam+1","Flex"],"picked":"Corruption","floor":21},{"not_picked":["Rampage+1","Armaments"],"picked":"Seeing Red","floor":22},{"not_picked":["Clash+1","Wild Strike+1","Fire Breathing"],"picked":"SKIP","floor":24},{"not_picked":["Sever Soul+1","Twin Strike+1"],"picked":"Metallicize","floor":27},{"not_picked":["Rampage+1","Flex","Evolve+1"],"picked":"SKIP","floor":28},{"not_picked":["Cleave+1","Rage","Heavy Blade+1"],"picked":"SKIP","floor":30},{"not_picked":["Wild Strike+1","Twin Strike+1"],"picked":"Perfected Strike+1","floor":31},{"not_picked":["Feed+1","Immolate+1"],"picked":"Impervious","floor":33},{"not_picked":["Ghostly Armor","Clash+1"],"picked":"Twin Strike+1","floor":35},{"not_picked":["Whirlwind+1","Clash+1"],"picked":"Fire Breathing+1","floor":38},{"not_picked":["Iron Wave+1","Heavy Blade+1"],"picked":"Offering","floor":41},{"not_picked":["Body Slam+1","Warcry+1"],"picked":"True Grit","floor":45},{"not_picked":["Master of Strategy","Good Instincts"],"picked":"Transmutation","floor":46},{"not_picked":["Good Instincts","Purity"],"picked":"Deep Breath","floor":46},{"not_picked":["Secret Weapon","Good Instincts"],"picked":"Master of Strategy","floor":46}],"player_experience":63985,"potions_floor_usage":[24,33,41,47],"damage_taken":[{"damage":0,"enemies":"2 Louse","floor":1,"turns":3},{"damage":3,"enemies":"Jaw Worm","floor":4,"turns":3},{"damage":0,"enemies":"Cultist","floor":5,"turns":3},{"damage":21,"enemies":"3 Sentries","floor":7,"turns":8},{"damage":8,"enemies":"Blue Slaver","floor":8,"turns":4},{"damage":7,"enemies":"Exordium Thugs","floor":10,"turns":5},{"damage":12,"enemies":"3 Louse","floor":11,"turns":3},{"damage":18,"enemies":"Lagavulin","floor":12,"turns":5},{"damage":17,"enemies":"Slime Boss","floor":16,"turns":7},{"damage":26,"enemies":"2 Thieves","floor":18,"turns":5},{"damage":5,"enemies":"Spheric Guardian","floor":20,"turns":3},{"damage":21,"enemies":"Snake Plant","floor":21,"turns":4},{"damage":21,"enemies":"Centurion and Healer","floor":22,"turns":13},{"damage":64,"enemies":"Slavers","floor":24,"turns":9},{"damage":23,"enemies":"Masked Bandits","floor":27,"turns":8},{"damage":13,"enemies":"Snecko","floor":28,"turns":5},{"damage":12,"enemies":"Cultist and Chosen","floor":30,"turns":6},{"damage":27,"enemies":"Centurion and Healer","floor":31,"turns":6},{"damage":57,"enemies":"Collector","floor":33,"turns":19},{"damage":6,"enemies":"3 Shapes","floor":35,"turns":6},{"damage":48,"enemies":"3 Darklings","floor":38,"turns":11},{"damage":40,"enemies":"Giant Head","floor":41,"turns":9},{"damage":22,"enemies":"Sphere and 2 Shapes","floor":45,"turns":5},{"damage":24,"enemies":"Flame Bruiser 2 Orb","floor":47,"turns":2}],"event_choices":[{"event_name":"Liars Game","player_choice":"agreed","floor":2,"damage_taken":0},{"event_name":"Big Fish","player_choice":"Box","floor":14,"damage_taken":0},{"event_name":"The Library","player_choice":"Heal","floor":23,"damage_taken":0},{"event_name":"Masked Bandits","player_choice":"Fought over 104 gold","floor":27,"damage_taken":0},{"event_name":"Winding Halls","player_choice":"Embrace Madness","floor":37,"damage_taken":0},{"event_name":"Mysterious Sphere","player_choice":"Ignore","floor":39,"damage_taken":0},{"event_name":"SensoryStone","player_choice":"Memory 3","floor":46,"damage_taken":0}],"boss_relics":[{"not_picked":["Eternal Feather","Astrolabe"],"picked":"Runic Pyramid"},{"not_picked":["Lizard Tail","Black Blood"],"picked":"Mark of Pain"}],"potions_floor_spawned":[8,10,11,12,20,21,24,31,35,38],"seed_played":"4765614005176159152","killed_by":"Flame Bruiser 2 Orb","ascension_level":0,"is_trial":false}