{"gold_per_floor":[113,133,146,162,162,190,245,245,245,245,245,285,285,309,309,437,437,453,466,485,5,30,30,73,73,73,98,98,116,131,165,165,288,288,313,45,45,65,65,100,100,144,200,224,268,282,282,296,296,296],"floor_reached":51,"playtime":4059,"items_purged":["Regret","Injury"],"score":814,"play_id":"ba4979d6-73be-44b2-8d05-d4c5b4d47eb2","local_time":"20181113231257","is_ascension_mode":false,"campfire_choices":[{"floor":8,"key":"REST"},{"data":"Fusion","floor":11,"key":"SMITH"},{"floor":15,"key":"REST"},{"floor":23,"key":"REST"},{"floor":25,"key":"REST"},{"floor":32,"key":"REST"},{"floor":41,"key":"REST"},{"data":"Strike_B","floor":47,"key":"PURGE"},{"floor":49,"key":"REST"}],"neow_cost":"PERCENT_DAMAGE","seed_source_timestamp":11753213022921,"circlet_count":0,"master_deck":["Strike_B","Strike_B+1","Strike_B","Defend_B","Defend_B","Defend_B","Defend_B","Zap","Dualcast","Fusion+1","Barrage","Compile Driver+1","Chill","Creative AI","Consume","Streamline","Core Surge","Steam","Chaos","Storm","Chill+1","Glacier+1","BootSequence+1","White Noise+1","Defragment","Glacier+1","Machine Learning","Glacier+1","White Noise+1","Heatsinks","Turbo+1","Hologram+1","Madness+1","Madness+1","Chaos+1","Chill+1","Meteor Strike","Compile Driver+1","Rebound+1","Streamline+1","Compile Driver+1"],"relics":["Cracked Core","Gambling Chip","The Courier","Pen Nib","Bag of Preparation","WingedGreaves","Golden Idol","Pear","Mercury Hourglass","Inserter","Lee\u0027s Waffle","Toxic Egg 2","Peace Pipe","Mummified Hand","Bronze Scales","Fusion Hammer","Unceasing Top","Whetstone","Matryoshka","Boot","Tiny Chest","Symbiotic Virus"],"potions_floor_usage":[6,16,16,20,31,31,35,50,50,50],"damage_taken":[{"damage":1,"enemies":"Cultist","floor":1,"turns":3},{"damage":3,"enemies":"2 Louse","floor":2,"turns":2},{"damage":6,"enemies":"Jaw Worm","floor":3,"turns":3},{"damage":5,"enemies":"Looter","floor":4,"turns":3},{"damage":2,"enemies":"3 Sentries","floor":6,"turns":7},{"damage":32,"enemies":"Gremlin Nob","floor":12,"turns":5},{"damage":0,"enemies":"3 Louse","floor":14,"turns":2},{"damage":43,"enemies":"Hexaghost","floor":16,"turns":7},{"damage":18,"enemies":"Shell Parasite","floor":18,"turns":6},{"damage":0,"enemies":"Spheric Guardian","floor":19,"turns":3},{"damage":24,"enemies":"3 Cultists","floor":20,"turns":6},{"damage":35,"enemies":"Cultist and Chosen","floor":22,"turns":7},{"damage":48,"enemies":"Book of Stabbing","floor":24,"turns":5},{"damage":18,"enemies":"Snake Plant","floor":27,"turns":5},{"damage":0,"enemies":"Snecko","floor":29,"turns":5},{"damage":6,"enemies":"3 Cultists","floor":30,"turns":6},{"damage":13,"enemies":"Slavers","floor":31,"turns":4},{"damage":35,"enemies":"Collector","floor":33,"turns":7},{"damage":4,"enemies":"3 Darklings","floor":35,"turns":5},{"damage":7,"enemies":"3 Shapes","floor":38,"turns":4},{"damage":1,"enemies":"Reptomancer","floor":40,"turns":4},{"damage":0,"enemies":"Giant Head","floor":42,"turns":10},{"damage":1,"enemies":"Spire Growth","floor":44,"turns":4},{"damage":23,"enemies":"Nemesis","floor":45,"turns":9},{"damage":0,"enemies":"Jaw Worm Horde","floor":46,"turns":3},{"damage":0,"enemies":"Maw","floor":48,"turns":7},{"damage":63,"enemies":"Time Eater","floor":50,"turns":6}],"seed_played":"3972382673336181408","potions_obtained":[{"floor":3,"key":"Explosive Potion"},{"floor":6,"key":"Regen Potion"},{"floor":14,"key":"SneckoOil"},{"floor":19,"key":"EssenceOfSteel"},{"floor":20,"key":"FocusPotion"},{"floor":27,"key":"GamblersBrew"},{"floor":28,"key":"Swift Potion"},{"floor":28,"key":"Weak Potion"},{"floor":33,"key":"Poison Potion"},{"floor":38,"key":"SpeedPotion"},{"floor":40,"key":"SpeedPotion"},{"floor":45,"key":"PowerPotion"},{"floor":48,"key":"PowerPotion"}],"is_trial":false,"path_per_floor":["M","M","M","M","?","E","T","R","T","?","R","E","?","M","R","B",null,"M","M","M","$","M","R","E","R","T","M","?","M","M","E","R","B",null,"M","$","?","M","?","E","R","E","T","M","E","M","R","M","R","B",null],"character_chosen":"DEFECT","items_purchased":["Lee\u0027s Waffle","Toxic Egg 2","Storm","White Noise+1","Heatsinks","Turbo+1","Hologram+1"],"campfire_rested":7,"item_purchase_floors":[21,21,21,36,36,36,36],"current_hp_per_floor":[53,50,44,39,27,25,25,47,47,47,47,25,25,25,50,22,85,67,67,43,92,57,84,36,63,63,45,45,45,39,26,53,18,92,88,88,76,69,69,68,92,92,92,91,68,68,68,68,92,29],"gold":296,"neow_bonus":"ONE_RARE_RELIC","is_prod":false,"is_daily":false,"chose_seed":false,"campfire_upgraded":1,"win_rate":0,"timestamp":1542168777,"path_taken":["M","M","M","?","?","E","?","R","T","?","R","E","?","M","R","BOSS","M","M","M","$","M","R","E","R","T","M","?","?","M","E","R","BOSS","M","$","?","M","?","E","R","E","T","M","E","?","R","M","R","BOSS"],"build_version":"2018-11-08","purchased_purges":2,"victory":true,"max_hp_per_floor":[75,75,75,75,75,75,75,75,75,75,75,85,85,85,85,85,85,85,85,85,92,92,92,92,92,92,92,92,92,92,92,92,92,92,92,92,92,92,92,92,92,92,92,92,92,92,92,92,92,92],"card_choices":[{"not_picked":["Compile Driver","Rebound"],"picked":"Fusion","floor":1},{"not_picked":["Stack","Turbo"],"picked":"Barrage","floor":2},{"not_picked":["Go for the Eyes","Hologram"],"picked":"Compile Driver","floor":3},{"not_picked":["Compile Driver","FTL"],"picked":"Chill","floor":4},{"not_picked":["Steam","Hologram"],"picked":"Creative AI","floor":6},{"not_picked":["BootSequence","Streamline"],"picked":"Consume","floor":12},{"not_picked":["Beam Cell","Redo"],"picked":"Streamline","floor":14},{"not_picked":["Electrodynamics","Biased Cognition"],"picked":"Core Surge","floor":16},{"not_picked":["Steam Power","Ball Lightning"],"picked":"Steam","floor":18},{"not_picked":["Self Repair","Fusion+1"],"picked":"Chaos","floor":19},{"not_picked":["Gash","Compile Driver"],"picked":"Chaos","floor":20},{"not_picked":["Chaos+1","Seek+1"],"picked":"Chill+1","floor":22},{"not_picked":["Streamline","Compile Driver"],"picked":"Glacier+1","floor":24},{"not_picked":["Sweeping Beam","Coolheaded+1"],"picked":"BootSequence+1","floor":27},{"not_picked":["Beam Cell+1","Rebound+1"],"picked":"White Noise+1","floor":29},{"not_picked":["Self Repair","Turbo+1"],"picked":"Defragment","floor":30},{"not_picked":["Electrodynamics","Turbo+1"],"picked":"Glacier+1","floor":31},{"not_picked":["Thunder Strike","Buffer"],"picked":"Machine Learning","floor":33},{"not_picked":["Barrage+1","Go for the Eyes"],"picked":"Glacier+1","floor":35},{"not_picked":["Steam+1","Barrage"],"picked":"Chaos+1","floor":38},{"not_picked":["Redo+1","Compile Driver+1"],"picked":"Chill+1","floor":40},{"not_picked":["Go for the Eyes","Redo+1"],"picked":"Meteor Strike","floor":42},{"not_picked":["Skim+1","Tempest+1"],"picked":"Compile Driver+1","floor":44},{"not_picked":["Tempest+1","FTL"],"picked":"Rebound+1","floor":45},{"not_picked":["FTL","Coolheaded+1"],"picked":"Streamline+1","floor":46},{"not_picked":["Auto Shields+1","Skim+1"],"picked":"Compile Driver+1","floor":48}],"player_experience":330357,"relics_obtained":[{"floor":6,"key":"Pen Nib"},{"floor":7,"key":"Bag of Preparation"},{"floor":9,"key":"WingedGreaves"},{"floor":12,"key":"Pear"},{"floor":24,"key":"Peace Pipe"},{"floor":26,"key":"Mummified Hand"},{"floor":31,"key":"Bronze Scales"},{"floor":40,"key":"Whetstone"},{"floor":42,"key":"Matryoshka"},{"floor":43,"key":"Boot"},{"floor":43,"key":"Tiny Chest"},{"floor":45,"key":"Symbiotic Virus"}],"event_choices":[{"damage_healed":0,"gold_gain":0,"player_choice":"Success","damage_taken":12,"relics_obtained":["The Courier"],"max_hp_gain":0,"max_hp_loss":0,"event_name":"Scrap Ooze","floor":5,"gold_loss":0},{"damage_healed":0,"gold_gain":0,"player_choice":"Take Wound","damage_taken":0,"relics_obtained":["Golden Idol"],"max_hp_gain":0,"max_hp_loss":0,"event_name":"Golden Idol","floor":10,"gold_loss":0,"cards_obtained":["Injury"]},{"damage_healed":0,"gold_gain":0,"player_choice":"Box","damage_taken":0,"relics_obtained":["Mercury Hourglass"],"max_hp_gain":0,"max_hp_loss":0,"event_name":"Big Fish","floor":13,"gold_loss":0,"cards_obtained":["Regret"]},{"damage_healed":0,"gold_gain":0,"player_choice":"Got Potions","damage_taken":0,"max_hp_gain":0,"max_hp_loss":0,"event_name":"Lab","floor":28,"gold_loss":0},{"damage_healed":0,"gold_gain":0,"player_choice":"Embrace Madness","damage_taken":12,"max_hp_gain":0,"max_hp_loss":0,"event_name":"Winding Halls","floor":37,"gold_loss":0,"cards_obtained":["Madness","Madness"]},{"cards_removed":["Chaos"],"damage_healed":0,"gold_gain":0,"player_choice":"Gave Card","damage_taken":0,"relics_obtained":["Unceasing Top"],"max_hp_gain":0,"max_hp_loss":0,"event_name":"WeMeetAgain","floor":39,"gold_loss":0}],"is_beta":false,"boss_relics":[{"not_picked":["Sozu","Tiny House"],"picked":"Inserter"},{"not_picked":["Philosopher\u0027s Stone","Pandora\u0027s Box"],"picked":"Fusion Hammer"}],"items_purged_floors":[21,36],"is_endless":false,"potions_floor_spawned":[3,6,14,19,20,27,29,33,38,40,45,48],"ascension_level":0}