{"gold_per_floor":[119,129,146,164,180,205,205,224,224,224,258,258,258,271,271,370,370,383,61,61,79,97,97,5,5,28,55,74,88,117,136,136,236,236,254,254,266,166,185,198,198,198,198,198,47,67,67,15,15,15,15,15,15,42,42],"floor_reached":56,"playtime":3984,"items_purged":["Doubt","Normality","Injury"],"score":1176,"play_id":"c9ccab17-da7a-4648-ba2b-d904c7035101","local_time":"20190103211227","is_ascension_mode":false,"campfire_choices":[{"data":"Searing Blow","floor":7.0,"key":"SMITH"},{"data":"Searing Blow+1","floor":10.0,"key":"SMITH"},{"data":"Searing Blow+2","floor":12.0,"key":"SMITH"},{"data":"Searing Blow+4","floor":15.0,"key":"SMITH"},{"data":"Searing Blow+5","floor":23.0,"key":"SMITH"},{"data":"Searing Blow+6","floor":25.0,"key":"SMITH"},{"data":"Searing Blow+7","floor":32,"key":"SMITH"},{"data":"Searing Blow+8","floor":41,"key":"SMITH"},{"data":"Searing Blow+9","floor":44,"key":"SMITH"},{"data":"Searing Blow+10","floor":47,"key":"SMITH"},{"floor":49,"key":"RECALL"},{"data":"Searing Blow+11","floor":52,"key":"SMITH"}],"neow_cost":"TEN_PERCENT_HP_LOSS","seed_source_timestamp":0,"circlet_count":0,"master_deck":["Strike_R","Strike_R","Strike_R","Strike_R","Strike_R","Defend_R","Defend_R","Defend_R","Defend_R","Bash","Metamorphosis","Panacea","Searing Blow+12","Headbutt","Flame Barrier","Metallicize","Metallicize","Warcry","True Grit","Burning Pact","Berserk","Shrug It Off+1","Armaments+1","Shrug It Off+1","Disarm+1","Armaments+1","Battle Trance+1","Power Through+1","Battle Trance+1","Impervious+1","Havoc+1","Evolve+1","Metallicize+1","Intimidate+1","Madness+1","Madness+1","True Grit+1","Power Through+1"],"special_seed":0,"relics":["Burning Blood","Letter Opener","Orichalcum","Pen Nib","Calling Bell","Happy Flower","Toxic Egg 2","Magic Flower","Matryoshka","Juzu Bracelet","Pantograph","Champion Belt","Snecko Eye","Oddly Smooth Stone","Molten Egg 2","Mercury Hourglass"],"potions_floor_usage":[40,55,55,55],"damage_taken":[{"damage":0.0,"enemies":"Cultist","floor":1.0,"turns":3.0},{"damage":7.0,"enemies":"2 Louse","floor":2.0,"turns":3.0},{"damage":15.0,"enemies":"Jaw Worm","floor":3.0,"turns":4.0},{"damage":10.0,"enemies":"Looter","floor":4.0,"turns":2.0},{"damage":14.0,"enemies":"Blue Slaver","floor":5.0,"turns":3.0},{"damage":24.0,"enemies":"Gremlin Nob","floor":6.0,"turns":5.0},{"damage":7.0,"enemies":"2 Fungi Beasts","floor":8.0,"turns":3.0},{"damage":6.0,"enemies":"Lagavulin","floor":11.0,"turns":5.0},{"damage":0.0,"enemies":"Looter","floor":14.0,"turns":3.0},{"damage":15.0,"enemies":"Slime Boss","floor":16.0,"turns":9.0},{"damage":5.0,"enemies":"Spheric Guardian","floor":18.0,"turns":3.0},{"damage":17.0,"enemies":"2 Thieves","floor":21.0,"turns":4.0},{"damage":2.0,"enemies":"Centurion and Healer","floor":22.0,"turns":6.0},{"damage":14.0,"enemies":"Book of Stabbing","floor":27.0,"turns":7.0},{"damage":32.0,"enemies":"Snecko","floor":28.0,"turns":6.0},{"damage":1.0,"enemies":"Chosen and Byrds","floor":29.0,"turns":6.0},{"damage":14.0,"enemies":"Gremlin Leader","floor":30.0,"turns":4.0},{"damage":0,"enemies":"Centurion and Healer","floor":31,"turns":5},{"damage":41,"enemies":"Collector","floor":33,"turns":10},{"damage":0,"enemies":"3 Darklings","floor":35,"turns":10},{"damage":0,"enemies":"Orb Walker","floor":37,"turns":2},{"damage":15,"enemies":"3 Darklings","floor":39,"turns":9},{"damage":0,"enemies":"Writhing Mass","floor":40,"turns":6},{"damage":30,"enemies":"Jaw Worm Horde","floor":46,"turns":9},{"damage":20,"enemies":"Time Eater","floor":50,"turns":12},{"damage":21,"enemies":"Shield and Spear","floor":54,"turns":5},{"damage":49,"enemies":"The Heart","floor":55,"turns":7}],"seed_played":"5913554283878741580","potions_obtained":[{"floor":5.0,"key":"SteroidPotion"},{"floor":6.0,"key":"Strength Potion"},{"floor":8.0,"key":"Poison Potion"},{"floor":11.0,"key":"Energy Potion"},{"floor":14.0,"key":"PowerPotion"},{"floor":18.0,"key":"SneckoOil"},{"floor":21.0,"key":"LiquidBronze"},{"floor":27.0,"key":"SkillPotion"},{"floor":30.0,"key":"Poison Potion"},{"floor":39,"key":"FearPotion"},{"floor":46,"key":"Ancient Potion"}],"is_trial":false,"path_per_floor":["M","M","M","M","M","E","R","M","T","R","E","R","?","M","R","B",null,"M","$","?","M","M","R","$","R","T","E","M","M","E","M","R","B",null,"M","?","M","$","M","M","R","?","T","R","$","M","R","$","R","B",null,"R","$","E","B",null],"character_chosen":"IRONCLAD","items_purchased":["Matryoshka","Shrug It Off+1","Disarm+1","True Grit+1","PowerPotion"],"campfire_rested":0,"item_purchase_floors":[19,24,24,45,48],"current_hp_per_floor":[72,71,62,58,50,32,32,31,31,31,31,31,31,37,37,28,72,72,72,72,64,71,71,71,71,71,66,43,51,46,55,55,40,72,72,72,72,72,66,72,72,63,63,63,63,42,42,42,42,61,72,72,72,60,32],"gold":42,"neow_bonus":"RANDOM_COLORLESS_2","is_prod":false,"is_daily":false,"chose_seed":false,"campfire_upgraded":11,"win_rate":0,"timestamp":1546567947,"path_taken":["M","M","M","M","M","E","R","M","T","R","E","R","?","M","R","BOSS","M","$","?","M","M","R","$","R","T","E","M","M","E","M","R","BOSS","M","?","M","$","M","M","R","?","T","R","?","M","R","$","R","BOSS","R","$","E","BOSS"],"build_version":"2019-01-03","purchased_purges":3,"victory":true,"max_hp_per_floor":[72,72,72,72,72,72,72,72,72,72,72,72,72,72,72,72,72,72,72,72,72,72,72,72,72,72,72,72,72,72,72,72,72,72,72,72,72,72,72,72,72,72,72,72,72,72,72,72,72,72,72,72,72,72,72],"card_choices":[{"not_picked":["Shockwave","Wild Strike"],"picked":"Searing Blow","floor":1.0},{"not_picked":["Havoc","Pommel Strike"],"picked":"Headbutt","floor":2.0},{"not_picked":["Corruption","Sever Soul"],"picked":"Flame Barrier","floor":3.0},{"not_picked":["Searing Blow","Clothesline","Havoc"],"picked":"SKIP","floor":4.0},{"not_picked":["Heavy Blade","Second Wind"],"picked":"Metallicize","floor":5.0},{"not_picked":["Warcry","Feel No Pain"],"picked":"Metallicize","floor":6.0},{"not_picked":["Bloodletting","Sword Boomerang"],"picked":"Warcry","floor":8.0},{"not_picked":["Sword Boomerang","Evolve"],"picked":"True Grit","floor":11.0},{"not_picked":["Searing Blow","Twin Strike"],"picked":"Burning Pact","floor":14.0},{"not_picked":["Dark Embrace","Demon Form"],"picked":"Berserk","floor":16.0},{"not_picked":["Pommel Strike","Searing Blow"],"picked":"Shrug It Off+1","floor":18.0},{"not_picked":["Uppercut","Infernal Blade+1","Inflame"],"picked":"SKIP","floor":21.0},{"not_picked":["Pummel","Warcry+1"],"picked":"Armaments+1","floor":22.0},{"not_picked":["True Grit+1","Twin Strike"],"picked":"Armaments+1","floor":27.0},{"not_picked":["Clash","Sentinel+1"],"picked":"Battle Trance+1","floor":28.0},{"not_picked":["Clothesline","Corruption+1","Clash"],"picked":"SKIP","floor":29.0},{"not_picked":["Corruption","Seeing Red+1"],"picked":"Power Through+1","floor":30.0},{"not_picked":["Warcry+1","Headbutt+1"],"picked":"Battle Trance+1","floor":31},{"not_picked":["Exhume+1","Feed"],"picked":"Impervious+1","floor":33},{"not_picked":["Wild Strike","Thunderclap+1"],"picked":"Havoc+1","floor":35},{"not_picked":["Rage+1","Clothesline"],"picked":"Evolve+1","floor":37},{"not_picked":["Pommel Strike","Havoc+1"],"picked":"Metallicize+1","floor":39},{"not_picked":["Cleave","Hemokinesis"],"picked":"Intimidate+1","floor":40},{"not_picked":["Fire Breathing","Anger+1","Body Slam+1"],"picked":"SKIP","floor":46},{"not_picked":["Feed+1","Infernal Blade+1"],"picked":"Power Through+1","floor":54}],"player_experience":385791,"relics_obtained":[{"floor":6.0,"key":"Letter Opener"},{"floor":9.0,"key":"Orichalcum"},{"floor":11.0,"key":"Pen Nib"},{"floor":17.0,"key":"Happy Flower"},{"floor":17.0,"key":"Toxic Egg 2"},{"floor":17.0,"key":"Magic Flower"},{"floor":26.0,"key":"Juzu Bracelet"},{"floor":27.0,"key":"Pantograph"},{"floor":30.0,"key":"Champion Belt"},{"floor":43,"key":"Oddly Smooth Stone"},{"floor":43,"key":"Molten Egg 2"},{"floor":54,"key":"Mercury Hourglass"}],"event_choices":[{"damage_healed":0.0,"max_hp_gain":0.0,"max_hp_loss":0.0,"gold_gain":0.0,"event_name":"Living Wall","player_choice":"Grow","floor":13.0,"gold_loss":0.0,"damage_taken":0.0,"cards_upgraded":["Searing Blow"]},{"damage_healed":0.0,"max_hp_gain":0.0,"max_hp_loss":0.0,"gold_gain":0.0,"event_name":"Ghosts","player_choice":"Ignored","floor":20.0,"gold_loss":0.0,"damage_taken":0.0},{"damage_healed":0,"gold_gain":0,"player_choice":"Ignored","damage_taken":0,"max_hp_gain":0,"max_hp_loss":0,"event_name":"Tomb of Lord Red Mask","floor":36,"gold_loss":0},{"damage_healed":0,"gold_gain":0,"player_choice":"Embrace Madness","damage_taken":9,"max_hp_gain":0,"max_hp_loss":0,"event_name":"Winding Halls","floor":42,"gold_loss":0,"cards_obtained":["Madness","Madness"]}],"is_beta":false,"boss_relics":[{"not_picked":["Ectoplasm","Tiny House"],"picked":"Calling Bell"},{"not_picked":["Busted Crown","Runic Cube"],"picked":"Snecko Eye"}],"items_purged_floors":[19,38,45],"is_endless":false,"potions_floor_spawned":[5,6,8,11,14,18,21,27,30,39,46],"ascension_level":0}