{"gold_per_floor":[116,129,204,204,204,248,248,288,288,288,331,331,331,354,354,354],"floor_reached":16,"playtime":588,"items_purged":[],"score":128,"play_id":"25007c91-51e3-439b-aef4-bf287a46c42c","local_time":"20190823162320","is_ascension_mode":true,"campfire_choices":[{"floor":7.0,"key":"REST"},{"floor":10.0,"key":"REST"},{"floor":12.0,"key":"REST"},{"floor":15.0,"key":"REST"}],"neow_cost":"NONE","seed_source_timestamp":704920024109500,"circlet_count":0,"master_deck":["Strike_G","Strike_G","Strike_G","Strike_G+1","Strike_G","Defend_G","Defend_G","Defend_G","Defend_G","Survivor","Neutralize","Burst+1","Tactician","Choke","Bouncing Flask","Bane","Setup","Sucker Punch","Leg Sweep"],"special_seed":0,"relics":["Ring of the Snake","Golden Idol","Girya","Matryoshka","Ornamental Fan","Darkstone Periapt","Smiling Mask"],"potions_floor_usage":[16],"damage_taken":[{"damage":2.0,"enemies":"Jaw Worm","floor":1.0,"turns":5.0},{"damage":8.0,"enemies":"2 Louse","floor":2.0,"turns":3.0},{"damage":34.0,"enemies":"3 Sentries","floor":6.0,"turns":11.0},{"damage":25.0,"enemies":"Gremlin Nob","floor":8.0,"turns":5.0},{"damage":18.0,"enemies":"Lagavulin","floor":11.0,"turns":6.0},{"damage":0.0,"enemies":"Small Slimes","floor":14.0,"turns":3.0},{"damage":49,"enemies":"Slime Boss","floor":16,"turns":6}],"seed_played":"-8237441511332342730","potions_obtained":[{"floor":1.0,"key":"SpeedPotion"},{"floor":6.0,"key":"Regen Potion"},{"floor":11.0,"key":"PowerPotion"},{"floor":14.0,"key":"Energy Potion"}],"is_trial":false,"path_per_floor":["M","M","?","?","?","E","R","E","T","R","E","R","?","M","R","B"],"character_chosen":"THE_SILENT","items_purchased":[],"campfire_rested":4,"item_purchase_floors":[],"current_hp_per_floor":[68,60,49,49,36,2,21,5,5,24,6,25,25,25,44,0],"gold":354,"neow_bonus":"ONE_RANDOM_RARE_CARD","is_prod":false,"is_daily":false,"chose_seed":false,"campfire_upgraded":0,"win_rate":0,"timestamp":1566570200,"path_taken":["M","M","?","?","?","E","R","E","T","R","E","R","?","?","R","BOSS"],"build_version":"2019-07-17","purchased_purges":0,"victory":false,"max_hp_per_floor":[70,70,70,65,65,65,65,65,65,65,65,65,65,65,65,65],"card_choices":[{"not_picked":["Acrobatics","Skewer"],"picked":"Tactician","floor":1.0},{"not_picked":["Eviscerate","Blade Dance"],"picked":"Choke","floor":2.0},{"not_picked":["Cloak And Dagger","PiercingWail"],"picked":"Bouncing Flask","floor":6.0},{"not_picked":["Tactician","Terror"],"picked":"Bane","floor":8.0},{"not_picked":["Quick Slash","Backflip"],"picked":"Setup","floor":11.0},{"not_picked":["Dagger Throw","Acrobatics"],"picked":"Leg Sweep","floor":14.0}],"player_experience":163016,"relics_obtained":[{"floor":6.0,"key":"Girya"},{"floor":8.0,"key":"Matryoshka"},{"floor":9.0,"key":"Ornamental Fan"},{"floor":9.0,"key":"Darkstone Periapt"},{"floor":11.0,"key":"Smiling Mask"}],"event_choices":[{"damage_healed":0.0,"max_hp_gain":0.0,"max_hp_loss":0.0,"gold_gain":75.0,"event_name":"World of Goop","player_choice":"Gather Gold","floor":3.0,"gold_loss":0.0,"damage_taken":11.0},{"damage_healed":0.0,"max_hp_gain":0.0,"max_hp_loss":5.0,"gold_gain":0.0,"event_name":"Golden Idol","player_choice":"Lose Max HP","floor":4.0,"gold_loss":0.0,"damage_taken":0.0,"relics_obtained":["Golden Idol"]},{"damage_healed":0.0,"max_hp_gain":0.0,"max_hp_loss":0.0,"gold_gain":0.0,"event_name":"Shining Light","player_choice":"Entered Light","floor":5.0,"gold_loss":0.0,"damage_taken":13.0,"cards_upgraded":["Strike_G","Burst"]},{"damage_healed":0.0,"max_hp_gain":0.0,"max_hp_loss":0.0,"gold_gain":0.0,"cards_transformed":["Defend_G"],"event_name":"Transmorgrifier","player_choice":"Transformed","floor":13.0,"gold_loss":0.0,"damage_taken":0.0,"cards_obtained":["Sucker Punch"]}],"is_beta":false,"boss_relics":[],"items_purged_floors":[],"is_endless":false,"potions_floor_spawned":[1,6,11,14],"killed_by":"Slime Boss","ascension_level":2}