{"gold_per_floor":[111,126,143,160,235,235,255,255,255,286,296,471,483,499,499,603,603,616,715,99,99,99,99],"floor_reached":23,"playtime":1563,"items_purged":["Strike_G"],"score":232,"play_id":"432237eb-5739-40eb-a613-b6d52fe25336","local_time":"20180813013523","is_ascension_mode":true,"campfire_choices":[{"data":"Phantasmal Killer","floor":6,"key":"SMITH"},{"data":"Sucker Punch","floor":8,"key":"SMITH"},{"data":"Sucker Punch","floor":15,"key":"SMITH"}],"neow_cost":"","seed_source_timestamp":2854975466634874,"circlet_count":0,"master_deck":["Defend_G","Defend_G","Defend_G","Defend_G","Defend_G","Strike_G","Strike_G","Strike_G","Survivor","Neutralize","Quick Slash","Deflect","Phantasmal Killer+1","Acrobatics","Sucker Punch+1","Blur","Slice","Doubt","Heel Hook","Sucker Punch+1","Night Terror","Cloak And Dagger","Leg Sweep","Panache","Noxious Fumes","Sucker Punch"],"relics":["Ring of the Snake","Mummified Hand","Ninja Scroll","Black Star","Toolbox"],"potions_floor_usage":[10,10,10,16,16,16,18],"damage_taken":[{"damage":0,"enemies":"2 Louse","floor":1,"turns":2},{"damage":0,"enemies":"Small Slimes","floor":2,"turns":3},{"damage":5,"enemies":"Jaw Worm","floor":3,"turns":6},{"damage":7,"enemies":"Blue Slaver","floor":4,"turns":5},{"damage":5,"enemies":"3 Louse","floor":7,"turns":2},{"damage":5,"enemies":"3 Sentries","floor":10,"turns":7},{"damage":0,"enemies":"Red Slaver","floor":11,"turns":2},{"damage":3,"enemies":"Blue Slaver","floor":13,"turns":4},{"damage":1,"enemies":"Exordium Wildlife","floor":14,"turns":4},{"damage":8,"enemies":"Hexaghost","floor":16,"turns":11},{"damage":21,"enemies":"Shell Parasite","floor":18,"turns":6},{"damage":46,"enemies":"Gremlin Leader","floor":23,"turns":6}],"seed_played":"-4697764123874684079","potions_obtained":[{"floor":3,"key":"EntropicBrew"},{"floor":7,"key":"Energy Potion"},{"floor":10,"key":"Swift Potion"},{"floor":16,"key":"Swift Potion"}],"is_trial":false,"path_per_floor":["M","M","M","M","?","R","M","R","T","E","M","?","M","M","R","B",null,"M","?","$","?","?"],"character_chosen":"THE_SILENT","items_purchased":["Leg Sweep","Toolbox","Panache","Noxious Fumes"],"campfire_rested":0,"item_purchase_floors":[20,20,20,20],"current_hp_per_floor":[70,70,65,58,47,47,42,42,42,37,37,37,34,33,33,25,70,49,49,49,49,70,24],"gold":99,"neow_bonus":"","is_prod":false,"is_daily":false,"chose_seed":false,"campfire_upgraded":3,"win_rate":0,"timestamp":1534138523,"path_taken":["M","M","M","M","?","R","M","R","T","E","M","?","M","M","R","BOSS","M","?","$","?","?","E"],"build_version":"2018-08-09","purchased_purges":1,"victory":false,"max_hp_per_floor":[70,70,70,70,70,70,70,70,70,70,70,70,70,70,70,70,70,70,70,70,70,70,70],"card_choices":[{"not_picked":["Blade Dance","Deflect"],"picked":"Quick Slash","floor":1},{"not_picked":["Caltrops","PiercingWail"],"picked":"Deflect","floor":2},{"not_picked":["Backflip","Skewer"],"picked":"Phantasmal Killer","floor":3},{"not_picked":["Expertise","Endless Agony"],"picked":"Acrobatics","floor":4},{"not_picked":["Distraction","Underhanded Strike"],"picked":"Sucker Punch","floor":7},{"not_picked":["Acrobatics","Crippling Poison"],"picked":"Blur","floor":10},{"not_picked":["PiercingWail","Sucker Punch"],"picked":"Slice","floor":11},{"not_picked":["Dagger Spray","Tactician"],"picked":"Heel Hook","floor":13},{"not_picked":["Slice","Dagger Spray"],"picked":"Sucker Punch","floor":14},{"not_picked":["Doppelganger","Grand Finale"],"picked":"Night Terror","floor":16},{"not_picked":["Poisoned Stab","Prepared"],"picked":"Cloak And Dagger","floor":18}],"player_experience":253587,"relics_obtained":[{"floor":9,"key":"Mummified Hand"},{"floor":10,"key":"Ninja Scroll"}],"event_choices":[{"event_name":"World of Goop","player_choice":"Gather Gold","floor":5,"damage_taken":0},{"event_name":"Liars Game","player_choice":"agreed","floor":12,"damage_taken":0},{"event_name":"Nest","player_choice":"Stole From Cult","floor":19,"damage_taken":0},{"event_name":"Transmorgrifier","player_choice":"Transform","floor":21,"damage_taken":0},{"event_name":"The Library","player_choice":"Heal","floor":22,"damage_taken":0}],"is_beta":false,"boss_relics":[{"not_picked":["HoveringKite","Orrery"],"picked":"Black Star"}],"items_purged_floors":[20],"is_endless":false,"potions_floor_spawned":[3,7,10,16],"killed_by":"Gremlin Leader","ascension_level":4}