{"gold_per_floor":[215,234,197,213,288,322,322,322,322,341,360,360,390,404,404,503,503,515,526,125,125,143,171,171,189,216,216,141,240,266,285,285,380,380,395,162,207,207,207,207,242,242,242,16,41,57,80,90,90,90],"floor_reached":51,"playtime":5059,"items_purged":["Pain"],"score":945,"play_id":"90114a9a-5339-448c-a6fa-e7011631205c","local_time":"20190826223047","is_ascension_mode":true,"campfire_choices":[{"data":"Self Repair","floor":7.0,"key":"SMITH"},{"data":"Zap","floor":12.0,"key":"SMITH"},{"data":"Chill","floor":15.0,"key":"SMITH"},{"data":"Biased Cognition","floor":27,"key":"SMITH"},{"data":"White Noise","floor":32,"key":"SMITH"},{"data":"Leap","floor":40,"key":"SMITH"},{"data":"Barrage","floor":42,"key":"SMITH"},{"data":"Ball Lightning","floor":49,"key":"SMITH"}],"neow_cost":"NONE","seed_source_timestamp":0,"circlet_count":0,"master_deck":["Strike_B","Strike_B","Strike_B","Defend_B","Defend_B","Defend_B","Defend_B","Zap+1","Dualcast","Hologram","Barrage+1","Self Repair+1","Go for the Eyes","Biased Cognition+1","Leap+1","Glacier","White Noise+1","Chill+1","Thunder Strike","Hello World","Coolheaded+1","Hologram+1","Glacier","Steam+1","BootSequence+1","Barrage+1","Seek","Sweeping Beam+1","Rip and Tear+1","Glacier+1","Biased Cognition+1","Compile Driver+1","Barrage+1","Doubt","Ball Lightning+1"],"special_seed":0,"relics":["Cracked Core","The Courier","Anchor","Meat on the Bone","Pen Nib","Inserter","Orichalcum","Runic Capacitor","Strawberry","Mummified Hand","Vajra","Pear","Cursed Key","FossilizedHelix","Nunchaku","Blood Vial","Du-Vu Doll","DollysMirror","War Paint","PreservedInsect"],"potions_floor_usage":[22,50,50,50,50],"damage_taken":[{"damage":3.0,"enemies":"Small Slimes","floor":1.0,"turns":2.0},{"damage":12.0,"enemies":"Jaw Worm","floor":2.0,"turns":3.0},{"damage":8.0,"enemies":"2 Louse","floor":4.0,"turns":3.0},{"damage":32.0,"enemies":"3 Sentries","floor":6.0,"turns":8.0},{"damage":0.0,"enemies":"Red Slaver","floor":10.0,"turns":3.0},{"damage":3.0,"enemies":"Looter","floor":11.0,"turns":3.0},{"damage":36.0,"enemies":"Gremlin Nob","floor":13.0,"turns":4.0},{"damage":0.0,"enemies":"Large Slime","floor":14.0,"turns":3.0},{"damage":31.0,"enemies":"Hexaghost","floor":16.0,"turns":9.0},{"damage":0.0,"enemies":"Chosen","floor":18.0,"turns":4.0},{"damage":15.0,"enemies":"Spheric Guardian","floor":19.0,"turns":6.0},{"damage":24,"enemies":"Centurion and Healer","floor":22,"turns":7},{"damage":31,"enemies":"Book of Stabbing","floor":23,"turns":7},{"damage":0,"enemies":"Snecko","floor":25,"turns":6},{"damage":11,"enemies":"Slavers","floor":30,"turns":4},{"damage":6,"enemies":"Snake Plant","floor":31,"turns":6},{"damage":38,"enemies":"Automaton","floor":33,"turns":10},{"damage":0,"enemies":"3 Shapes","floor":35,"turns":4},{"damage":0,"enemies":"2 Orb Walkers","floor":37,"turns":7},{"damage":29,"enemies":"Reptomancer","floor":41,"turns":6},{"damage":0,"enemies":"Giant Head","floor":45,"turns":9},{"damage":0,"enemies":"Orb Walker","floor":46,"turns":4},{"damage":0,"enemies":"Spire Growth","floor":48,"turns":4},{"damage":0,"enemies":"Awakened One","floor":50,"turns":11}],"seed_played":"2517936918240447183","potions_obtained":[{"floor":2.0,"key":"Explosive Potion"},{"floor":6.0,"key":"Swift Potion"},{"floor":13.0,"key":"SteroidPotion"},{"floor":14.0,"key":"AttackPotion"},{"floor":19.0,"key":"Weak Potion"},{"floor":30,"key":"EntropicBrew"},{"floor":41,"key":"SkillPotion"},{"floor":48,"key":"FocusPotion"}],"is_trial":false,"path_per_floor":["M","M","$","M","?","E","R","?","T","M","M","R","E","M","R","B",null,"M","M","$","?","M","E","$","M","T","R","?","?","E","M","R","B",null,"M","$","?","?","?","R","E","R","T","$","E","M","T","M","R","B",null],"character_chosen":"DEFECT","items_purchased":["Self Repair","Orichalcum","Runic Capacitor","Strawberry","FossilizedHelix","DollysMirror"],"campfire_rested":0,"item_purchase_floors":[3,20,20,20,36,44],"current_hp_per_floor":[72,60,60,59,48,23,23,11,11,33,52,52,38,48,48,39,75,75,70,77,77,63,54,54,64,64,64,64,64,73,67,67,41,92,92,92,92,92,92,92,73,73,73,73,85,87,87,92,92,92],"gold":90,"neow_bonus":"HUNDRED_GOLD","is_prod":false,"is_daily":false,"chose_seed":false,"campfire_upgraded":8,"win_rate":0,"timestamp":1566873047,"path_taken":["M","M","$","M","?","E","R","?","T","M","M","R","E","M","R","BOSS","M","M","$","?","M","E","$","?","T","R","?","?","E","M","R","BOSS","M","$","?","?","?","R","E","R","T","$","E","?","?","M","R","BOSS"],"build_version":"2019-08-23","purchased_purges":1,"victory":true,"max_hp_per_floor":[75,75,75,75,75,75,75,75,75,75,75,75,75,75,75,75,75,75,75,82,82,82,82,82,82,82,82,82,82,92,92,92,92,92,92,92,92,92,92,92,92,92,92,92,92,92,92,92,92,92],"card_choices":[{"not_picked":["Compile Driver","Aggregate"],"picked":"Hologram","floor":1.0},{"not_picked":["Stack","Doom and Gloom"],"picked":"Barrage","floor":2.0},{"not_picked":["Cold Snap","Storm"],"picked":"Go for the Eyes","floor":4.0},{"not_picked":["Barrage","Fission"],"picked":"Biased Cognition","floor":6.0},{"not_picked":["Double Energy","Streamline"],"picked":"Leap","floor":10.0},{"not_picked":["Cold Snap","Gash"],"picked":"Glacier","floor":11.0},{"not_picked":["Rebound","Barrage"],"picked":"White Noise","floor":13.0},{"not_picked":["BootSequence","Stack"],"picked":"Chill","floor":14.0},{"not_picked":["Fission","Core Surge"],"picked":"Thunder Strike","floor":16.0},{"not_picked":["Stack","Streamline"],"picked":"Hello World","floor":18.0},{"not_picked":["Rebound","Conserve Battery"],"picked":"Coolheaded+1","floor":19.0},{"not_picked":["Rebound","Chill"],"picked":"Hologram+1","floor":22},{"not_picked":["Blizzard","Steam Power+1"],"picked":"Glacier","floor":23},{"not_picked":["Lockon","Recycle"],"picked":"Steam+1","floor":25},{"not_picked":["Meteor Strike","Lockon"],"picked":"BootSequence","floor":30},{"not_picked":["Steam Power","Melter"],"picked":"Barrage","floor":31},{"not_picked":["Machine Learning","Fission"],"picked":"Seek","floor":33},{"not_picked":["Leap","Scrape+1"],"picked":"Sweeping Beam+1","floor":35},{"not_picked":["White Noise","Conserve Battery"],"picked":"Rip and Tear+1","floor":37},{"not_picked":["Hyperbeam","Redo"],"picked":"Glacier","floor":41},{"not_picked":["Leap","Auto Shields"],"picked":"Compile Driver+1","floor":45},{"not_picked":["Heatsinks","Scrape"],"picked":"Barrage+1","floor":46},{"not_picked":["Leap","Steam"],"picked":"Ball Lightning","floor":48}],"player_experience":84080,"relics_obtained":[{"floor":6.0,"key":"The Courier"},{"floor":9.0,"key":"Meat on the Bone"},{"floor":13.0,"key":"Pen Nib"},{"floor":23,"key":"Mummified Hand"},{"floor":26,"key":"Vajra"},{"floor":30,"key":"Pear"},{"floor":37,"key":"Nunchaku"},{"floor":41,"key":"Blood Vial"},{"floor":43,"key":"Du-Vu Doll"},{"floor":45,"key":"War Paint"},{"floor":47,"key":"PreservedInsect"}],"event_choices":[{"damage_healed":0.0,"max_hp_gain":0.0,"max_hp_loss":0.0,"gold_gain":75.0,"event_name":"World of Goop","player_choice":"Gather Gold","floor":5.0,"gold_loss":0.0,"damage_taken":11.0},{"damage_healed":0.0,"max_hp_gain":0.0,"max_hp_loss":0.0,"gold_gain":0.0,"event_name":"Scrap Ooze","player_choice":"Success","floor":8.0,"gold_loss":0.0,"damage_taken":12.0,"relics_obtained":["Anchor"]},{"damage_healed":0.0,"max_hp_gain":0.0,"max_hp_loss":0.0,"gold_gain":0.0,"event_name":"The Woman in Blue","player_choice":"Bought 0 Potions","floor":21.0,"gold_loss":0.0,"damage_taken":0.0},{"cards_removed":["Strike_B"],"damage_healed":0,"gold_gain":0,"player_choice":"Gave Gold","damage_taken":0,"max_hp_gain":0,"max_hp_loss":0,"event_name":"Beggar","floor":28,"gold_loss":75},{"damage_healed":0,"gold_gain":99,"player_choice":"Stole From Cult","damage_taken":0,"max_hp_gain":0,"max_hp_loss":0,"event_name":"Nest","floor":29,"gold_loss":0},{"damage_healed":0,"gold_gain":0,"player_choice":"Fight","damage_taken":0,"max_hp_gain":0,"max_hp_loss":0,"event_name":"Mysterious Sphere","floor":37,"gold_loss":0},{"damage_healed":0,"gold_gain":0,"player_choice":"Ignored","damage_taken":0,"max_hp_gain":0,"max_hp_loss":0,"event_name":"Tomb of Lord Red Mask","floor":38,"gold_loss":0},{"damage_healed":0,"gold_gain":0,"player_choice":"Forge","damage_taken":0,"max_hp_gain":0,"max_hp_loss":0,"event_name":"Accursed Blacksmith","floor":39,"gold_loss":0,"cards_upgraded":["Barrage"]}],"is_beta":true,"boss_relics":[{"not_picked":["Runic Pyramid","Sozu"],"picked":"Inserter"},{"not_picked":["FrozenCore","Coffee Dripper"],"picked":"Cursed Key"}],"items_purged_floors":[44],"is_endless":false,"potions_floor_spawned":[2,6,13,14,19,30,33,41,48],"ascension_level":3}