{"gold_per_floor":[113,133,148,74,92,92,111,111,180,180,202,202,234,180,180,256,256,273,286,286,211,222,222,256,256,282,297,297,329,329,329,329,408,408,420,420,432,432,447,473,473,487,487,487,3,30,47,47,47,47],"floor_reached":50,"playtime":3000,"items_purged":[],"score":1054,"play_id":"3c3af2d2-18de-470a-bdc8-157e1d956776","local_time":"20190920002540","is_ascension_mode":true,"campfire_choices":[{"data":"Defragment","floor":6.0,"key":"SMITH"},{"data":"Sunder","floor":8.0,"key":"SMITH"},{"data":"Self Repair","floor":10.0,"key":"SMITH"},{"data":"Consume","floor":12.0,"key":"SMITH"},{"data":"Zap","floor":15.0,"key":"SMITH"},{"data":"Capacitor","floor":23.0,"key":"SMITH"},{"data":"Static Discharge","floor":25.0,"key":"SMITH"},{"data":"Creative AI","floor":30.0,"key":"SMITH"},{"data":"Go for the Eyes","floor":32.0,"key":"SMITH"},{"data":"Echo Form","floor":41,"key":"SMITH"},{"data":"Defragment","floor":44,"key":"SMITH"},{"data":"Buffer","floor":49,"key":"SMITH"}],"neow_cost":"NONE","seed_source_timestamp":0,"circlet_count":0,"master_deck":["AscendersBane","Zap+1","Dualcast","Glacier","Sunder+1","Self Repair+1","Defragment+1","Heatsinks","Cold Snap","Consume+1","Cold Snap","Ball Lightning+1","Creative AI+1","Coolheaded","Doom and Gloom","Reprogram","Capacitor+1","Melter+1","Echo Form+1","Conserve Battery","Aggregate","Static Discharge+1","Capacitor+1","Conserve Battery","Go for the Eyes+1","Reboot","CurseOfTheBell","Rebound+1","Doom and Gloom+1","Electrodynamics","Zap","Chaos+1","Conserve Battery+1","Defragment+1","Glacier","Defragment+1","Bandage Up","Buffer+1","Go for the Eyes+1","Auto Shields+1","Writhe"],"special_seed":0,"relics":["Coffee Dripper","Matryoshka","Odd Mushroom","Incense Burner","Pandora\u0027s Box","Blood Vial","MealTicket","Boot","Dodecahedron","Calling Bell","Prayer Wheel","Sundial","Art of War","Whetstone","Smiling Mask","Vajra","FossilizedHelix","DollysMirror","Happy Flower","Regal Pillow"],"potions_floor_usage":[45,50,50],"damage_taken":[{"damage":1.0,"enemies":"Cultist","floor":1.0,"turns":3.0},{"damage":0.0,"enemies":"Jaw Worm","floor":2.0,"turns":4.0},{"damage":0.0,"enemies":"2 Louse","floor":3.0,"turns":2.0},{"damage":0.0,"enemies":"Lots of Slimes","floor":5.0,"turns":4.0},{"damage":12.0,"enemies":"Exordium Wildlife","floor":7.0,"turns":5.0},{"damage":0.0,"enemies":"The Mushroom Lair","floor":11.0,"turns":5.0},{"damage":0.0,"enemies":"Lagavulin","floor":13.0,"turns":7.0},{"damage":20.0,"enemies":"Slime Boss","floor":16.0,"turns":7.0},{"damage":2.0,"enemies":"Chosen","floor":18.0,"turns":5.0},{"damage":11.0,"enemies":"Shell Parasite","floor":19.0,"turns":6.0},{"damage":0.0,"enemies":"Sentry and Sphere","floor":22.0,"turns":4.0},{"damage":51.0,"enemies":"Slavers","floor":24.0,"turns":8.0},{"damage":0.0,"enemies":"Snecko","floor":27.0,"turns":8.0},{"damage":28.0,"enemies":"Book of Stabbing","floor":29.0,"turns":7.0},{"damage":22.0,"enemies":"Collector","floor":33.0,"turns":12.0},{"damage":1.0,"enemies":"Orb Walker","floor":35.0,"turns":6.0},{"damage":13.0,"enemies":"3 Shapes","floor":37.0,"turns":8.0},{"damage":21,"enemies":"Jaw Worm Horde","floor":39,"turns":4},{"damage":32,"enemies":"Nemesis","floor":40,"turns":7},{"damage":12,"enemies":"Spire Growth","floor":42,"turns":6},{"damage":0,"enemies":"Giant Head","floor":46,"turns":9},{"damage":66,"enemies":"Writhing Mass","floor":47,"turns":4},{"damage":32,"enemies":"Donu and Deca","floor":50,"turns":4}],"seed_played":"8028059850368053829","potions_obtained":[{"floor":1.0,"key":"Fire Potion"},{"floor":2.0,"key":"Strength Potion"},{"floor":7.0,"key":"Fire Potion"},{"floor":22.0,"key":"PotionOfCapacity"},{"floor":39,"key":"FocusPotion"},{"floor":42,"key":"FocusPotion"},{"floor":47,"key":"Dexterity Potion"}],"is_trial":false,"path_per_floor":["M","M","M","$","M","R","M","R","T","R","?","R","E","$","R","B",null,"M","M","?","$","M","R","E","R","T","M","?","E","R","$","R","B",null,"M","T","M","?","M","E","R","M","T","R","$","E","M","?","R","B"],"character_chosen":"DEFECT","items_purchased":["Defragment","Ball Lightning","Capacitor","Fruit Juice","DollysMirror","Happy Flower","Bandage Up"],"campfire_rested":0,"item_purchase_floors":[4,14,21,45,45,45,45],"current_hp_per_floor":[63,63,63,63,70,70,65,65,65,65,71,71,71,71,71,61,69,71,70,70,70,71,71,40,40,40,62,62,56,56,71,71,69,71,71,71,68,68,49,29,29,29,29,29,49,65,15,30,30,0],"gold":47,"neow_bonus":"BOSS_RELIC","is_prod":false,"is_daily":false,"chose_seed":false,"campfire_upgraded":12,"win_rate":0,"timestamp":1568953540,"path_taken":["M","M","?","$","M","R","M","R","T","R","?","R","E","$","R","BOSS","M","M","?","?","M","R","E","R","T","M","?","E","R","$","R","BOSS","M","?","M","?","?","E","R","M","T","R","$","E","M","?","R","BOSS"],"build_version":"2019-09-19","purchased_purges":0,"victory":false,"max_hp_per_floor":[71,71,71,71,71,71,71,71,71,71,71,71,71,71,71,71,71,71,71,71,71,71,71,71,71,71,71,71,71,71,71,71,71,71,71,71,71,71,71,71,71,71,71,71,76,76,76,76,76,76],"card_choices":[{"not_picked":["Tempest","Darkness"],"picked":"Glacier","floor":1.0},{"not_picked":["Reprogram","Force Field"],"picked":"Sunder","floor":2.0},{"not_picked":["Auto Shields","Steam"],"picked":"Self Repair","floor":3.0},{"not_picked":["Steam","Turbo"],"picked":"Heatsinks","floor":5.0},{"not_picked":["Multi-Cast","Reprogram"],"picked":"Cold Snap","floor":7.0},{"not_picked":["Lockon","Recycle"],"picked":"Consume","floor":11.0},{"not_picked":["Fusion","FTL"],"picked":"Cold Snap","floor":13.0},{"not_picked":["Buffer","Reboot"],"picked":"Creative AI","floor":16.0},{"not_picked":["Redo","Rip and Tear"],"picked":"Static Discharge","floor":18.0},{"not_picked":["Skim","Aggregate","Streamline"],"picked":"SKIP","floor":19.0},{"not_picked":["Gash+1","Sunder","Echo Form"],"picked":"SKIP","floor":22.0},{"not_picked":["Lockon","Gash"],"picked":"Conserve Battery","floor":24.0},{"not_picked":["Turbo","Doom and Gloom","Rebound"],"picked":"SKIP","floor":27.0},{"not_picked":["Rip and Tear","Scrape"],"picked":"Go for the Eyes","floor":29.0},{"not_picked":["Core Surge","All For One"],"picked":"Reboot","floor":33.0},{"not_picked":["Gash","Sweeping Beam"],"picked":"Rebound+1","floor":35.0},{"not_picked":["Conserve Battery","Stack","Hologram"],"picked":"SKIP","floor":35.0},{"not_picked":["Steam","Aggregate"],"picked":"Doom and Gloom+1","floor":37.0},{"not_picked":["Barrage","Cold Snap"],"picked":"Electrodynamics","floor":37.0},{"not_picked":["Gash","Reprogram"],"picked":"Chaos+1","floor":39},{"not_picked":["Compile Driver","Loop","Steam"],"picked":"SKIP","floor":39},{"not_picked":["Go for the Eyes+1","Reprogram"],"picked":"Conserve Battery+1","floor":40},{"not_picked":["Blizzard","Aggregate"],"picked":"Defragment","floor":42},{"not_picked":["Leap","Cold Snap"],"picked":"Glacier","floor":42},{"not_picked":["Conserve Battery+1","Coolheaded"],"picked":"Buffer","floor":46},{"not_picked":["Cold Snap","Hello World"],"picked":"Go for the Eyes+1","floor":47},{"not_picked":["Chill","Hologram"],"picked":"Auto Shields+1","floor":47}],"player_experience":590594,"relics_obtained":[{"floor":9.0,"key":"Matryoshka"},{"floor":11.0,"key":"Odd Mushroom"},{"floor":13.0,"key":"Incense Burner"},{"floor":24.0,"key":"Blood Vial"},{"floor":26.0,"key":"MealTicket"},{"floor":26.0,"key":"Boot"},{"floor":29.0,"key":"Dodecahedron"},{"floor":34.0,"key":"Prayer Wheel"},{"floor":34.0,"key":"Sundial"},{"floor":34.0,"key":"Art of War"},{"floor":36.0,"key":"Whetstone"},{"floor":36.0,"key":"Smiling Mask"},{"floor":40,"key":"Vajra"},{"floor":43,"key":"FossilizedHelix"},{"floor":46,"key":"Regal Pillow"}],"event_choices":[{"damage_healed":0.0,"max_hp_gain":0.0,"max_hp_loss":0.0,"gold_gain":0.0,"event_name":"Mushrooms","player_choice":"Fought Mushrooms","floor":11.0,"gold_loss":0.0,"damage_taken":0.0},{"damage_healed":0.0,"max_hp_gain":0.0,"max_hp_loss":0.0,"gold_gain":0.0,"event_name":"Vampires","player_choice":"Ignored","floor":20.0,"gold_loss":0.0,"damage_taken":0.0},{"damage_healed":0.0,"max_hp_gain":0.0,"max_hp_loss":0.0,"gold_gain":0.0,"event_name":"Upgrade Shrine","player_choice":"Upgraded","floor":28.0,"gold_loss":0.0,"damage_taken":0.0,"cards_upgraded":["Capacitor"]},{"damage_healed":0,"gold_gain":0,"player_choice":"1 cards matched","damage_taken":0,"max_hp_gain":0,"max_hp_loss":0,"event_name":"Match and Keep!","floor":38,"gold_loss":0,"cards_obtained":["Zap"]},{"damage_healed":15,"gold_gain":0,"player_choice":"Writhe","damage_taken":0,"max_hp_gain":0,"max_hp_loss":0,"event_name":"Winding Halls","floor":48,"gold_loss":0,"cards_obtained":["Writhe"]}],"is_beta":true,"boss_relics":[{"not_picked":["Astrolabe","Philosopher\u0027s Stone"],"picked":"Pandora\u0027s Box"},{"not_picked":["Velvet Choker","Runic Dome"],"picked":"Calling Bell"}],"items_purged_floors":[],"is_endless":false,"potions_floor_spawned":[1,2,7,22,29,33,37,39,40,42,47],"killed_by":"Donu and Deca","ascension_level":15}