{"path_per_floor":["M","$","?","M","$","R","?","E","T","E","M","$","E","M","R"],"character_chosen":"DEFECT","items_purchased":["Shuriken","Scrape","Fusion","Capacitor"],"gold_per_floor":[366,113,113,130,49,49,124,154,154,184,196,12,40,52,52,52],"floor_reached":16,"campfire_rested":1,"playtime":906,"current_hp_per_floor":[67,67,67,67,67,67,56,56,56,35,24,24,16,1,21,12],"items_purged":[],"gold":52,"score":143,"play_id":"42b10226-fa5f-4b2e-8bf2-dce63a01c977","local_time":"20180503081602","is_prod":false,"is_daily":false,"chose_seed":false,"is_ascension_mode":false,"campfire_upgraded":1,"timestamp":1525302962,"path_taken":["M","$","?","M","$","R","?","E","T","E","M","?","E","M","R","BOSS"],"build_version":"2018-05-01v2","seed_source_timestamp":1758965470410305,"purchased_purges":0,"victory":false,"master_deck":["Strike_B","Strike_B","Strike_B","Strike_B","Defend_B","Defend_B","Defend_B","Defend_B","Zap","Dualcast","Sunder+1","FTL","Scrape","Machine Learning+1","Conserve Battery","Axe Kick","Fusion","Capacitor+1","Double Energy","Turbo"],"max_hp_per_floor":[68,68,68,68,68,68,68,68,68,68,68,68,68,68,68,68],"relics":["Cracked Core","Shuriken","Frozen Egg 2","Bottled Tornado","Ancient Tea Set","Kunai"],"card_choices":[{"not_picked":["Leap","Skim"],"picked":"Sunder","floor":1},{"not_picked":["Stack","Go for the Eyes"],"picked":"FTL","floor":4},{"not_picked":["Capacitor","Leap"],"picked":"Machine Learning","floor":8},{"not_picked":["Force Field","Impulse"],"picked":"Conserve Battery","floor":10},{"not_picked":["Blaster","Flux Capacitor"],"picked":"Axe Kick","floor":11},{"not_picked":["Capacitor","Streamline"],"picked":"Double Energy","floor":13},{"not_picked":["Stack","Defragment"],"picked":"Turbo","floor":14}],"player_experience":20101,"potions_floor_usage":[8,13,14,16],"damage_taken":[{"damage":1,"enemies":"2 Louse","floor":1,"turns":3},{"damage":0,"enemies":"Cultist","floor":4,"turns":3},{"damage":0,"enemies":"Gremlin Nob","floor":8,"turns":2},{"damage":21,"enemies":"Lagavulin","floor":10,"turns":6},{"damage":11,"enemies":"Jaw Worm","floor":11,"turns":2},{"damage":8,"enemies":"3 Sentries","floor":13,"turns":3},{"damage":15,"enemies":"Large Slime","floor":14,"turns":4},{"damage":9,"enemies":"The Guardian","floor":16,"turns":9}],"event_choices":[{"event_name":"The Lab","player_choice":"Got Potions","floor":3,"damage_taken":0},{"event_name":"World of Goop","player_choice":"Gather Gold","floor":7,"damage_taken":0}],"boss_relics":[],"potions_floor_spawned":[8,10,11],"seed_played":"8518736201949604626","killed_by":"The Guardian","ascension_level":0,"is_trial":false}