{"path_per_floor":["M","M","M","?","M","E","?","M","T","R","?","M","T","E","R","B",null,"M","?","$","M","T"],"character_chosen":"DEFECT","items_purchased":["Seek","Anchor","Capacitor"],"gold_per_floor":[15,26,45,45,55,84,84,95,174,174,174,188,239,283,283,402,402,417,342,31,55,130,130],"floor_reached":23,"campfire_rested":1,"playtime":1665,"current_hp_per_floor":[70,70,64,49,41,11,29,25,25,47,47,35,35,35,35,33,75,62,62,62,52,52,0],"items_purged":[],"gold":130,"score":226,"play_id":"4523e6cc-4073-4663-920d-2a75166e9cad","local_time":"20180508092450","is_prod":false,"is_daily":false,"chose_seed":false,"is_ascension_mode":false,"campfire_upgraded":1,"timestamp":1525739090,"path_taken":["M","M","M","?","?","E","?","?","T","R","?","M","?","E","R","BOSS","M","?","$","M","?","E"],"build_version":"2018-05-03","seed_source_timestamp":1535860596048,"purchased_purges":0,"victory":false,"master_deck":["Strike_B","Strike_B","Strike_B+1","Defend_B","Defend_B","Defend_B","Defend_B","Zap","Dualcast+1","Coolheaded","Fusion+1","Hello World","Sweeping Beam","Defragment","Parasite","Buffer","Injury","Leap","Reboot","Creative AI","Seek","Capacitor","Barrage+1","Parasite"],"max_hp_per_floor":[75,75,75,75,75,75,75,75,75,75,75,75,75,75,75,75,75,75,75,75,75,75,75],"relics":["Cracked Core","Sundial","Happy Flower","Mercury Hourglass","Golden Idol","Juzu Bracelet","Girya","Cursed Key","Anchor","Dodecahedron"],"card_choices":[{"not_picked":["Beam Cell","Stack"],"picked":"Coolheaded","floor":1},{"not_picked":["Go for the Eyes","Leap"],"picked":"Fusion","floor":2},{"not_picked":["Genetic Algorithm","Barrage"],"picked":"Hello World","floor":3},{"not_picked":["Stack","Double Energy"],"picked":"Sweeping Beam","floor":5},{"not_picked":["Turbo","Loop"],"picked":"Defragment","floor":6},{"not_picked":["Heatsinks","Axe Kick"],"picked":"Buffer","floor":8},{"not_picked":["Buffer","Turbo"],"picked":"Leap","floor":12},{"not_picked":["Prime","Auto Shields"],"picked":"Reboot","floor":14},{"not_picked":["Echo Form","Biased Cognition"],"picked":"Creative AI","floor":16},{"not_picked":["Conserve Battery","Auto Shields"],"picked":"Barrage","floor":21}],"player_experience":44560,"potions_floor_usage":[16,16],"damage_taken":[{"damage":5,"enemies":"Cultist","floor":1,"turns":4},{"damage":0,"enemies":"2 Louse","floor":2,"turns":3},{"damage":6,"enemies":"Jaw Worm","floor":3,"turns":5},{"damage":8,"enemies":"Looter","floor":5,"turns":3},{"damage":30,"enemies":"Gremlin Nob","floor":6,"turns":5},{"damage":4,"enemies":"Blue Slaver","floor":8,"turns":4},{"damage":12,"enemies":"Gremlin Gang","floor":12,"turns":3},{"damage":0,"enemies":"Lagavulin","floor":14,"turns":8},{"damage":2,"enemies":"The Guardian","floor":16,"turns":14},{"damage":13,"enemies":"Chosen","floor":18,"turns":5},{"damage":10,"enemies":"2 Thieves","floor":21,"turns":4},{"damage":54,"enemies":"Book of Stabbing","floor":23,"turns":5}],"event_choices":[{"event_name":"Shining Light","player_choice":"Entered Light","floor":4,"damage_taken":0},{"event_name":"Mushrooms","player_choice":"Healed and dodged fight","floor":7,"damage_taken":0},{"event_name":"Golden Idol","player_choice":"Take Wound","floor":11,"damage_taken":0},{"event_name":"Beggar","player_choice":"Gave Gold","floor":19,"damage_taken":0}],"boss_relics":[{"not_picked":["Sozu","Philosopher\u0027s Stone"],"picked":"Cursed Key"}],"potions_floor_spawned":[3,6,8,16,21],"seed_played":"8006199530424605686","killed_by":"Book of Stabbing","ascension_level":0,"is_trial":false}