{"path_per_floor":["M","M","?","M","M","E","M","$","T","?","R","E","?","?","R","B",null,"M","?","$","M","?","R","M","M","T","E","$","E","M","M","R","B",null,"M","M","?","?","M","E","?","M","T","$","M","M","R","E","R","B"],"character_chosen":"IRONCLAD","items_purchased":["Toxic Egg 2","Bandage Up","Metallicize","Good Instincts","Warcry","Battle Trance","Armaments","Medical Kit","Rupture"],"gold_per_floor":[414,431,431,441,461,493,511,76,101,130,130,164,114,114,114,212,212,225,225,14,31,31,31,41,56,136,170,55,87,104,119,119,217,217,230,246,226,226,246,273,327,342,342,64,79,99,99,133,133,133],"floor_reached":51,"campfire_rested":2,"playtime":4768,"current_hp_per_floor":[80,80,80,80,74,41,41,41,41,30,54,47,47,54,54,25,87,89,89,89,91,91,91,91,93,93,90,90,67,66,71,71,67,95,97,99,99,99,75,83,41,57,57,57,70,76,76,53,100,74],"items_purged":["Normality"],"gold":133,"score":809,"play_id":"47a59a18-19ea-4228-909b-d25d42ef916e","local_time":"20180510192525","is_prod":false,"is_daily":false,"chose_seed":false,"is_ascension_mode":false,"campfire_upgraded":4,"timestamp":1525947925,"path_taken":["M","M","?","M","M","E","M","$","T","?","R","E","?","?","R","BOSS","M","?","$","M","?","R","?","M","T","E","$","E","M","M","R","BOSS","M","M","?","?","M","E","?","M","T","$","M","?","R","E","R","BOSS"],"build_version":"2018-05-03","seed_source_timestamp":87663285413461,"purchased_purges":1,"victory":true,"master_deck":["Defend_R","Defend_R","Defend_R","Defend_R","Bash","Pommel Strike","Shrug It Off","Juggernaut+1","Flash of Steel","Shrug It Off","Warcry","Offering+1","Bandage Up+1","Iron Wave","Rage+1","Barricade+1","Metallicize+1","Good Instincts+1","Warcry+1","Warcry+1","Clothesline","Battle Trance+1","Armaments+1","Intimidate+1","Body Slam+1","Berserk","Reckless Charge+1","Rage+1","Wild Strike+1","Evolve","Bloodletting+1","Shrug It Off+1","Rupture"],"max_hp_per_floor":[80,80,80,80,80,80,80,80,80,80,80,80,80,87,87,87,87,89,89,89,91,91,91,91,93,93,93,93,93,93,95,95,95,95,97,99,99,99,99,99,99,101,101,101,103,105,105,107,107,107],"relics":["Burning Blood","Old Coin","Anchor","Toxic Egg 2","Singing Bowl","Odd Mushroom","Omamori","Strawberry","Velvet Choker","Letter Opener","Red Skull","Mummified Hand","Astrolabe","Regal Pillow","Magic Flower","Meat on the Bone","Medical Kit","Pen Nib"],"card_choices":[{"not_picked":["Shrug It Off","Power Through"],"picked":"Pommel Strike","floor":1},{"not_picked":["Havoc","Reaper"],"picked":"Shrug It Off","floor":2},{"not_picked":["Blood for Blood","Heavy Blade"],"picked":"Shrug It Off","floor":4},{"not_picked":["Spot Weakness","Clash"],"picked":"Warcry","floor":6},{"not_picked":["True Grit","Burning Pact"],"picked":"Offering","floor":7},{"not_picked":["Thunderclap","Bloodletting"],"picked":"Iron Wave","floor":10},{"not_picked":["Rupture","Inflame"],"picked":"Rage","floor":12},{"not_picked":["Reaper","Immolate"],"picked":"Barricade","floor":16},{"not_picked":["Havoc","Cleave"],"picked":"Warcry","floor":24},{"not_picked":["Exhume","True Grit"],"picked":"Clothesline","floor":27},{"not_picked":["Bloodletting","Brutality"],"picked":"Intimidate","floor":29},{"not_picked":["Sword Boomerang","Flame Barrier"],"picked":"Body Slam","floor":30},{"not_picked":["Immolate","Brutality"],"picked":"Berserk","floor":33},{"not_picked":["Fire Breathing","Warcry"],"picked":"Evolve","floor":39},{"not_picked":["Searing Blow","Heavy Blade"],"picked":"Bloodletting","floor":40},{"not_picked":["Twin Strike","Hemokinesis"],"picked":"Shrug It Off","floor":41}],"player_experience":172604,"potions_floor_usage":[10,10,27,50,50,50],"damage_taken":[{"damage":0,"enemies":"Small Slimes","floor":1,"turns":5},{"damage":1,"enemies":"Cultist","floor":2,"turns":3},{"damage":0,"enemies":"2 Louse","floor":4,"turns":3},{"damage":12,"enemies":"Looter","floor":5,"turns":3},{"damage":39,"enemies":"Gremlin Nob","floor":6,"turns":6},{"damage":6,"enemies":"2 Fungi Beasts","floor":7,"turns":4},{"damage":23,"enemies":"The Mushroom Lair","floor":10,"turns":5},{"damage":19,"enemies":"3 Sentries","floor":12,"turns":8},{"damage":41,"enemies":"Slime Boss","floor":16,"turns":10},{"damage":4,"enemies":"Chosen","floor":18,"turns":6},{"damage":4,"enemies":"Spheric Guardian","floor":21,"turns":5},{"damage":7,"enemies":"Snake Plant","floor":24,"turns":4},{"damage":4,"enemies":"Chosen and Byrds","floor":25,"turns":6},{"damage":15,"enemies":"Gremlin Leader","floor":27,"turns":9},{"damage":35,"enemies":"Slavers","floor":29,"turns":5},{"damage":13,"enemies":"Cultist and Chosen","floor":30,"turns":8},{"damage":9,"enemies":"Snake Plant","floor":31,"turns":4},{"damage":16,"enemies":"Collector","floor":33,"turns":9},{"damage":7,"enemies":"Orb Walker","floor":35,"turns":4},{"damage":4,"enemies":"3 Shapes","floor":36,"turns":5},{"damage":36,"enemies":"3 Darklings","floor":39,"turns":6},{"damage":4,"enemies":"Nemesis","floor":40,"turns":9},{"damage":54,"enemies":"Mysterious Sphere","floor":41,"turns":7},{"damage":4,"enemies":"Sphere and 2 Shapes","floor":42,"turns":6},{"damage":25,"enemies":"4 Shapes","floor":45,"turns":4},{"damage":14,"enemies":"Maw","floor":46,"turns":8},{"damage":61,"enemies":"2 Orb Walkers","floor":48,"turns":7},{"damage":42,"enemies":"Donu and Deca","floor":50,"turns":13}],"event_choices":[{"event_name":"Match and Keep!","player_choice":"2 cards matched","floor":3,"damage_taken":0},{"event_name":"Mushrooms","player_choice":"Fought Mushrooms","floor":10,"damage_taken":0},{"event_name":"The Cleric","player_choice":"Card Removal","floor":13,"damage_taken":0},{"event_name":"Big Fish","player_choice":"Box","floor":14,"damage_taken":0},{"event_name":"Wheel of Change","player_choice":"Card Removal","floor":19,"damage_taken":0},{"event_name":"Drug Dealer","player_choice":"Ignored","floor":22,"damage_taken":0},{"event_name":"The Woman in Blue","player_choice":"Bought 1 Potion","floor":37,"damage_taken":0},{"event_name":"Tomb of Lord Red Mask","player_choice":"Ignored","floor":38,"damage_taken":0},{"event_name":"Mysterious Sphere","player_choice":"Fight","floor":41,"damage_taken":0}],"boss_relics":[{"not_picked":["Sozu","Snecko Eye"],"picked":"Velvet Choker"},{"not_picked":["Runic Dome","White Beast Statue"],"picked":"Astrolabe"}],"potions_floor_spawned":[6,7,10,18,24,25,30,39,41,42,45,46],"seed_played":"-1775719812652335526","ascension_level":0,"is_trial":false}