{"path_per_floor":["M","M","M","M","?","R","M","E","T","M","R","E","M","?","R"],"character_chosen":"IRONCLAD","items_purchased":[],"gold_per_floor":[116,136,156,168,168,168,185,210,281,296,296,328,345,345,345],"floor_reached":16,"campfire_rested":1,"playtime":1062,"current_hp_per_floor":[69,72,78,80,80,80,74,45,45,36,36,22,19,19,43],"items_purged":[],"gold":345,"score":125,"play_id":"ec0d9792-8a5c-451e-be03-cde4a06c1120","local_time":"20180305082317","is_prod":false,"is_daily":false,"is_ascension_mode":true,"campfire_upgraded":2,"timestamp":1520205797,"path_taken":["M","M","M","M","?","R","?","E","T","M","R","E","M","?","R","BOSS"],"build_version":"2018-03-01-PROD1","purchased_purges":0,"victory":false,"master_deck":["Strike_R","Strike_R","Strike_R","Strike_R","Strike_R","Defend_R","Defend_R","Defend_R","Defend_R","Bash","Barricade+1","Seeing Red","Warcry","Body Slam+1","Body Slam","Regret","Shrug It Off","Seeing Red","Clothesline","Clothesline"],"max_hp_per_floor":[80,80,80,80,80,80,80,80,80,80,80,80,80,80,80],"relics":["Burning Blood","Ancient Tea Set","Bag of Marbles","Gremlin Horn","Art of War"],"card_choices":[{"not_picked":["Headbutt","Clash"],"picked":"Seeing Red"},{"not_picked":["Blood for Blood","Sword Boomerang"],"picked":"Warcry"},{"not_picked":["Pummel","Sentinel"],"picked":"Body Slam"},{"not_picked":["Warcry","Dropkick"],"picked":"Body Slam"},{"not_picked":["Intimidate","Sever Soul"],"picked":"Shrug It Off"},{"not_picked":["Uppercut","Carnage"],"picked":"Seeing Red"},{"not_picked":["Bloodletting","Whirlwind"],"picked":"Clothesline"},{"not_picked":["Cleave","Rage"],"picked":"Clothesline"}],"player_experience":65471,"potions_floor_usage":[8,10,13,16],"damage_taken":[{"damage":17,"enemies":"Jaw Worm","floor":1,"turns":6},{"damage":3,"enemies":"2 Louse","floor":2,"turns":3},{"damage":0,"enemies":"Cultist","floor":3,"turns":3},{"damage":2,"enemies":"Large Slime","floor":4,"turns":10},{"damage":12,"enemies":"Looter","floor":7,"turns":3},{"damage":35,"enemies":"3 Sentries","floor":8,"turns":10},{"damage":15,"enemies":"Exordium Thugs","floor":10,"turns":5},{"damage":20,"enemies":"Gremlin Nob","floor":12,"turns":4},{"damage":9,"enemies":"Exordium Wildlife","floor":13,"turns":3},{"damage":39,"enemies":"Slime Boss","floor":16,"turns":6}],"event_choices":[{"event_name":"Big Fish","player_choice":"Box","floor":5,"damage_taken":0},{"event_name":"Dead Adventurer","player_choice":"Searched \u00270\u0027 times","floor":14,"damage_taken":0}],"boss_relics":[],"potions_floor_spawned":[2,4,7,8,12],"seed_played":"846222638494137925","killed_by":"Slime Boss","ascension_level":2,"is_trial":false}