{"gold_per_floor":[113,113,124,124,52,52,85,85,136,165,178,189,189,189,189,289,289,299,310,310,327,69,69,99,99,125,44,44,44,44,75,75,87],"floor_reached":33,"playtime":861,"items_purged":["Strike_R"],"score":355,"play_id":"3e4dc4c2-5bf8-48ff-ba6b-7e9ba15d33fe","local_time":"20190414185706","is_ascension_mode":true,"campfire_choices":[{"data":"Rampage","floor":6,"key":"SMITH"},{"data":"Bash","floor":8,"key":"SMITH"},{"data":"Headbutt","floor":13,"key":"SMITH"},{"data":"Sword Boomerang","floor":15,"key":"SMITH"},{"data":"Havoc","floor":23,"key":"SMITH"},{"floor":25,"key":"DIG"},{"floor":30,"key":"REST"},{"floor":32,"key":"DIG"}],"neow_cost":"NONE","seed_source_timestamp":73187679762600,"circlet_count":0,"master_deck":["Strike_R","Defend_R","Defend_R","Defend_R","Defend_R","Bash+1","Dramatic Entrance","Sword Boomerang+1","Rampage+1","Headbutt+1","Pummel","Havoc+1","Secret Weapon","Seeing Red","Shockwave","Reckless Charge","Reaper"],"relics":["Burning Blood","Bird Faced Urn","Calipers","Ancient Tea Set","Anchor","Calling Bell","Red Skull","Frozen Egg 2","Dead Branch","Shovel","Paper Frog","Smiling Mask","Centennial Puzzle","MawBank"],"potions_floor_usage":[16,21,24,28,33],"damage_taken":[{"damage":2,"enemies":"Jaw Worm","floor":1,"turns":3},{"damage":0,"enemies":"2 Louse","floor":3,"turns":2},{"damage":40,"enemies":"3 Sentries","floor":7,"turns":7},{"damage":37,"enemies":"Gremlin Nob","floor":10,"turns":5},{"damage":0,"enemies":"Cultist","floor":11,"turns":2},{"damage":15,"enemies":"Large Slime","floor":12,"turns":5},{"damage":9,"enemies":"Hexaghost","floor":16,"turns":9},{"damage":3,"enemies":"Chosen","floor":18,"turns":3},{"damage":25,"enemies":"Spheric Guardian","floor":19,"turns":4},{"damage":19,"enemies":"Cultist and Chosen","floor":21,"turns":5},{"damage":26,"enemies":"Slavers","floor":24,"turns":3},{"damage":0,"enemies":"Book of Stabbing","floor":28,"turns":1},{"damage":5,"enemies":"Slavers","floor":31,"turns":5},{"damage":64,"enemies":"Automaton","floor":33,"turns":6}],"seed_played":"420555444491850482","potions_obtained":[{"floor":11,"key":"Dexterity Potion"},{"floor":12,"key":"SmokeBomb"},{"floor":16,"key":"Fire Potion"},{"floor":19,"key":"LiquidBronze"},{"floor":21,"key":"Ancient Potion"}],"is_trial":false,"path_per_floor":["M","?","M","?","$","R","E","R","T","E","M","M","R","?","R","B",null,"M","M","?","M","$","R","E","R","T","$","E","?","R","E","R","B"],"character_chosen":"IRONCLAD","items_purchased":["Rampage","Secret Weapon","Seeing Red"],"campfire_rested":1,"item_purchase_floors":[5,22,27],"current_hp_per_floor":[80,73,79,79,79,79,45,45,45,14,20,11,11,11,11,8,80,80,61,46,33,33,33,13,13,13,13,19,19,44,45,45,0],"gold":87,"neow_bonus":"RANDOM_COLORLESS","is_prod":false,"is_daily":false,"chose_seed":false,"campfire_upgraded":5,"win_rate":0,"timestamp":1555264626,"path_taken":["M","?","M","?","$","R","E","R","T","E","M","?","R","?","R","BOSS","M","M","?","M","$","R","E","R","T","$","E","?","R","E","R","BOSS"],"build_version":"2019-01-23","purchased_purges":1,"victory":false,"max_hp_per_floor":[80,80,80,80,80,80,80,80,80,80,80,80,80,80,80,80,80,80,80,85,85,85,85,85,85,85,85,85,85,85,85,85,85],"card_choices":[{"not_picked":["Iron Wave","Heavy Blade"],"picked":"Sword Boomerang","floor":1},{"not_picked":["Sever Soul","Blood for Blood","Iron Wave"],"picked":"SKIP","floor":3},{"not_picked":["Whirlwind","Juggernaut"],"picked":"Headbutt","floor":7},{"not_picked":["Combust","Iron Wave","Clash"],"picked":"SKIP","floor":10},{"not_picked":["Anger","Combust","Second Wind"],"picked":"SKIP","floor":11},{"not_picked":["Twin Strike","Intimidate","Flex"],"picked":"SKIP","floor":12},{"not_picked":["Sword Boomerang","Bloodletting","Pommel Strike"],"picked":"SKIP","floor":18},{"not_picked":["Sword Boomerang","Warcry"],"picked":"Pummel","floor":19},{"not_picked":["Uppercut","Armaments"],"picked":"Havoc","floor":21},{"not_picked":["Wild Strike+1","Cleave","Heavy Blade+1"],"picked":"SKIP","floor":24},{"not_picked":["Clash+1","Headbutt"],"picked":"Reaper","floor":31}],"player_experience":26938,"relics_obtained":[{"floor":7,"key":"Calipers"},{"floor":9,"key":"Ancient Tea Set"},{"floor":10,"key":"Anchor"},{"floor":17,"key":"Red Skull"},{"floor":17,"key":"Frozen Egg 2"},{"floor":17,"key":"Dead Branch"},{"floor":24,"key":"Shovel"},{"floor":25,"key":"Paper Frog"},{"floor":26,"key":"Smiling Mask"},{"floor":31,"key":"Centennial Puzzle"},{"floor":32,"key":"MawBank"}],"event_choices":[{"damage_healed":0,"gold_gain":0,"player_choice":"Success","damage_taken":7,"relics_obtained":["Bird Faced Urn"],"max_hp_gain":0,"max_hp_loss":0,"event_name":"Scrap Ooze","floor":2,"gold_loss":0},{"cards_removed":["Strike_R"],"damage_healed":0,"gold_gain":0,"player_choice":"Purged","damage_taken":0,"max_hp_gain":0,"max_hp_loss":0,"event_name":"Purifier","floor":4,"gold_loss":0},{"damage_healed":0,"gold_gain":0,"player_choice":"Ignored","damage_taken":0,"max_hp_gain":0,"max_hp_loss":0,"event_name":"Liars Game","floor":14,"gold_loss":0},{"damage_healed":0,"gold_gain":0,"player_choice":"Shed Blood","damage_taken":20,"max_hp_gain":5,"max_hp_loss":0,"event_name":"Forgotten Altar","floor":20,"gold_loss":0},{"damage_healed":0,"gold_gain":0,"cards_transformed":["Strike_R","Strike_R"],"player_choice":"Became Test Subject","damage_taken":0,"max_hp_gain":0,"max_hp_loss":0,"event_name":"Drug Dealer","floor":29,"gold_loss":0,"cards_obtained":["Shockwave","Reckless Charge"]}],"is_beta":false,"boss_relics":[{"not_picked":["Orrery","Runic Pyramid"],"picked":"Calling Bell"}],"items_purged_floors":[22],"is_endless":false,"potions_floor_spawned":[11,12,16,19,21],"killed_by":"Automaton","ascension_level":3}