{"gold_per_floor":[117,39,57,7,26,57,57,84,84,32,32,32,45,70,70,169,169,181,1,100,100,100,100,130,104,129,144,161,4,32,52,52,52],"floor_reached":33,"playtime":1273,"items_purged":["Strike_R"],"score":369,"play_id":"08cc2c7a-4e10-494c-b808-b78226bc3bba","local_time":"20190413233016","is_ascension_mode":true,"campfire_choices":[{"data":"Armaments","floor":7,"key":"SMITH"},{"data":"Bash","floor":11,"key":"SMITH"},{"data":"Inflame","floor":15,"key":"SMITH"},{"data":"Ghostly","floor":23,"key":"SMITH"},{"floor":32,"key":"DIG"}],"neow_cost":"NONE","seed_source_timestamp":2757644508300,"circlet_count":0,"master_deck":["Strike_R","Strike_R","Strike_R","Defend_R","Defend_R","Defend_R","Defend_R","Bash+1","Armaments+1","Feed","Shockwave","Thunderclap","Iron Wave","Headbutt","Feel No Pain","Inflame+1","Impervious","Inflame+1","True Grit","Finesse","Ghostly","Ghostly","Ghostly+1","Ghostly","Ghostly","Spot Weakness"],"special_seed":0,"relics":["Burning Blood","NeowsBlessing","FossilizedHelix","Meat on the Bone","Sundial","Dodecahedron","Anchor","Boot","PreservedInsect","Blood Vial","Orichalcum","Shovel","Omamori"],"potions_floor_usage":[6,33,33],"damage_taken":[{"damage":0.0,"enemies":"2 Louse","floor":1.0,"turns":1.0},{"damage":0.0,"enemies":"Jaw Worm","floor":3.0,"turns":1.0},{"damage":0,"enemies":"Cultist","floor":5,"turns":1},{"damage":37,"enemies":"Lagavulin","floor":6,"turns":8},{"damage":32,"enemies":"Gremlin Nob","floor":8,"turns":6},{"damage":1,"enemies":"2 Fungi Beasts","floor":13,"turns":4},{"damage":4,"enemies":"3 Sentries","floor":14,"turns":9},{"damage":16,"enemies":"The Guardian","floor":16,"turns":13},{"damage":5,"enemies":"Shell Parasite","floor":18,"turns":6},{"damage":0,"enemies":"Book of Stabbing","floor":24,"turns":8},{"damage":0,"enemies":"2 Thieves","floor":25,"turns":5},{"damage":0,"enemies":"Centurion and Healer","floor":27,"turns":7},{"damage":15,"enemies":"3 Cultists","floor":28,"turns":7},{"damage":17,"enemies":"Slavers","floor":30,"turns":8},{"damage":32,"enemies":"Cultist and Chosen","floor":31,"turns":11},{"damage":50,"enemies":"Collector","floor":33,"turns":7}],"seed_played":"-8156950319614789614","potions_obtained":[{"floor":1.0,"key":"GamblersBrew"},{"floor":6,"key":"Fruit Juice"},{"floor":24,"key":"SpeedPotion"},{"floor":25,"key":"LiquidBronze"},{"floor":30,"key":"SkillPotion"}],"is_trial":false,"path_per_floor":["M","$","M","?","M","E","R","E","T","$","R","?","M","E","R","B",null,"M","$","?","?","?","R","E","M","T","M","M","$","E","M","R","B"],"character_chosen":"IRONCLAD","items_purchased":["Feed","Headbutt","True Grit","Finesse","Orichalcum"],"campfire_rested":0,"item_purchase_floors":[2,10,19,19,29],"current_hp_per_floor":[80,80,80,80,83,57,57,31,31,31,31,28,45,62,62,52,91,91,91,91,45,45,45,48,51,51,55,49,49,43,31,31,0],"gold":52,"neow_bonus":"THREE_ENEMY_KILL","is_prod":false,"is_daily":false,"chose_seed":false,"campfire_upgraded":4,"win_rate":0,"timestamp":1555194616,"path_taken":["M","$","M","?","M","E","R","E","T","$","R","?","M","E","R","BOSS","M","$","?","?","?","R","E","M","T","M","?","$","E","M","R","BOSS"],"build_version":"2019-01-23","purchased_purges":1,"victory":false,"max_hp_per_floor":[80,80,80,80,83,88,88,88,88,88,88,88,88,91,91,91,91,91,91,91,45,45,45,48,51,51,55,58,58,61,61,61,61],"card_choices":[{"not_picked":["Second Wind","Warcry"],"picked":"Armaments","floor":1.0},{"not_picked":["Heavy Blade","Warcry"],"picked":"Shockwave","floor":3},{"not_picked":["Perfected Strike","Infernal Blade"],"picked":"Thunderclap","floor":5},{"not_picked":["Pommel Strike","Shrug It Off"],"picked":"Iron Wave","floor":6},{"not_picked":["Perfected Strike","Clash","Searing Blow"],"picked":"SKIP","floor":8},{"not_picked":["Twin Strike","Heavy Blade"],"picked":"Feel No Pain","floor":13},{"not_picked":["Second Wind","Clash"],"picked":"Inflame","floor":14},{"not_picked":["Brutality","Limit Break"],"picked":"Impervious","floor":16},{"not_picked":["Headbutt","Flex"],"picked":"Inflame+1","floor":18},{"not_picked":["Clash","Headbutt","True Grit"],"picked":"SKIP","floor":24},{"not_picked":["Infernal Blade","Warcry"],"picked":"Spot Weakness","floor":25},{"not_picked":["Dual Wield","Twin Strike","Clothesline"],"picked":"SKIP","floor":27},{"not_picked":["Sever Soul","Anger","Fiend Fire"],"picked":"SKIP","floor":28},{"not_picked":["Warcry","Headbutt+1","Feed"],"picked":"SKIP","floor":30},{"not_picked":["Clash","Iron Wave","Clothesline"],"picked":"SKIP","floor":31}],"player_experience":20076,"relics_obtained":[{"floor":6,"key":"FossilizedHelix"},{"floor":8,"key":"Meat on the Bone"},{"floor":9,"key":"Sundial"},{"floor":14,"key":"Anchor"},{"floor":24,"key":"PreservedInsect"},{"floor":26,"key":"Blood Vial"},{"floor":30,"key":"Shovel"},{"floor":32,"key":"Omamori"}],"event_choices":[{"cards_removed":["Strike_R"],"damage_healed":0,"gold_gain":0,"player_choice":"Card Removal","damage_taken":0,"max_hp_gain":0,"max_hp_loss":0,"event_name":"The Cleric","floor":4,"gold_loss":50},{"damage_healed":0,"gold_gain":0,"player_choice":"Success","damage_taken":3,"relics_obtained":["Dodecahedron"],"max_hp_gain":0,"max_hp_loss":0,"event_name":"Scrap Ooze","floor":12,"gold_loss":0},{"damage_healed":0,"gold_gain":99,"player_choice":"Stole From Cult","damage_taken":0,"max_hp_gain":0,"max_hp_loss":0,"event_name":"Nest","floor":20,"gold_loss":0},{"damage_healed":0,"gold_gain":0,"player_choice":"Became a Ghost","damage_taken":0,"max_hp_gain":0,"max_hp_loss":46,"event_name":"Ghosts","floor":21,"gold_loss":0,"cards_obtained":["Ghostly","Ghostly","Ghostly","Ghostly","Ghostly"]},{"damage_healed":0,"gold_gain":0,"player_choice":"Gave Potion","damage_taken":0,"relics_obtained":["Boot"],"max_hp_gain":0,"max_hp_loss":0,"event_name":"WeMeetAgain","floor":22,"gold_loss":0}],"is_beta":false,"boss_relics":[{"not_picked":[]}],"items_purged_floors":[19],"is_endless":false,"potions_floor_spawned":[1,6,24,25,30,31],"killed_by":"Collector","ascension_level":1}