{"gold_per_floor":[115,134,151,166,91,116,116,116,143,163,163,174,209,224,224,224],"floor_reached":16,"playtime":1462,"items_purged":["Defend_G"],"score":120,"play_id":"1c7dbbdf-270d-4111-9c38-8c99108863af","local_time":"20190815142038","is_ascension_mode":true,"campfire_choices":[{"floor":8,"key":"REST"},{"floor":11,"key":"RECALL"},{"floor":15,"key":"REST"}],"neow_cost":"NONE","seed_source_timestamp":5794285321500,"circlet_count":0,"master_deck":["Strike_G","Strike_G","Strike_G","Strike_G","Strike_G","Defend_G","Defend_G","Defend_G","Survivor","Neutralize","Reflex","Backflip","Flying Knee","Backflip","Dagger Spray","Poisoned Stab","Corpse Explosion","Escape Plan"],"relics":["Ring of the Snake","Boot","Ancient Tea Set"],"potions_floor_usage":[6,13,13],"damage_taken":[{"damage":0,"enemies":"2 Louse","floor":1,"turns":3},{"damage":0,"enemies":"Small Slimes","floor":2,"turns":5},{"damage":7,"enemies":"Jaw Worm","floor":3,"turns":6},{"damage":17,"enemies":"Exordium Thugs","floor":4,"turns":8},{"damage":41,"enemies":"Lagavulin","floor":6,"turns":10},{"damage":9,"enemies":"Exordium Wildlife","floor":10,"turns":7},{"damage":2,"enemies":"Looter","floor":12,"turns":3},{"damage":28,"enemies":"3 Sentries","floor":13,"turns":8},{"damage":0,"enemies":"2 Fungi Beasts","floor":14,"turns":2},{"damage":51,"enemies":"Hexaghost","floor":16,"turns":10}],"seed_played":"-8058318903289506743","potions_obtained":[{"floor":1,"key":"Regen Potion"},{"floor":6,"key":"Regen Potion"},{"floor":10,"key":"Poison Potion"}],"is_trial":false,"path_per_floor":["M","M","M","M","$","E","?","R","T","M","R","M","E","M","R","B"],"character_chosen":"THE_SILENT","items_purchased":[],"campfire_rested":2,"item_purchase_floors":[],"current_hp_per_floor":[77,77,70,53,53,27,27,50,50,41,41,39,26,26,49,0],"gold":224,"neow_bonus":"TEN_PERCENT_HP_BONUS","is_prod":false,"is_daily":false,"chose_seed":false,"campfire_upgraded":0,"win_rate":0,"timestamp":1565871638,"path_taken":["M","M","M","M","$","E","?","R","T","M","R","M","E","M","R","BOSS"],"build_version":"2019-07-17","purchased_purges":1,"victory":false,"max_hp_per_floor":[77,77,77,77,77,77,77,77,77,77,77,77,77,77,77,77],"card_choices":[{"not_picked":["Skewer","Slice"],"picked":"Reflex","floor":1},{"not_picked":["Blade Dance","Acrobatics"],"picked":"Backflip","floor":2},{"not_picked":["Dodge and Roll","Backstab"],"picked":"Flying Knee","floor":3},{"not_picked":["Distraction","Slice"],"picked":"Backflip","floor":4},{"not_picked":["Deflect","Outmaneuver","Deadly Poison"],"picked":"SKIP","floor":6},{"not_picked":["Dash","Outmaneuver"],"picked":"Dagger Spray","floor":10},{"not_picked":["Skewer","Dash"],"picked":"Poisoned Stab","floor":12},{"not_picked":["Tactician","PiercingWail"],"picked":"Corpse Explosion","floor":13},{"not_picked":["Sucker Punch","Deadly Poison"],"picked":"Escape Plan","floor":14}],"player_experience":80025,"relics_obtained":[{"floor":6,"key":"Boot"},{"floor":13,"key":"Ancient Tea Set"}],"event_choices":[{"cards_removed":["Defend_G"],"damage_healed":0,"gold_gain":0,"player_choice":"Forget","damage_taken":0,"max_hp_gain":0,"max_hp_loss":0,"event_name":"Living Wall","floor":7,"gold_loss":0}],"is_beta":false,"boss_relics":[],"items_purged_floors":[5],"is_endless":false,"potions_floor_spawned":[1,6,10],"killed_by":"Hexaghost","ascension_level":1}