{"gold_per_floor":[116,132,132,63,82,409,424,424,424,455,455,466,498,498],"floor_reached":14,"playtime":843,"items_purged":[],"score":110,"play_id":"e47fba0a-7dcc-4cb9-b3ca-e6e5c4625e36","local_time":"20181115144102","is_ascension_mode":false,"campfire_choices":[{"floor":8,"key":"REST"},{"floor":11,"key":"REST"}],"neow_cost":"TEN_PERCENT_HP_LOSS","seed_source_timestamp":54338735925220,"circlet_count":0,"master_deck":["Defend_G","Defend_G","Defend_G","Defend_G","Defend_G","Strike_G","Strike_G","Strike_G","Strike_G","Strike_G","Survivor","Neutralize","Envenom","Dagger Throw","Noxious Fumes","Accuracy","Bullet Time","All Out Attack","Infinite Blades","Slice","Acrobatics","Dagger Spray","Well Laid Plans","Backstab"],"relics":["Ring of the Snake","Old Coin","Matryoshka","The Courier","Dodecahedron"],"potions_floor_usage":[10,12,13,13],"damage_taken":[{"damage":0,"enemies":"Cultist","floor":1,"turns":4},{"damage":5,"enemies":"Jaw Worm","floor":2,"turns":4},{"damage":0,"enemies":"2 Louse","floor":5,"turns":2},{"damage":24,"enemies":"Lagavulin","floor":6,"turns":8},{"damage":17,"enemies":"Exordium Wildlife","floor":7,"turns":3},{"damage":26,"enemies":"Gremlin Nob","floor":10,"turns":5},{"damage":11,"enemies":"Lots of Slimes","floor":12,"turns":3},{"damage":9,"enemies":"Lagavulin","floor":13,"turns":7},{"damage":3,"enemies":"Gremlin Gang","floor":14,"turns":3}],"seed_played":"-1949537514071157835","potions_obtained":[{"floor":1,"key":"Dexterity Potion"},{"floor":2,"key":"PowerPotion"},{"floor":7,"key":"GhostInAJar"},{"floor":10,"key":"Weak Potion"}],"is_trial":false,"path_per_floor":["M","M","?","$","M","E","M","R","T","E","R","M","E","M"],"character_chosen":"THE_SILENT","items_purchased":["All Out Attack"],"campfire_rested":2,"item_purchase_floors":[4],"current_hp_per_floor":[63,58,58,58,58,34,17,35,35,9,27,16,7,4],"gold":498,"neow_bonus":"THREE_RARE_CARDS","is_prod":false,"is_daily":false,"chose_seed":false,"campfire_upgraded":0,"win_rate":0,"timestamp":1542310862,"path_taken":["M","M","?","$","?","E","M","R","T","E","R","M","E","M"],"build_version":"2018-11-08","purchased_purges":0,"victory":false,"max_hp_per_floor":[63,63,63,63,63,63,63,63,63,63,63,63,63,63],"card_choices":[{"not_picked":["A Thousand Cuts","Adrenaline"],"picked":"Envenom","floor":0},{"not_picked":["Accuracy","Dodge and Roll"],"picked":"Dagger Throw","floor":1},{"not_picked":["Backflip","Sucker Punch"],"picked":"Noxious Fumes","floor":2},{"not_picked":["Cloak And Dagger","Blade Dance"],"picked":"Infinite Blades","floor":5},{"not_picked":["Prepared","PiercingWail"],"picked":"Slice","floor":6},{"not_picked":["Choke","Quick Slash"],"picked":"Acrobatics","floor":7},{"not_picked":["Dagger Throw","Skewer"],"picked":"Dagger Spray","floor":10},{"not_picked":["Deadly Poison","Backstab"],"picked":"Well Laid Plans","floor":12},{"not_picked":["Deadly Poison","Blade Dance"],"picked":"Backstab","floor":13}],"player_experience":334416,"relics_obtained":[{"floor":6,"key":"Old Coin"},{"floor":9,"key":"Matryoshka"},{"floor":10,"key":"The Courier"},{"floor":13,"key":"Dodecahedron"}],"event_choices":[{"damage_healed":0,"gold_gain":0,"player_choice":"2 cards matched","damage_taken":0,"max_hp_gain":0,"max_hp_loss":0,"event_name":"Match and Keep!","floor":3,"gold_loss":0,"cards_obtained":["Accuracy","Bullet Time"]}],"is_beta":false,"boss_relics":[],"items_purged_floors":[],"is_endless":false,"potions_floor_spawned":[1,2,7,10],"killed_by":"Gremlin Gang","ascension_level":0}