{"gold_per_floor":[118,130,143,143,143,143,163,163,163,163,190,190,205,220,220,324,324,343,363,36,48,48,48,48,63,63,74,74,90,125,225,225,225],"floor_reached":33,"playtime":1725,"items_purged":["Clumsy"],"score":269,"play_id":"afb7e4a1-e3c2-4d12-b7b5-aad59b350d63","local_time":"20181210023941","is_ascension_mode":false,"campfire_choices":[{"data":"Clash","floor":6,"key":"SMITH"},{"data":"Clash","floor":8,"key":"SMITH"},{"data":"Offering","floor":12,"key":"SMITH"},{"data":"Berserk","floor":15,"key":"SMITH"},{"data":"Panacea","floor":23,"key":"SMITH"},{"data":"Uppercut","floor":32,"key":"SMITH"}],"neow_cost":"CURSE","seed_source_timestamp":252277811632956,"circlet_count":0,"master_deck":["Strike_R","Strike_R","Strike_R","Strike_R","Defend_R+1","Defend_R","Defend_R+1","Defend_R","Bash","Secret Weapon","Bandage Up","Clash+1","Warcry","Iron Wave","Clash+1","Second Wind","Offering+1","Blood for Blood","Berserk+1","Double Tap","Iron Wave+1","Blood for Blood","Panacea+1","Battle Trance","Panacea+1","Clash","Uppercut+1","Headbutt","Iron Wave","Clothesline+1"],"relics":["Burning Blood","Mercury Hourglass","Nunchaku","Question Card","Busted Crown","Red Skull","Charon\u0027s Ashes","Mummified Hand","Thread and Needle","Frozen Egg 2"],"potions_floor_usage":[31,31],"damage_taken":[{"damage":4,"enemies":"Cultist","floor":1,"turns":4},{"damage":2,"enemies":"2 Louse","floor":2,"turns":2},{"damage":0,"enemies":"Small Slimes","floor":3,"turns":4},{"damage":0,"enemies":"Looter","floor":7,"turns":2},{"damage":18,"enemies":"Gremlin Nob","floor":11,"turns":4},{"damage":14,"enemies":"Red Slaver","floor":13,"turns":2},{"damage":1,"enemies":"2 Fungi Beasts","floor":14,"turns":2},{"damage":44,"enemies":"The Guardian","floor":16,"turns":7},{"damage":12,"enemies":"2 Thieves","floor":18,"turns":4},{"damage":6,"enemies":"Spheric Guardian","floor":19,"turns":2},{"damage":39,"enemies":"Shelled Parasite and Fungi","floor":21,"turns":5},{"damage":0,"enemies":"Snake Plant","floor":25,"turns":2},{"damage":7,"enemies":"Snecko","floor":27,"turns":3},{"damage":13,"enemies":"3 Cultists","floor":29,"turns":4},{"damage":11,"enemies":"Gremlin Leader","floor":30,"turns":4},{"damage":0,"enemies":"Colosseum Slavers","floor":31,"turns":3},{"damage":28,"enemies":"Colosseum Nobs","floor":31,"turns":4},{"damage":26,"enemies":"Automaton","floor":33,"turns":6}],"seed_played":"-1572540412495584679","potions_obtained":[{"floor":1,"key":"FearPotion"},{"floor":11,"key":"Strength Potion"},{"floor":13,"key":"LiquidBronze"},{"floor":19,"key":"Regen Potion"},{"floor":27,"key":"PowerPotion"}],"is_trial":false,"path_per_floor":["M","M","M","?","?","R","M","R","T","?","E","R","M","M","R","B",null,"M","M","$","M","?","R","?","M","T","M","?","M","E","?","R","B"],"character_chosen":"IRONCLAD","items_purchased":["Red Skull","Panacea"],"campfire_rested":0,"item_purchase_floors":[20,20],"current_hp_per_floor":[80,80,80,64,61,61,67,67,67,67,59,59,55,64,64,30,80,78,80,80,51,36,36,36,46,46,49,49,42,41,34,34,12],"gold":225,"neow_bonus":"RANDOM_COLORLESS_2","is_prod":false,"is_daily":false,"chose_seed":false,"campfire_upgraded":6,"win_rate":0,"timestamp":1544427581,"path_taken":["M","M","?","?","?","R","M","R","T","?","E","R","?","M","R","BOSS","M","M","$","M","?","R","?","?","T","M","?","M","E","?","R","BOSS"],"build_version":"2018-12-06","purchased_purges":1,"victory":false,"max_hp_per_floor":[80,80,80,80,80,80,80,80,80,80,80,80,80,80,80,80,80,80,80,80,80,85,85,85,85,85,85,85,85,85,85,85,85],"card_choices":[{"not_picked":["Havoc","Power Through"],"picked":"Clash","floor":1},{"not_picked":["Entrench","Sword Boomerang"],"picked":"Warcry","floor":2},{"not_picked":["Clothesline","Power Through"],"picked":"Iron Wave","floor":3},{"not_picked":["Ghostly Armor","Headbutt"],"picked":"Clash","floor":7},{"not_picked":["Thunderclap","Seeing Red"],"picked":"Offering","floor":11},{"not_picked":["Warcry","Evolve","Sword Boomerang"],"picked":"Blood for Blood","floor":13},{"not_picked":["Carnage","Heavy Blade","Whirlwind"],"picked":"Berserk","floor":14},{"not_picked":["Juggernaut","Impervious","Reaper"],"picked":"Double Tap","floor":16},{"not_picked":["Headbutt+1"],"picked":"Iron Wave+1","floor":18},{"not_picked":["Seeing Red"],"picked":"Blood for Blood","floor":19},{"not_picked":["Twin Strike"],"picked":"Battle Trance","floor":21},{"not_picked":["Blood for Blood"],"picked":"Clash","floor":25},{"not_picked":["Perfected Strike+1"],"picked":"Uppercut","floor":27},{"not_picked":["Rampage+1"],"picked":"Headbutt","floor":29},{"not_picked":["Burning Pact"],"picked":"Iron Wave","floor":30},{"not_picked":["Havoc"],"picked":"Clothesline+1","floor":31}],"player_experience":350296,"relics_obtained":[{"floor":9,"key":"Nunchaku"},{"floor":11,"key":"Question Card"},{"floor":26,"key":"Charon\u0027s Ashes"},{"floor":30,"key":"Mummified Hand"},{"floor":31,"key":"Thread and Needle"},{"floor":31,"key":"Frozen Egg 2"}],"event_choices":[{"damage_healed":0,"gold_gain":0,"player_choice":"Entered Light","damage_taken":16,"max_hp_gain":0,"max_hp_loss":0,"event_name":"Shining Light","floor":4,"gold_loss":0,"cards_upgraded":["Defend_R","Defend_R"]},{"damage_healed":0,"gold_gain":0,"player_choice":"Success","damage_taken":3,"relics_obtained":["Mercury Hourglass"],"max_hp_gain":0,"max_hp_loss":0,"event_name":"Scrap Ooze","floor":5,"gold_loss":0},{"damage_healed":0,"gold_gain":0,"cards_transformed":["Strike_R"],"player_choice":"Transformed","damage_taken":0,"max_hp_gain":0,"max_hp_loss":0,"event_name":"Transmorgrifier","floor":10,"gold_loss":0,"cards_obtained":["Second Wind"]},{"damage_healed":0,"gold_gain":0,"player_choice":"Shed Blood","damage_taken":20,"max_hp_gain":5,"max_hp_loss":0,"event_name":"Forgotten Altar","floor":22,"gold_loss":0},{"damage_healed":0,"gold_gain":0,"player_choice":"Copied","damage_taken":0,"max_hp_gain":0,"max_hp_loss":0,"event_name":"Duplicator","floor":24,"gold_loss":0,"cards_obtained":["Panacea"]},{"damage_healed":0,"gold_gain":0,"player_choice":"Ignored","damage_taken":0,"max_hp_gain":0,"max_hp_loss":0,"event_name":"Beggar","floor":28,"gold_loss":0},{"damage_healed":0,"gold_gain":0,"player_choice":"Fight","damage_taken":0,"max_hp_gain":0,"max_hp_loss":0,"event_name":"Colosseum","floor":31,"gold_loss":0},{"damage_healed":0,"gold_gain":0,"player_choice":"Fought Nobs","damage_taken":0,"max_hp_gain":0,"max_hp_loss":0,"event_name":"Colosseum","floor":31,"gold_loss":0}],"is_beta":false,"boss_relics":[{"not_picked":["Coffee Dripper","Velvet Choker"],"picked":"Busted Crown"}],"items_purged_floors":[20],"is_endless":false,"potions_floor_spawned":[1,11,13,19,27,30],"killed_by":"Automaton","ascension_level":0}