{"gold_per_floor":[110,126,140,153,153,153,153,171,197,21,21,44,44,68,68,162,162,180,195,208,232,232,232,232,232,232,72,95,95,95],"floor_reached":30,"playtime":11667,"items_purged":[],"score":428,"play_id":"9d9dd3a8-fd28-49d9-8638-ac399341c9d6","local_time":"20190921222414","is_ascension_mode":true,"campfire_choices":[{"floor":6.0,"key":"REST"},{"floor":11.0,"key":"REST"},{"floor":15.0,"key":"REST"},{"floor":23,"key":"REST"},{"floor":25,"key":"REST"},{"floor":29,"key":"REST"}],"neow_cost":"NONE","seed_source_timestamp":0,"circlet_count":0,"master_deck":["AscendersBane","Defend_B","Defend_B","Defend_B","Defend_B","Zap","Dualcast","Self Repair","Ball Lightning","Go for the Eyes","White Noise","Sunder","Creative AI","Ball Lightning","BootSequence","All For One","Bite","Bite","Bite","Bite","Bite","Electrodynamics"],"special_seed":0,"relics":["Fusion Hammer","Golden Idol","Happy Flower","Bottled Tornado","Snecko Eye","MutagenicStrength","Ginger"],"potions_floor_usage":[30,30],"damage_taken":[{"damage":0.0,"enemies":"Cultist","floor":1.0,"turns":4.0},{"damage":1.0,"enemies":"2 Louse","floor":2.0,"turns":4.0},{"damage":7.0,"enemies":"Jaw Worm","floor":3.0,"turns":3.0},{"damage":18.0,"enemies":"Gremlin Gang","floor":4.0,"turns":5.0},{"damage":14.0,"enemies":"3 Louse","floor":8.0,"turns":3.0},{"damage":13.0,"enemies":"Exordium Wildlife","floor":12.0,"turns":3.0},{"damage":13.0,"enemies":"Large Slime","floor":14.0,"turns":5.0},{"damage":55.0,"enemies":"The Guardian","floor":16.0,"turns":8.0},{"damage":6.0,"enemies":"Spheric Guardian","floor":18.0,"turns":3.0},{"damage":31.0,"enemies":"Shell Parasite","floor":19.0,"turns":5.0},{"damage":8,"enemies":"Snecko","floor":20,"turns":4},{"damage":35,"enemies":"Shelled Parasite and Fungi","floor":21,"turns":5},{"damage":35,"enemies":"Snake Plant","floor":28,"turns":4},{"damage":36,"enemies":"Centurion and Healer","floor":30,"turns":2}],"seed_played":"6339356600514746549","potions_obtained":[{"floor":2.0,"key":"DuplicationPotion"},{"floor":4.0,"key":"Weak Potion"},{"floor":16.0,"key":"Explosive Potion"},{"floor":20,"key":"PowerPotion"}],"is_trial":false,"path_per_floor":["M","M","M","M","$","R","?","M","T","$","R","M","T","M","R","B",null,"M","M","M","M","?","R","?","R","T","$","M","R","M"],"character_chosen":"DEFECT","items_purchased":["Creative AI","Electrodynamics"],"campfire_rested":6,"item_purchase_floors":[10,27],"current_hp_per_floor":[64,70,70,59,59,71,47,40,40,40,61,48,48,42,63,15,57,58,34,40,5,5,26,26,40,40,40,15,29,0],"gold":95,"neow_bonus":"BOSS_RELIC","is_prod":false,"is_daily":false,"chose_seed":false,"campfire_upgraded":0,"win_rate":0,"timestamp":1569119054,"path_taken":["M","M","?","M","$","R","?","M","T","$","R","M","?","M","R","BOSS","M","?","M","M","?","R","?","R","T","?","M","R","M"],"build_version":"2019-09-20","purchased_purges":0,"victory":false,"max_hp_per_floor":[71,71,71,71,71,71,71,71,71,71,71,71,71,71,71,71,71,71,71,71,71,71,71,49,49,49,49,49,49,49],"card_choices":[{"not_picked":["Streamline","Compile Driver"],"picked":"Self Repair","floor":1.0},{"not_picked":["Turbo","Consume"],"picked":"Ball Lightning","floor":2.0},{"not_picked":["Reprogram","Redo"],"picked":"Go for the Eyes","floor":3.0},{"not_picked":["Leap","Barrage"],"picked":"White Noise","floor":4.0},{"not_picked":["Compile Driver","Go for the Eyes"],"picked":"Sunder","floor":8.0},{"not_picked":["Stack","Doom and Gloom"],"picked":"Ball Lightning","floor":12.0},{"not_picked":["Rebound","Stack"],"picked":"BootSequence","floor":14.0},{"not_picked":["Thunder Strike","Fission"],"picked":"All For One","floor":16.0},{"not_picked":["Redo","Compile Driver","Hologram"],"picked":"SKIP","floor":18.0},{"not_picked":["Ball Lightning","Genetic Algorithm","Gash+1"],"picked":"SKIP","floor":19},{"not_picked":["Go for the Eyes","Hologram","Coolheaded"],"picked":"SKIP","floor":20},{"not_picked":["Beam Cell","Streamline","Chaos"],"picked":"SKIP","floor":21},{"not_picked":["Hello World","Barrage","Scrape"],"picked":"SKIP","floor":28}],"player_experience":629828,"relics_obtained":[{"floor":9.0,"key":"Happy Flower"},{"floor":13.0,"key":"Bottled Tornado"},{"floor":26,"key":"Ginger"}],"event_choices":[{"damage_healed":0.0,"max_hp_gain":0.0,"max_hp_loss":0.0,"gold_gain":0.0,"event_name":"Golden Idol","player_choice":"Take Damage","floor":7.0,"gold_loss":0.0,"damage_taken":24.0,"relics_obtained":["Golden Idol"]},{"damage_healed":0,"gold_gain":0,"player_choice":"Inject Mutagens","damage_taken":0,"relics_obtained":["MutagenicStrength"],"max_hp_gain":0,"max_hp_loss":0,"event_name":"Drug Dealer","floor":22,"gold_loss":0},{"damage_healed":0,"gold_gain":0,"player_choice":"Became a vampire","damage_taken":0,"max_hp_gain":0,"max_hp_loss":22,"event_name":"Vampires","floor":24,"gold_loss":0,"cards_obtained":["Bite","Bite","Bite","Bite","Bite"]}],"is_beta":true,"boss_relics":[{"not_picked":["Runic Dome","Tiny House"],"picked":"Snecko Eye"}],"items_purged_floors":[],"is_endless":false,"potions_floor_spawned":[2,4,14,16,20,21],"killed_by":"Centurion and Healer","ascension_level":16}