{"gold_per_floor":[114,131,131,143,93,128,128,139,190,190,219,219,15,30,30,127,127,139,154,154,154,167,167,167,167,167,180,180,194,16,33,33,132,132,148,148,148],"floor_reached":37,"playtime":2247,"items_purged":["Decay"],"score":429,"play_id":"eaeabf4c-cb86-4e6f-8a56-cf806c0d0f08","local_time":"20181222202607","is_ascension_mode":false,"campfire_choices":[{"floor":7,"key":"REST"},{"data":"Creative AI","floor":15,"key":"SMITH"},{"data":"Loop","floor":23,"key":"SMITH"},{"floor":28,"key":"REST"},{"data":"Defragment","floor":32,"key":"SMITH"}],"neow_cost":"TEN_PERCENT_HP_LOSS","seed_source_timestamp":169858987328379,"circlet_count":0,"master_deck":["Strike_B","Defend_B","Defend_B","Defend_B","Zap","Dualcast","Machine Learning","Force Field","Storm","Streamline","Glacier","Compile Driver","Undo","Glacier","Storm","Streamline","Creative AI+1","Creative AI","Recycle+1","Shame","Loop+1","Multi-Cast","Loop+1","Heatsinks+1","Defragment+1","Go for the Eyes","Hologram","Amplify","Skim","Mayhem","Dark Shackles","Forethought"],"relics":["Cracked Core","Letter Opener","Dream Catcher","DataDisk","Runic Dome","Bag of Marbles","Dodecahedron","Symbiotic Virus","Sozu"],"potions_floor_usage":[11,16,19,29,33],"damage_taken":[{"damage":2,"enemies":"2 Louse","floor":1,"turns":2},{"damage":5,"enemies":"Small Slimes","floor":2,"turns":4},{"damage":0,"enemies":"Jaw Worm","floor":4,"turns":3},{"damage":38,"enemies":"Gremlin Nob","floor":6,"turns":6},{"damage":10,"enemies":"Looter","floor":8,"turns":3},{"damage":8,"enemies":"3 Sentries","floor":11,"turns":14},{"damage":0,"enemies":"Red Slaver","floor":14,"turns":3},{"damage":0,"enemies":"Hexaghost","floor":16,"turns":5},{"damage":1,"enemies":"Shell Parasite","floor":18,"turns":4},{"damage":7,"enemies":"2 Thieves","floor":19,"turns":3},{"damage":21,"enemies":"Centurion and Healer","floor":22,"turns":8},{"damage":10,"enemies":"Snake Plant","floor":27,"turns":4},{"damage":11,"enemies":"Shelled Parasite and Fungi","floor":29,"turns":3},{"damage":1,"enemies":"Sentry and Sphere","floor":31,"turns":5},{"damage":31,"enemies":"Collector","floor":33,"turns":5},{"damage":0,"enemies":"3 Darklings","floor":35,"turns":4},{"damage":64,"enemies":"2 Orb Walkers","floor":37,"turns":4}],"seed_played":"-7755729679519082295","potions_obtained":[{"floor":1,"key":"FearPotion"},{"floor":8,"key":"PowerPotion"},{"floor":11,"key":"PowerPotion"},{"floor":18,"key":"AttackPotion"},{"floor":22,"key":"PowerPotion"},{"floor":27,"key":"Explosive Potion"},{"floor":31,"key":"Dexterity Potion"}],"is_trial":false,"path_per_floor":["M","M","?","M","?","E","R","M","T","?","E","?","$","M","R","B",null,"M","M","?","?","M","R","?","T","T","M","R","M","$","M","R","B",null,"M","?","?"],"character_chosen":"DEFECT","items_purchased":["DataDisk","Streamline","Defragment","Go for the Eyes"],"campfire_rested":2,"item_purchase_floors":[13,13,30,30],"current_hp_per_floor":[66,61,61,61,61,23,43,33,33,30,22,22,22,22,22,22,68,67,60,60,60,39,39,39,39,39,29,49,38,38,37,37,6,68,68,58,0],"gold":148,"neow_bonus":"TRANSFORM_TWO_CARDS","is_prod":false,"is_daily":false,"chose_seed":false,"campfire_upgraded":3,"win_rate":0,"timestamp":1545528367,"path_taken":["M","M","?","M","?","E","R","M","T","?","E","?","?","M","R","BOSS","M","M","?","?","M","R","?","?","T","M","R","M","$","M","R","BOSS","M","?","?"],"build_version":"2018-12-20","purchased_purges":1,"victory":false,"max_hp_per_floor":[68,68,68,68,68,68,68,68,68,68,68,68,68,68,68,68,68,68,68,68,68,68,68,68,68,68,68,68,68,68,68,68,68,68,68,68,68],"card_choices":[{"not_picked":["Sweeping Beam","Barrage"],"picked":"Storm","floor":1},{"not_picked":["Steam","Coolheaded"],"picked":"Streamline","floor":2},{"not_picked":["Coolheaded","Leap"],"picked":"Compile Driver","floor":4},{"not_picked":["Sweeping Beam","Scrape"],"picked":"Undo","floor":6},{"not_picked":["Barrage","Reinforced Body"],"picked":"Glacier","floor":8},{"not_picked":["Auto Shields","Turbo"],"picked":"Storm","floor":11},{"not_picked":["Undo","Doom and Gloom"],"picked":"Creative AI","floor":14},{"not_picked":["Multi-Cast","Seek"],"picked":"Creative AI","floor":16},{"not_picked":["Skim","Barrage","Sweeping Beam"],"picked":"SKIP","floor":18},{"not_picked":["Skim","Barrage"],"picked":"Recycle+1","floor":19},{"not_picked":["Ball Lightning+1","Conserve Battery"],"picked":"Loop","floor":22},{"not_picked":["Sweeping Beam","Barrage"],"picked":"Multi-Cast","floor":27},{"not_picked":["Sunder","Stack"],"picked":"Loop+1","floor":28},{"not_picked":["Streamline","White Noise"],"picked":"Heatsinks+1","floor":29},{"not_picked":["Beam Cell+1","Blizzard+1"],"picked":"Hologram","floor":31},{"not_picked":["Thunder Strike","Rainbow"],"picked":"Amplify","floor":33},{"not_picked":["Fusion","Barrage+1"],"picked":"Skim","floor":35},{"not_picked":["Forethought","Panache"],"picked":"Mayhem","floor":36},{"not_picked":["Enlightenment","Purity"],"picked":"Dark Shackles","floor":36},{"not_picked":["Secret Technique","Jack Of All Trades"],"picked":"Forethought","floor":36}],"player_experience":378742,"relics_obtained":[{"floor":6,"key":"Letter Opener"},{"floor":11,"key":"Dream Catcher"},{"floor":25,"key":"Dodecahedron"},{"floor":26,"key":"Symbiotic Virus"}],"event_choices":[{"damage_healed":0,"gold_gain":0,"cards_transformed":["Defend_B"],"player_choice":"Change","damage_taken":0,"max_hp_gain":0,"max_hp_loss":0,"event_name":"Living Wall","floor":3,"gold_loss":0,"cards_obtained":["Glacier"]},{"cards_removed":["Strike_B"],"damage_healed":0,"gold_gain":0,"player_choice":"Card Removal","damage_taken":0,"max_hp_gain":0,"max_hp_loss":0,"event_name":"The Cleric","floor":5,"gold_loss":50},{"damage_healed":0,"gold_gain":0,"player_choice":"Fled","damage_taken":3,"max_hp_gain":0,"max_hp_loss":0,"event_name":"Scrap Ooze","floor":10,"gold_loss":0},{"damage_healed":0,"gold_gain":0,"player_choice":"Ignored","damage_taken":0,"max_hp_gain":0,"max_hp_loss":0,"event_name":"Shining Light","floor":12,"gold_loss":0},{"damage_healed":0,"gold_gain":0,"player_choice":"Stole Relic","damage_taken":0,"relics_obtained":["Bag of Marbles"],"max_hp_gain":0,"max_hp_loss":0,"event_name":"Addict","floor":20,"gold_loss":0,"cards_obtained":["Shame"]},{"damage_healed":0,"gold_gain":0,"player_choice":"Ignored","damage_taken":0,"max_hp_gain":0,"max_hp_loss":0,"event_name":"Vampires","floor":21,"gold_loss":0},{"damage_healed":0,"gold_gain":0,"player_choice":"Smashed Altar","damage_taken":0,"max_hp_gain":0,"max_hp_loss":0,"event_name":"Forgotten Altar","floor":24,"gold_loss":0,"cards_obtained":["Decay"]},{"damage_healed":0,"gold_gain":0,"player_choice":"Memory 3","damage_taken":10,"max_hp_gain":0,"max_hp_loss":0,"event_name":"SensoryStone","floor":36,"gold_loss":0},{"damage_healed":0,"gold_gain":0,"player_choice":"Fight","damage_taken":0,"max_hp_gain":0,"max_hp_loss":0,"event_name":"Mysterious Sphere","floor":37,"gold_loss":0}],"is_beta":false,"boss_relics":[{"not_picked":["Nuclear Battery","Coffee Dripper"],"picked":"Runic Dome"},{"not_picked":["Busted Crown","Eternal Feather"],"picked":"Sozu"}],"items_purged_floors":[30],"is_endless":false,"potions_floor_spawned":[1,8,11,18,22,27,31,35],"killed_by":"2 Orb Walkers","ascension_level":0}