{"gold_per_floor":[119,12,30,45,63,88,88,113,170,180,34,65,89,89,89,193,193,212,224,238,46,46,73,93,107,107,107,107,117,146,146,146,242,242,253,253,178,192,6,6,33,44,44,78,78,104,134,151,151,151],"floor_reached":51,"playtime":11866,"items_purged":["Regret"],"score":895,"play_id":"987d8a7d-3fbf-4716-8ecc-be4f79d0d1ff","local_time":"20190210205023","is_ascension_mode":false,"campfire_choices":[{"data":"Unload","floor":7.0,"key":"SMITH"},{"data":"Envenom","floor":15.0,"key":"SMITH"},{"floor":28.0,"key":"REST"},{"data":"Apotheosis","floor":32.0,"key":"SMITH"},{"data":"Mayhem","floor":40,"key":"SMITH"},{"floor":45,"key":"REST"},{"floor":49,"key":"REST"}],"neow_cost":"TEN_PERCENT_HP_LOSS","seed_source_timestamp":0,"circlet_count":0,"master_deck":["Defend_G","Defend_G","Defend_G+1","Defend_G","Defend_G","Strike_G","Strike_G","Strike_G+1","Survivor","Neutralize","Footwork","Leg Sweep","Flying Knee","Noxious Fumes","Riddle With Holes+1","Well Laid Plans","Predator","Crippling Poison","Unload+1","Dodge and Roll","Slice","Envenom+1","Malaise","Tactician","Infinite Blades","Cloak And Dagger+1","Apotheosis+1","Dodge and Roll+1","Backflip","Prepared+1","Writhe","Doubt","PiercingWail","All Out Attack","Doubt","After Image","Infinite Blades+1","Crippling Poison","Mayhem+1","Backflip","Cloak And Dagger+1","Regret","Backflip","Dodge and Roll+1","Pain"],"special_seed":0,"relics":["Ring of the Serpent","Bag of Preparation","Dream Catcher","Tiny Chest","Whetstone","Happy Flower","Boot","Regal Pillow","Cursed Key","MutagenicStrength","Vajra","Ice Cream","Bottled Tornado","War Paint","Art of War","Singing Bowl","Lantern","Smiling Mask","Bag of Marbles"],"potions_floor_usage":[44,44,47,50],"damage_taken":[{"damage":0.0,"enemies":"Cultist","floor":1.0,"turns":5.0},{"damage":1.0,"enemies":"Jaw Worm","floor":3.0,"turns":5.0},{"damage":0.0,"enemies":"Small Slimes","floor":4.0,"turns":3.0},{"damage":0.0,"enemies":"2 Fungi Beasts","floor":5.0,"turns":3.0},{"damage":6.0,"enemies":"3 Sentries","floor":6.0,"turns":8.0},{"damage":3.0,"enemies":"Lagavulin","floor":8.0,"turns":7.0},{"damage":12.0,"enemies":"Blue Slaver","floor":10.0,"turns":4.0},{"damage":13.0,"enemies":"3 Sentries","floor":12.0,"turns":8.0},{"damage":6.0,"enemies":"Slime Boss","floor":16.0,"turns":7.0},{"damage":10.0,"enemies":"Shell Parasite","floor":18.0,"turns":6.0},{"damage":6.0,"enemies":"2 Thieves","floor":19.0,"turns":5.0},{"damage":6.0,"enemies":"Cultist and Chosen","floor":20.0,"turns":6.0},{"damage":14.0,"enemies":"Gremlin Leader","floor":23.0,"turns":7.0},{"damage":9.0,"enemies":"Shelled Parasite and Fungi","floor":24.0,"turns":6.0},{"damage":0.0,"enemies":"Centurion and Healer","floor":25.0,"turns":7.0},{"damage":13.0,"enemies":"Cultist and Chosen","floor":29.0,"turns":7.0},{"damage":9.0,"enemies":"Book of Stabbing","floor":30.0,"turns":7.0},{"damage":6.0,"enemies":"Champ","floor":33.0,"turns":17.0},{"damage":13.0,"enemies":"3 Darklings","floor":35.0,"turns":5.0},{"damage":0,"enemies":"3 Shapes","floor":38,"turns":6},{"damage":0,"enemies":"Giant Head","floor":41,"turns":12},{"damage":8,"enemies":"Writhing Mass","floor":42,"turns":7},{"damage":19,"enemies":"Reptomancer","floor":44,"turns":7},{"damage":45,"enemies":"Nemesis","floor":47,"turns":9},{"damage":4,"enemies":"3 Darklings","floor":48,"turns":7},{"damage":21,"enemies":"Time Eater","floor":50,"turns":12}],"seed_played":"1253014758863257009","potions_obtained":[{"floor":3.0,"key":"Weak Potion"},{"floor":5.0,"key":"Poison Potion"},{"floor":12.0,"key":"Energy Potion"},{"floor":19.0,"key":"SpeedPotion"},{"floor":23.0,"key":"SpeedPotion"},{"floor":44,"key":"Swift Potion"}],"is_trial":false,"path_per_floor":["M","$","M","M","M","E","R","E","T","M","$","E","T","?","R","B",null,"M","M","M","$","?","E","M","M","T","T","R","M","E","T","R","B",null,"M","?","$","M","$","R","E","M","T","E","R","T","E","M","R","B",null],"character_chosen":"THE_SILENT","items_purchased":["Noxious Fumes","Riddle With Holes","Whetstone","Apotheosis","Mayhem"],"campfire_rested":3,"item_purchase_floors":[2,2,11,21,39],"current_hp_per_floor":[63,63,62,62,62,56,56,53,53,41,41,28,28,28,28,22,63,53,47,41,41,41,27,18,18,18,18,51,38,29,29,29,23,63,50,50,50,50,50,50,50,42,42,23,56,56,13,11,48,27],"gold":151,"neow_bonus":"TRANSFORM_TWO_CARDS","is_prod":false,"is_daily":false,"chose_seed":false,"campfire_upgraded":4,"win_rate":0,"timestamp":1549849823,"path_taken":["M","$","?","M","M","E","R","E","T","M","$","E","?","?","R","BOSS","M","M","M","$","?","E","M","M","T","?","R","M","E","?","R","BOSS","M","?","$","M","$","R","E","M","T","E","R","?","E","M","R","BOSS"],"build_version":"2019-01-23","purchased_purges":1,"victory":true,"max_hp_per_floor":[63,63,63,63,63,63,63,63,63,63,63,63,63,63,63,63,63,63,63,63,63,63,63,63,63,63,63,63,63,63,63,63,63,63,63,63,63,63,63,63,63,63,63,63,63,63,65,67,69,69],"card_choices":[{"not_picked":["Underhanded Strike","Outmaneuver"],"picked":"Flying Knee","floor":1.0},{"not_picked":["Sucker Punch","Prepared"],"picked":"Well Laid Plans","floor":3.0},{"not_picked":["Cloak And Dagger","Blade Dance"],"picked":"Predator","floor":4.0},{"not_picked":["Quick Slash","Underhanded Strike"],"picked":"Crippling Poison","floor":5.0},{"not_picked":["Predator","Flechettes"],"picked":"Unload","floor":6.0},{"not_picked":["Concentrate","Bane"],"picked":"Dodge and Roll","floor":8.0},{"not_picked":["Acrobatics","Backflip"],"picked":"Slice","floor":10.0},{"not_picked":["Quick Slash","Dagger Throw"],"picked":"Envenom","floor":12.0},{"not_picked":["Tools of the Trade","Storm of Steel"],"picked":"Malaise","floor":16.0},{"not_picked":["Prepared","Predator"],"picked":"Tactician","floor":18.0},{"not_picked":["Predator","Poisoned Stab+1"],"picked":"Infinite Blades","floor":19.0},{"not_picked":["Accuracy","Outmaneuver"],"picked":"Cloak And Dagger","floor":20.0},{"not_picked":["Underhanded Strike+1","Finisher+1"],"picked":"Dodge and Roll+1","floor":23.0},{"not_picked":["Sucker Punch","Bouncing Flask"],"picked":"Backflip","floor":24.0},{"not_picked":["Backstab","Choke+1"],"picked":"Prepared+1","floor":25.0},{"not_picked":["Accuracy","Dagger Throw"],"picked":"PiercingWail","floor":28.0},{"not_picked":["Sucker Punch","Bouncing Flask"],"picked":"All Out Attack","floor":29.0},{"not_picked":["Masterful Stab","Deadly Poison+1","Finisher"],"picked":"SKIP","floor":30.0},{"not_picked":["Corpse Explosion","Unload"],"picked":"After Image","floor":33.0},{"not_picked":["Eviscerate+1","Distraction+1"],"picked":"Infinite Blades+1","floor":35.0},{"not_picked":["Concentrate","Cloak And Dagger+1"],"picked":"Crippling Poison","floor":38},{"not_picked":["Phantasmal Killer","Dagger Spray+1"],"picked":"Backflip","floor":41},{"not_picked":["Dagger Spray+1","Poisoned Stab+1"],"picked":"Cloak And Dagger+1","floor":42},{"not_picked":["Dagger Spray+1","Bouncing Flask+1"],"picked":"Backflip","floor":44},{"not_picked":["Acrobatics+1","Deadly Poison+1"],"picked":"Dodge and Roll+1","floor":45},{"not_picked":["Tools of the Trade","Deadly Poison","Endless Agony"],"picked":"Singing Bowl","floor":47},{"not_picked":["Acrobatics","Masterful Stab+1","Backflip"],"picked":"Singing Bowl","floor":48},{"not_picked":["Backflip","Sucker Punch+1","Slice"],"picked":"Singing Bowl","floor":49}],"player_experience":406692,"relics_obtained":[{"floor":6.0,"key":"Bag of Preparation"},{"floor":8.0,"key":"Dream Catcher"},{"floor":9.0,"key":"Tiny Chest"},{"floor":12.0,"key":"Happy Flower"},{"floor":13.0,"key":"Boot"},{"floor":23.0,"key":"Vajra"},{"floor":26.0,"key":"Ice Cream"},{"floor":27.0,"key":"Bottled Tornado"},{"floor":30.0,"key":"War Paint"},{"floor":41,"key":"Art of War"},{"floor":43,"key":"Singing Bowl"},{"floor":44,"key":"Lantern"},{"floor":46,"key":"Smiling Mask"},{"floor":47,"key":"Bag of Marbles"}],"event_choices":[{"damage_healed":0.0,"max_hp_gain":0.0,"max_hp_loss":0.0,"gold_gain":0.0,"event_name":"Big Fish","player_choice":"Box","floor":14.0,"gold_loss":0.0,"damage_taken":0.0,"relics_obtained":["Regal Pillow"],"cards_obtained":["Regret"]},{"damage_healed":0.0,"max_hp_gain":0.0,"max_hp_loss":0.0,"gold_gain":0.0,"event_name":"Drug Dealer","player_choice":"Inject Mutagens","floor":22.0,"gold_loss":0.0,"damage_taken":0.0,"relics_obtained":["MutagenicStrength"]},{"damage_healed":0,"gold_gain":0,"player_choice":"Ignored","damage_taken":0,"max_hp_gain":0,"max_hp_loss":0,"event_name":"Mysterious Sphere","floor":36,"gold_loss":0}],"is_beta":false,"boss_relics":[{"not_picked":["WristBlade","Empty Cage"],"picked":"Cursed Key"},{"not_picked":["Eternal Feather","Pandora\u0027s Box"],"picked":"Ring of the Serpent"}],"items_purged_floors":[37],"is_endless":false,"potions_floor_spawned":[3,5,12,19,23,24,25,41,42,44],"ascension_level":0}