{"path_per_floor":["M","?","$","?","?","R","E","M","T","E","?","M","M","M","R","B",null,"M","$","M","?","$","R","$","E","T","?","M"],"character_chosen":"DEFECT","items_purchased":["Thunder Strike+1","Self Repair","Thunder Strike+1","Hello World","Gash+1"],"gold_per_floor":[118,118,43,218,218,218,246,263,263,289,289,304,323,341,341,472,472,485,276,289,289,86,86,62,100,151,151,165,165],"floor_reached":29,"campfire_rested":1,"playtime":1501,"item_purchase_floors":[19,19,22,22,24],"current_hp_per_floor":[69,69,69,69,69,69,43,40,40,18,18,18,15,4,26,18,75,62,62,54,54,54,54,54,32,32,32,22,22],"items_purged":["Regret"],"gold":165,"score":264,"play_id":"ba64cc53-b7b5-426a-87b1-b5a89cea9ee0","local_time":"20180602193019","is_prod":false,"is_daily":false,"chose_seed":false,"is_ascension_mode":true,"campfire_upgraded":2,"win_rate":0.0,"timestamp":1527982219,"campfire_choices":[{"data":"Streamline","floor":6,"key":"SMITH"},{"floor":15,"key":"REST"},{"data":"Glacier","floor":23,"key":"SMITH"}],"path_taken":["M","?","$","?","?","R","E","M","T","E","?","M","?","M","R","BOSS","M","$","M","?","$","R","?","E","T","?","M","M"],"build_version":"2018-05-31","seed_source_timestamp":1186598099750117,"purchased_purges":1,"victory":false,"master_deck":["Strike_B+1","Defend_B","Defend_B","Defend_B","Defend_B","Zap","Dualcast","Streamline+1","Creative AI+1","Gash+1","Cold Snap+1","Static Discharge","Conserve Battery","Leap","Electrodynamics","Skim+1","Scrape+1","Force Field+1","Gash+1","Thunder Strike+1","Self Repair","Glacier+1","Thunder Strike+1","Hello World","Gash+1","Static Discharge+1","Force Field+1"],"max_hp_per_floor":[75,75,75,75,75,75,75,75,75,75,75,75,75,75,75,75,75,75,75,75,75,75,75,75,75,75,75,75,75],"relics":["Cracked Core","Art of War","Mummified Hand","Molten Egg 2","Bag of Preparation","Golden Idol","Astrolabe","Frozen Egg 2","Whetstone"],"card_choices":[{"not_picked":["Hologram","Beam Cell"],"picked":"Streamline","floor":1},{"not_picked":["Redo","FTL"],"picked":"Creative AI","floor":7},{"not_picked":["Steam","Hologram"],"picked":"Gash","floor":8},{"not_picked":["Double Energy","Lockon+1"],"picked":"Cold Snap+1","floor":10},{"not_picked":["Rip and Tear+1","Barrage+1"],"picked":"Static Discharge","floor":12},{"not_picked":["Compile Driver+1","Steam"],"picked":"Conserve Battery","floor":13},{"not_picked":["Static Discharge","Ball Lightning+1"],"picked":"Leap","floor":14},{"not_picked":["Seek","Multi-Cast"],"picked":"Electrodynamics","floor":16},{"not_picked":["Tempest","Streamline+1"],"picked":"Gash+1","floor":18},{"not_picked":["Coolheaded","White Noise"],"picked":"Glacier","floor":20},{"not_picked":["Skim","Beam Cell+1"],"picked":"Static Discharge","floor":25},{"not_picked":["Doom and Gloom+1","Rip and Tear+1"],"picked":"Force Field+1","floor":28}],"player_experience":193092,"potions_floor_usage":[10,16,20],"damage_taken":[{"damage":6,"enemies":"2 Louse","floor":1,"turns":3},{"damage":26,"enemies":"Gremlin Nob","floor":7,"turns":4},{"damage":3,"enemies":"Small Slimes","floor":8,"turns":3},{"damage":22,"enemies":"3 Sentries","floor":10,"turns":6},{"damage":0,"enemies":"Cultist","floor":12,"turns":2},{"damage":3,"enemies":"Large Slime","floor":13,"turns":6},{"damage":11,"enemies":"Exordium Thugs","floor":14,"turns":5},{"damage":8,"enemies":"Slime Boss","floor":16,"turns":7},{"damage":13,"enemies":"3 Byrds","floor":18,"turns":2},{"damage":15,"enemies":"2 Thieves","floor":20,"turns":2},{"damage":29,"enemies":"Book of Stabbing","floor":25,"turns":6},{"damage":17,"enemies":"Centurion and Healer","floor":28,"turns":7},{"damage":0,"enemies":"Snake Plant","floor":29,"turns":1}],"relics_obtained":[{"floor":7,"key":"Mummified Hand"},{"floor":9,"key":"Molten Egg 2"},{"floor":10,"key":"Bag of Preparation"},{"floor":25,"key":"Frozen Egg 2"},{"floor":26,"key":"Whetstone"}],"event_choices":[{"event_name":"Big Fish","player_choice":"Box","floor":2,"damage_taken":0},{"event_name":"Liars Game","player_choice":"agreed","floor":4,"damage_taken":0},{"event_name":"Living Wall","player_choice":"Forget","floor":5,"damage_taken":0},{"event_name":"Golden Idol","player_choice":"Take Wound","floor":11,"damage_taken":0},{"event_name":"Back to Basics","player_choice":"Elegance","floor":21,"damage_taken":0},{"event_name":"Upgrade Shrine","player_choice":"Upgraded","floor":27,"damage_taken":0}],"boss_relics":[{"not_picked":["Nuclear Battery","Velvet Choker"],"picked":"Astrolabe"}],"items_purged_floors":[3],"potions_floor_spawned":[7,8,12,16,18],"seed_played":"-8762052590308598659","killed_by":"Snake Plant","ascension_level":1,"potions_obtained":[{"floor":7,"key":"SneckoOil"},{"floor":8,"key":"GamblersBrew"},{"floor":12,"key":"EssenceOfSteel"},{"floor":16,"key":"EntropicBrew"},{"floor":18,"key":"SkillPotion"}],"is_trial":false}