{"gold_per_floor":[111,128,142,142,156,191,201,201,201,201,218,237,412,412,412,511,511,522,534,552,42,57,57,67,67,67,67],"floor_reached":27,"playtime":1776,"items_purged":[],"score":274,"play_id":"dbe93ec4-370e-45c1-a1a1-b54ee56d98da","local_time":"20180716204629","is_ascension_mode":true,"campfire_choices":[{"floor":8,"key":"REST"},{"floor":15,"key":"REST"},{"floor":23,"key":"REST"},{"floor":25,"key":"REST"}],"neow_cost":"NONE","seed_source_timestamp":504595634321575,"circlet_count":0,"master_deck":["Strike_B","Strike_B","Strike_B","Defend_B","Defend_B","Defend_B","Zap","Dualcast","Fission","Leap","Cold Snap","Hologram","Leap","Defragment","Ball Lightning","Capacitor","Reinforced Body","Doubt","Creative AI","Chaos+1","Go for the Eyes","Cold Snap","Storm","BootSequence","Go for the Eyes","Good Instincts","Barrage","Stack","Injury"],"relics":["Cracked Core","Blue Candle","Bag of Marbles","Mummified Hand","Cursed Key","Oddly Smooth Stone","Regal Pillow"],"potions_floor_usage":[16,16,22,24],"damage_taken":[{"damage":5,"enemies":"Small Slimes","floor":1,"turns":3},{"damage":4,"enemies":"2 Louse","floor":2,"turns":3},{"damage":2,"enemies":"Jaw Worm","floor":3,"turns":3},{"damage":4,"enemies":"2 Fungi Beasts","floor":5,"turns":3},{"damage":34,"enemies":"3 Sentries","floor":6,"turns":10},{"damage":23,"enemies":"3 Louse","floor":7,"turns":3},{"damage":5,"enemies":"Red Slaver","floor":11,"turns":3},{"damage":9,"enemies":"Looter","floor":12,"turns":3},{"damage":18,"enemies":"Slime Boss","floor":16,"turns":8},{"damage":25,"enemies":"Spheric Guardian","floor":18,"turns":6},{"damage":5,"enemies":"3 Byrds","floor":19,"turns":7},{"damage":21,"enemies":"Snecko","floor":20,"turns":8},{"damage":17,"enemies":"Centurion and Healer","floor":22,"turns":7},{"damage":0,"enemies":"3 Cultists","floor":24,"turns":4},{"damage":0,"enemies":"Gremlin Leader","floor":27,"turns":2}],"seed_played":"-7052122675687140660","potions_obtained":[{"floor":1,"key":"Ancient Potion"},{"floor":5,"key":"FairyPotion"},{"floor":11,"key":"PowerPotion"},{"floor":12,"key":"Poison Potion"},{"floor":22,"key":"GamblersBrew"}],"is_trial":false,"path_per_floor":["M","M","M","?","M","E","M","R","T","?","M","M","?","T","R","B",null,"M","M","M","$","M","R","M","R","T"],"character_chosen":"DEFECT","items_purchased":["Regen Potion","Oddly Smooth Stone","Storm","BootSequence","Go for the Eyes","Good Instincts"],"campfire_rested":4,"item_purchase_floors":[21,21,21,21,21,21],"current_hp_per_floor":[70,66,64,57,53,19,7,29,29,29,24,15,15,15,37,19,61,36,31,10,10,8,30,30,52,52,52],"gold":67,"neow_bonus":"ONE_RANDOM_RARE_CARD","is_prod":false,"is_daily":false,"chose_seed":false,"campfire_upgraded":0,"win_rate":0,"timestamp":1531788389,"path_taken":["M","M","M","?","M","E","M","R","T","?","M","M","?","?","R","BOSS","M","M","M","$","M","R","M","R","T","E"],"build_version":"2018-07-12","purchased_purges":0,"victory":false,"max_hp_per_floor":[75,75,75,75,75,75,75,75,75,75,75,75,75,75,75,75,75,75,75,75,75,75,75,75,75,75,75],"card_choices":[{"not_picked":["Streamline","Barrage"],"picked":"Leap","floor":1},{"not_picked":["Ball Lightning","Doom and Gloom"],"picked":"Cold Snap","floor":2},{"not_picked":["Compile Driver","Aggregate"],"picked":"Hologram","floor":3},{"not_picked":["Gash","Steam"],"picked":"Leap","floor":5},{"not_picked":["Force Field","Undo"],"picked":"Defragment","floor":6},{"not_picked":["Hologram","Rebound"],"picked":"Ball Lightning","floor":7},{"not_picked":["Hologram","Lockon"],"picked":"Capacitor","floor":11},{"not_picked":["Hologram","Steam"],"picked":"Reinforced Body","floor":12},{"not_picked":["Seek","Multi-Cast"],"picked":"Creative AI","floor":16},{"not_picked":["Turbo","Reinforced Body"],"picked":"Chaos+1","floor":18},{"not_picked":["Rip and Tear","Recycle+1"],"picked":"Go for the Eyes","floor":19},{"not_picked":["Hologram","Steam"],"picked":"Cold Snap","floor":20},{"not_picked":["Recycle+1","Streamline"],"picked":"Barrage","floor":22},{"not_picked":["Ball Lightning","Scrape"],"picked":"Stack","floor":24}],"player_experience":225926,"relics_obtained":[{"floor":6,"key":"Blue Candle"},{"floor":9,"key":"Bag of Marbles"},{"floor":14,"key":"Mummified Hand"},{"floor":26,"key":"Regal Pillow"}],"event_choices":[{"event_name":"Golden Wing","player_choice":"Card Removal","floor":4,"damage_taken":0},{"event_name":"Purifier","player_choice":"One Purge","floor":10,"damage_taken":0},{"event_name":"Liars Game","player_choice":"agreed","floor":13,"damage_taken":0}],"boss_relics":[{"not_picked":["Runic Dome","Ectoplasm"],"picked":"Cursed Key"}],"items_purged_floors":[],"is_endless":false,"potions_floor_spawned":[1,5,11,12,22],"killed_by":"Gremlin Leader","ascension_level":5}