{"gold_per_floor":[111,130,146,70,84,84,100,100,100,117,117,150,325,325,325,325],"floor_reached":16,"playtime":550,"items_purged":[],"score":107,"play_id":"a0b89757-3e31-400e-9bf9-5f3b29b1524b","local_time":"20190815233749","is_ascension_mode":true,"campfire_choices":[{"floor":6,"key":"REST"},{"data":"Rupture","floor":8,"key":"SMITH"},{"data":"Whirlwind","floor":11,"key":"SMITH"},{"floor":15,"key":"REST"}],"neow_cost":"CURSE","seed_source_timestamp":40136433884300,"circlet_count":0,"master_deck":["Strike_R","Strike_R","Strike_R","Strike_R","Strike_R","Defend_R","Defend_R","Defend_R","Defend_R","Bash","Pain","Anger","Rupture+1","Bloodletting","Blood for Blood","Whirlwind+1","Cleave","Heavy Blade","Doubt"],"relics":["Burning Blood","Nunchaku","Peace Pipe"],"potions_floor_usage":[16,16],"damage_taken":[{"damage":18,"enemies":"2 Louse","floor":1,"turns":3},{"damage":11,"enemies":"Jaw Worm","floor":2,"turns":4},{"damage":8,"enemies":"Small Slimes","floor":3,"turns":3},{"damage":31,"enemies":"Exordium Thugs","floor":5,"turns":4},{"damage":18,"enemies":"2 Fungi Beasts","floor":7,"turns":4},{"damage":19,"enemies":"Exordium Wildlife","floor":10,"turns":3},{"damage":32,"enemies":"Gremlin Nob","floor":12,"turns":4},{"damage":42,"enemies":"Slime Boss","floor":16,"turns":6}],"seed_played":"-5619097851175362074","potions_obtained":[{"floor":2,"key":"EssenceOfSteel"},{"floor":3,"key":"LiquidBronze"},{"floor":7,"key":"GamblersBrew"},{"floor":10,"key":"PowerPotion"}],"is_trial":false,"path_per_floor":["M","M","M","$","M","R","M","R","T","M","R","E","?","?","R","B"],"character_chosen":"IRONCLAD","items_purchased":["Blood for Blood"],"campfire_rested":2,"item_purchase_floors":[4],"current_hp_per_floor":[68,63,61,61,36,60,48,48,48,35,35,9,9,14,39,0],"gold":325,"neow_bonus":"ONE_RARE_RELIC","is_prod":false,"is_daily":false,"chose_seed":false,"campfire_upgraded":2,"win_rate":0,"timestamp":1565905069,"path_taken":["M","M","M","$","M","R","M","R","T","M","R","E","?","?","R","BOSS"],"build_version":"2019-07-17","purchased_purges":0,"victory":false,"max_hp_per_floor":[80,80,80,80,80,80,80,80,80,80,80,80,80,85,85,85],"card_choices":[{"not_picked":["Pommel Strike","Armaments"],"picked":"Anger","floor":1},{"not_picked":["Thunderclap","Pommel Strike"],"picked":"Rupture","floor":2},{"not_picked":["Rupture","Rage"],"picked":"Bloodletting","floor":3},{"not_picked":["Perfected Strike","Second Wind"],"picked":"Whirlwind","floor":5},{"not_picked":["Iron Wave","Flame Barrier"],"picked":"Cleave","floor":7},{"not_picked":["Twin Strike","Clash","Reckless Charge"],"picked":"SKIP","floor":10},{"not_picked":["Headbutt","Thunderclap"],"picked":"Heavy Blade","floor":12}],"player_experience":113203,"relics_obtained":[{"floor":12,"key":"Peace Pipe"}],"event_choices":[{"damage_healed":0,"gold_gain":175,"player_choice":"AGREE","damage_taken":0,"max_hp_gain":0,"max_hp_loss":0,"event_name":"Liars Game","floor":13,"gold_loss":0,"cards_obtained":["Doubt"]},{"damage_healed":0,"gold_gain":0,"player_choice":"Donut","damage_taken":0,"max_hp_gain":5,"max_hp_loss":0,"event_name":"Big Fish","floor":14,"gold_loss":0}],"is_beta":false,"boss_relics":[],"items_purged_floors":[],"is_endless":false,"potions_floor_spawned":[2,3,7,10],"killed_by":"Slime Boss","ascension_level":1}