{"gold_per_floor":[368,385,399,33,33,33,62,62,62,22,22,47,47,47,47,147,147,161,151,151,151,168,168,168],"floor_reached":24,"playtime":841,"items_purged":["Defend_B"],"score":250,"play_id":"aacde9e1-1949-4bc2-86ca-bef966cb5a5f","local_time":"20190504232309","is_ascension_mode":true,"campfire_choices":[{"data":"Coolheaded","floor":6,"key":"SMITH"},{"data":"Go for the Eyes","floor":8,"key":"SMITH"},{"data":"Leap","floor":15,"key":"SMITH"},{"data":"Self Repair","floor":23,"key":"SMITH"}],"neow_cost":"PERCENT_DAMAGE","seed_source_timestamp":32528392987700,"circlet_count":0,"master_deck":["Strike_B","Strike_B","Strike_B","Strike_B","Defend_B","Defend_B","Defend_B","Zap+1","Dualcast","Leap+1","Go for the Eyes+1","Coolheaded+1","Sunder","Loop+1","Buffer","Self Repair+1","Hologram+1","FTL"],"relics":["Cracked Core","Pantograph","Dream Catcher","Pear","Question Card","Cables","Philosopher\u0027s Stone"],"potions_floor_usage":[7],"damage_taken":[{"damage":1,"enemies":"Cultist","floor":1,"turns":4},{"damage":7,"enemies":"Small Slimes","floor":2,"turns":3},{"damage":0,"enemies":"2 Louse","floor":3,"turns":3},{"damage":0,"enemies":"3 Sentries","floor":7,"turns":2},{"damage":22,"enemies":"Gremlin Nob","floor":12,"turns":4},{"damage":13,"enemies":"Hexaghost","floor":16,"turns":13},{"damage":41,"enemies":"3 Byrds","floor":18,"turns":7},{"damage":26,"enemies":"2 Thieves","floor":19,"turns":4},{"damage":3,"enemies":"Snecko","floor":22,"turns":5},{"damage":55,"enemies":"Gremlin Leader","floor":24,"turns":9}],"seed_played":"5903289235753853309","potions_obtained":[{"floor":1,"key":"PowerPotion"},{"floor":7,"key":"Dexterity Potion"},{"floor":22,"key":"Dexterity Potion"}],"is_trial":false,"path_per_floor":["M","M","M","$","?","R","E","R","T","$","?","E","?","$","R","B",null,"M","M","?","?","M","R","E"],"character_chosen":"DEFECT","items_purchased":["Coolheaded","Pantograph","Sunder"],"campfire_rested":0,"item_purchase_floors":[4,4,10],"current_hp_per_floor":[53,46,46,46,46,46,46,46,56,56,44,22,22,22,22,34,85,44,25,53,53,50,50,0],"gold":168,"neow_bonus":"TWO_FIFTY_GOLD","is_prod":false,"is_daily":false,"chose_seed":false,"campfire_upgraded":4,"win_rate":0,"timestamp":1557008589,"path_taken":["M","?","M","$","?","R","E","R","T","?","?","E","?","?","R","BOSS","M","M","?","?","?","R","E"],"build_version":"2019-01-23","purchased_purges":1,"victory":false,"max_hp_per_floor":[75,75,75,75,75,75,75,75,85,85,85,85,85,85,85,85,85,85,85,85,85,85,85,85],"card_choices":[{"not_picked":["Streamline","Barrage"],"picked":"Leap","floor":1},{"not_picked":["Stack","Double Energy","Turbo"],"picked":"SKIP","floor":2},{"not_picked":["Steam","Stack"],"picked":"Go for the Eyes","floor":3},{"not_picked":["Compile Driver","Turbo","Go for the Eyes"],"picked":"SKIP","floor":7},{"not_picked":["Fusion","Reinforced Body","Streamline"],"picked":"Loop","floor":12},{"not_picked":["Amplify","Hyperbeam","Thunder Strike"],"picked":"Buffer","floor":16},{"not_picked":["Rebound+1","Compile Driver+1","Scrape+1"],"picked":"Self Repair","floor":18},{"not_picked":["Static Discharge","Streamline","Leap+1"],"picked":"Hologram","floor":19},{"not_picked":["Redo+1","Leap+1","Streamline"],"picked":"FTL","floor":22}],"player_experience":60002,"relics_obtained":[{"floor":7,"key":"Dream Catcher"},{"floor":9,"key":"Pear"},{"floor":12,"key":"Cables"}],"event_choices":[{"damage_healed":0,"gold_gain":0,"player_choice":"Upgraded","damage_taken":0,"max_hp_gain":0,"max_hp_loss":0,"event_name":"Upgrade Shrine","floor":5,"gold_loss":0,"cards_upgraded":["Zap"]},{"damage_healed":0,"gold_gain":0,"player_choice":"Success","damage_taken":12,"relics_obtained":["Question Card"],"max_hp_gain":0,"max_hp_loss":0,"event_name":"Scrap Ooze","floor":11,"gold_loss":0},{"damage_healed":0,"gold_gain":0,"player_choice":"Grow","damage_taken":0,"max_hp_gain":0,"max_hp_loss":0,"event_name":"Living Wall","floor":13,"gold_loss":0,"cards_upgraded":["Loop"]},{"damage_healed":28,"gold_gain":0,"player_choice":"Heal","damage_taken":0,"max_hp_gain":0,"max_hp_loss":0,"event_name":"The Library","floor":20,"gold_loss":0},{"damage_healed":0,"gold_gain":0,"player_choice":"Upgraded","damage_taken":0,"max_hp_gain":0,"max_hp_loss":0,"event_name":"Upgrade Shrine","floor":21,"gold_loss":0,"cards_upgraded":["Hologram"]}],"is_beta":false,"boss_relics":[{"not_picked":["Eternal Feather","Lizard Tail"],"picked":"Philosopher\u0027s Stone"}],"items_purged_floors":[4],"is_endless":false,"potions_floor_spawned":[1,7,22],"killed_by":"Gremlin Leader","ascension_level":2}