{"gold_per_floor":[113,128,145,157,169,169,200,200,200,200,230,230,245,245,245,346,346,362,277,287,386,17,17,17,49,49,49],"floor_reached":27,"playtime":1843,"items_purged":[],"score":289,"play_id":"e90580f2-804f-4373-9e1b-4435fcdadb7a","local_time":"20180815214327","is_ascension_mode":true,"campfire_choices":[{"data":"Storm of Steel","floor":6,"key":"SMITH"},{"data":"Predator","floor":8,"key":"SMITH"},{"data":"Blade Dance","floor":10,"key":"SMITH"},{"floor":15,"key":"REST"},{"floor":23,"key":"DIG"}],"neow_cost":"TEN_PERCENT_HP_LOSS","seed_source_timestamp":66747902348819,"circlet_count":0,"master_deck":["Defend_G","Defend_G","Defend_G","Defend_G","Defend_G","Strike_G+1","Strike_G","Strike_G","Strike_G","Survivor","Neutralize","Blade Dance+1","Accuracy","Escape Plan","Dodge and Roll","Cloak And Dagger","Outmaneuver","Predator+1","Storm of Steel+1","Escape Plan","Flying Knee+1","Dodge and Roll","Expertise","Dash","Predator","Leg Sweep","A Thousand Cuts","Accuracy","Blade Dance","Footwork","Accuracy","Bandage Up","Prepared"],"relics":["Ring of the Serpent","Prayer Wheel","Whetstone","Du-Vu Doll","Matryoshka","Shovel","Lee\u0027s Waffle","Bag of Preparation","Boot","Centennial Puzzle","Smiling Mask"],"potions_floor_usage":[16,18,25,25],"damage_taken":[{"damage":0,"enemies":"2 Louse","floor":1,"turns":3},{"damage":0,"enemies":"Jaw Worm","floor":2,"turns":5},{"damage":0,"enemies":"Small Slimes","floor":3,"turns":3},{"damage":5,"enemies":"Looter","floor":4,"turns":4},{"damage":12,"enemies":"Exordium Thugs","floor":5,"turns":4},{"damage":5,"enemies":"Gremlin Nob","floor":7,"turns":3},{"damage":10,"enemies":"3 Sentries","floor":11,"turns":8},{"damage":13,"enemies":"3 Louse","floor":13,"turns":3},{"damage":16,"enemies":"The Guardian","floor":16,"turns":14},{"damage":13,"enemies":"2 Thieves","floor":18,"turns":4},{"damage":4,"enemies":"Chosen","floor":20,"turns":7},{"damage":71,"enemies":"Slavers","floor":25,"turns":8},{"damage":0,"enemies":"Snecko","floor":27,"turns":2}],"seed_played":"3390448415966486879","potions_obtained":[{"floor":3,"key":"PowerPotion"},{"floor":4,"key":"EssenceOfSteel"},{"floor":13,"key":"AttackPotion"},{"floor":16,"key":"GamblersBrew"},{"floor":20,"key":"Fire Potion"}],"is_trial":false,"path_per_floor":["M","M","M","M","M","R","E","R","T","R","E","?","M","?","R","B",null,"M","?","M","?","$","R","$","E","T"],"character_chosen":"THE_SILENT","items_purchased":["Lee\u0027s Waffle","Accuracy","Bandage Up"],"campfire_rested":1,"item_purchase_floors":[22,22,22],"current_hp_per_floor":[63,63,63,58,46,46,41,41,41,41,31,31,18,18,36,20,63,50,50,46,46,70,70,70,3,3,3],"gold":49,"neow_bonus":"ONE_RARE_RELIC","is_prod":false,"is_daily":false,"chose_seed":false,"campfire_upgraded":3,"win_rate":0,"timestamp":1534383807,"path_taken":["M","M","M","M","M","R","E","R","T","R","E","?","M","?","R","BOSS","M","?","?","?","$","R","?","E","T","?"],"build_version":"2018-08-09","purchased_purges":0,"victory":false,"max_hp_per_floor":[63,63,63,63,63,63,63,63,63,63,63,63,63,63,63,63,63,63,63,63,63,70,70,70,70,70,70],"card_choices":[{"not_picked":["Deadly Poison","Catalyst"],"picked":"Blade Dance","floor":1},{"not_picked":["Poisoned Stab","Outmaneuver"],"picked":"Accuracy","floor":1},{"not_picked":["PiercingWail","Deflect"],"picked":"Escape Plan","floor":2},{"not_picked":["Underhanded Strike","Outmaneuver"],"picked":"Dodge and Roll","floor":2},{"not_picked":["Finisher","Eviscerate"],"picked":"Cloak And Dagger","floor":3},{"not_picked":["Bane","Heel Hook"],"picked":"Outmaneuver","floor":3},{"not_picked":["Skewer","Riddle With Holes"],"picked":"Predator","floor":4},{"not_picked":["Flying Knee","Underhanded Strike"],"picked":"Storm of Steel","floor":4},{"not_picked":["Deadly Poison","Choke"],"picked":"Escape Plan","floor":5},{"not_picked":["All Out Attack","PiercingWail"],"picked":"Flying Knee","floor":5},{"not_picked":["Acrobatics","Outmaneuver"],"picked":"Dodge and Roll","floor":7},{"not_picked":["Flying Knee","Quick Slash","Caltrops"],"picked":"SKIP","floor":11},{"not_picked":["Sucker Punch","Bouncing Flask"],"picked":"Dash","floor":13},{"not_picked":["Expertise","Dagger Throw"],"picked":"Predator","floor":13},{"not_picked":["Burst","Grand Finale"],"picked":"A Thousand Cuts","floor":16},{"not_picked":["Endless Agony+1","Crippling Poison"],"picked":"Accuracy","floor":18},{"not_picked":["Skewer","Underhanded Strike","Catalyst+1"],"picked":"SKIP","floor":18},{"not_picked":["Deadly Poison","Backflip"],"picked":"Blade Dance","floor":20},{"not_picked":["Slice","Backflip+1"],"picked":"Footwork","floor":20},{"not_picked":["Blade Dance","Caltrops+1"],"picked":"Prepared","floor":25}],"player_experience":258166,"relics_obtained":[{"floor":7,"key":"Whetstone"},{"floor":9,"key":"Du-Vu Doll"},{"floor":11,"key":"Matryoshka"},{"floor":23,"key":"Bag of Preparation"},{"floor":25,"key":"Boot"},{"floor":26,"key":"Centennial Puzzle"},{"floor":26,"key":"Smiling Mask"}],"event_choices":[{"event_name":"Living Wall","player_choice":"Change","floor":12,"damage_taken":0},{"event_name":"Match and Keep!","player_choice":"1 cards matched","floor":14,"damage_taken":0},{"event_name":"Addict","player_choice":"Obtained Relic","floor":19,"damage_taken":0},{"event_name":"Nest","player_choice":"Stole From Cult","floor":21,"damage_taken":0}],"is_beta":false,"boss_relics":[{"not_picked":["Snecko Eye","HoveringKite"],"picked":"Ring of the Serpent"}],"items_purged_floors":[],"is_endless":false,"potions_floor_spawned":[3,4,13,16,20],"killed_by":"Snecko","ascension_level":4}