{"gold_per_floor":[10,10,29,43,10,42,42,42,66,66,66,66,82,82,82,179,179,193,92,92,112,37,70,70,70,70,88,88,116,215,289,289,391,391,409,426,526,179,197,197,197,231,231,23,23,42,58,58,58,58],"floor_reached":51,"playtime":2135,"items_purged":["Strike_B"],"score":959,"play_id":"d1059e90-fb80-4dc7-8d59-b43631ff1062","local_time":"20190425130004","is_ascension_mode":false,"campfire_choices":[{"data":"Defragment","floor":7.0,"key":"SMITH"},{"data":"Zap","floor":10.0,"key":"SMITH"},{"data":"Steam","floor":15.0,"key":"SMITH"},{"data":"Capacitor","floor":25.0,"key":"SMITH"},{"data":"Buffer","floor":28.0,"key":"SMITH"},{"data":"Coolheaded","floor":32.0,"key":"SMITH"},{"data":"Buffer","floor":40,"key":"SMITH"},{"data":"Loop","floor":45,"key":"SMITH"},{"data":"Creative AI","floor":49,"key":"SMITH"}],"neow_cost":"NO_GOLD","seed_source_timestamp":1000823291577700,"circlet_count":0,"master_deck":["Strike_B+1","Defend_B","Defend_B","Defend_B","Zap+1","Dualcast","Electrodynamics","Glacier+1","BootSequence","Defragment+1","Steam+1","Loop+1","Buffer+1","Coolheaded+1","FTL","Heatsinks","Capacitor+1","All For One","Creative AI+1","Loop+1","Buffer+1"],"special_seed":0,"relics":["Cracked Core","Juzu Bracelet","Dead Branch","Ancient Tea Set","Philosopher\u0027s Stone","The Courier","Shuriken","Bottled Lightning","Matryoshka","Busted Crown","Ice Cream","OrangePellets","Ginger","Pen Nib","Anchor","Pear"],"potions_floor_usage":[50,50,50],"damage_taken":[{"damage":6.0,"enemies":"Jaw Worm","floor":1.0,"turns":4.0},{"damage":0.0,"enemies":"2 Louse","floor":3.0,"turns":1.0},{"damage":0.0,"enemies":"Small Slimes","floor":4.0,"turns":2.0},{"damage":0.0,"enemies":"Lagavulin","floor":6.0,"turns":8.0},{"damage":0.0,"enemies":"Exordium Wildlife","floor":13.0,"turns":2.0},{"damage":0.0,"enemies":"The Guardian","floor":16.0,"turns":12.0},{"damage":2.0,"enemies":"2 Thieves","floor":18.0,"turns":3.0},{"damage":0.0,"enemies":"Spheric Guardian","floor":21.0,"turns":6.0},{"damage":9.0,"enemies":"Slavers","floor":23.0,"turns":3.0},{"damage":6.0,"enemies":"Shelled Parasite and Fungi","floor":27.0,"turns":7.0},{"damage":0.0,"enemies":"Gremlin Leader","floor":29.0,"turns":7.0},{"damage":0.0,"enemies":"Collector","floor":33.0,"turns":10.0},{"damage":20.0,"enemies":"3 Darklings","floor":35.0,"turns":3.0},{"damage":0.0,"enemies":"Orb Walker","floor":36.0,"turns":4.0},{"damage":0,"enemies":"Mind Bloom Boss Battle","floor":37,"turns":7},{"damage":0,"enemies":"Maw","floor":39,"turns":8},{"damage":7,"enemies":"Nemesis","floor":42,"turns":8},{"damage":0,"enemies":"Sphere and 2 Shapes","floor":46,"turns":4},{"damage":0,"enemies":"Transient","floor":47,"turns":5},{"damage":0,"enemies":"Time Eater","floor":50,"turns":13}],"seed_played":"-2910848317163168524","potions_obtained":[{"floor":3.0,"key":"Dexterity Potion"},{"floor":4.0,"key":"Weak Potion"},{"floor":29.0,"key":"Fire Potion"},{"floor":37,"key":"Swift Potion"},{"floor":47,"key":"SkillPotion"}],"is_trial":false,"path_per_floor":["M","?","M","M","?","E","R","?","T","R","?","?","M","?","R","B",null,"M","$","?","M","?","E","?","R","T","M","R","E","?","T","R","B",null,"M","M","?","$","M","R","?","E","T","$","R","M","M","?","R","B",null],"character_chosen":"DEFECT","items_purchased":["Coolheaded","Loop","OrangePellets","Buffer","Pear"],"campfire_rested":0,"item_purchase_floors":[19,38,38,38,44],"current_hp_per_floor":[69,54,54,54,54,54,54,47,47,47,40,40,40,40,40,40,75,73,73,73,73,73,64,64,64,64,58,58,58,58,58,58,58,75,55,55,55,55,55,55,55,48,48,58,58,58,58,58,58,58],"gold":58,"neow_bonus":"THREE_RARE_CARDS","is_prod":false,"is_daily":false,"chose_seed":false,"campfire_upgraded":9,"win_rate":0.0,"timestamp":1556193604,"path_taken":["M","?","M","M","?","E","R","?","T","R","?","?","M","?","R","BOSS","M","$","?","M","?","E","?","R","T","M","R","E","?","?","R","BOSS","M","M","?","$","M","R","?","E","T","$","R","M","M","?","R","BOSS"],"build_version":"2019-01-23","purchased_purges":1,"victory":true,"max_hp_per_floor":[75,75,75,75,75,75,75,75,75,75,75,75,75,75,75,75,75,75,75,75,75,75,75,75,75,75,75,75,75,75,75,75,75,75,75,75,75,75,75,75,75,75,75,85,85,85,85,81,81,81],"card_choices":[{"not_picked":["Multi-Cast","Seek"],"picked":"Electrodynamics","floor":0.0},{"not_picked":["Redo","Streamline"],"picked":"Glacier","floor":1.0},{"not_picked":["Sweeping Beam","Glacier"],"picked":"BootSequence","floor":3.0},{"not_picked":["Coolheaded","Reprogram"],"picked":"Defragment","floor":4.0},{"not_picked":["Stack","Streamline"],"picked":"Steam","floor":6.0},{"not_picked":["Melter","Go for the Eyes"],"picked":"Loop","floor":13.0},{"not_picked":["Meteor Strike","Creative AI"],"picked":"Buffer","floor":16.0},{"not_picked":["Stack","Streamline"],"picked":"Scrape","floor":18.0},{"not_picked":["Turbo","Streamline"],"picked":"FTL","floor":21.0},{"not_picked":["Sweeping Beam","Compile Driver"],"picked":"Heatsinks","floor":23.0},{"not_picked":["Redo+1","Streamline+1","Beam Cell"],"picked":"SKIP","floor":27.0},{"not_picked":["Rip and Tear","Lockon+1"],"picked":"All For One","floor":29.0},{"not_picked":["Rainbow","Amplify"],"picked":"Creative AI","floor":33.0},{"not_picked":["Conserve Battery"],"picked":"SKIP","floor":35.0},{"not_picked":["Turbo+1"],"picked":"SKIP","floor":36.0},{"not_picked":["Streamline+1"],"picked":"SKIP","floor":39},{"not_picked":["Leap+1"],"picked":"SKIP","floor":42},{"not_picked":["Scrape"],"picked":"SKIP","floor":46},{"not_picked":["Leap+1"],"picked":"SKIP","floor":47}],"player_experience":50258,"relics_obtained":[{"floor":6.0,"key":"Juzu Bracelet"},{"floor":9.0,"key":"Ancient Tea Set"},{"floor":23.0,"key":"The Courier"},{"floor":26.0,"key":"Shuriken"},{"floor":29.0,"key":"Bottled Lightning"},{"floor":31.0,"key":"Matryoshka"},{"floor":37,"key":"Ice Cream"},{"floor":42,"key":"Ginger"},{"floor":43,"key":"Pen Nib"},{"floor":43,"key":"Anchor"}],"event_choices":[{"damage_healed":0.0,"max_hp_gain":0.0,"max_hp_loss":0.0,"gold_gain":0.0,"event_name":"Shining Light","player_choice":"Entered Light","floor":2.0,"gold_loss":0.0,"damage_taken":15.0,"cards_upgraded":["Glacier","Strike_B"]},{"damage_healed":0.0,"max_hp_gain":0.0,"max_hp_loss":0.0,"gold_gain":0.0,"event_name":"World of Goop","player_choice":"Left Gold","floor":5.0,"gold_loss":33.0,"damage_taken":0.0},{"damage_healed":0.0,"max_hp_gain":0.0,"max_hp_loss":0.0,"gold_gain":0.0,"event_name":"Scrap Ooze","player_choice":"Success","floor":8.0,"gold_loss":0.0,"damage_taken":7.0,"relics_obtained":["Dead Branch"]},{"cards_removed":["Strike_B"],"damage_healed":0.0,"max_hp_gain":0.0,"max_hp_loss":0.0,"gold_gain":0.0,"event_name":"Golden Wing","player_choice":"Card Removal","floor":11.0,"gold_loss":0.0,"damage_taken":7.0},{"damage_healed":0.0,"max_hp_gain":0.0,"max_hp_loss":0.0,"gold_gain":0.0,"event_name":"Dead Adventurer","player_choice":"Searched \u00271\u0027 times","floor":12.0,"gold_loss":0.0,"damage_taken":0.0},{"damage_healed":0.0,"max_hp_gain":0.0,"max_hp_loss":0.0,"gold_gain":0.0,"event_name":"Living Wall","player_choice":"Grow","floor":14.0,"gold_loss":0.0,"damage_taken":0.0,"cards_upgraded":["Loop"]},{"cards_removed":["Strike_B"],"damage_healed":0.0,"max_hp_gain":0.0,"max_hp_loss":0.0,"gold_gain":0.0,"event_name":"Back to Basics","player_choice":"Elegance","floor":20.0,"gold_loss":0.0,"damage_taken":0.0},{"cards_removed":["Defend_B"],"damage_healed":0.0,"max_hp_gain":0.0,"max_hp_loss":0.0,"gold_gain":0.0,"event_name":"Beggar","player_choice":"Gave Gold","floor":22.0,"gold_loss":75.0,"damage_taken":0.0},{"damage_healed":0.0,"max_hp_gain":0.0,"max_hp_loss":0.0,"gold_gain":0.0,"event_name":"The Library","player_choice":"Read","floor":24.0,"gold_loss":0.0,"damage_taken":0.0,"cards_obtained":["Capacitor"]},{"damage_healed":0.0,"max_hp_gain":0.0,"max_hp_loss":0.0,"gold_gain":99.0,"event_name":"Nest","player_choice":"Stole From Cult","floor":30.0,"gold_loss":0.0,"damage_taken":0.0},{"damage_healed":0,"gold_gain":0,"player_choice":"Fight","damage_taken":0,"max_hp_gain":0,"max_hp_loss":0,"event_name":"MindBloom","floor":37,"gold_loss":0},{"cards_removed":["Scrape"],"damage_healed":0,"gold_gain":0,"player_choice":"Removed Attack","damage_taken":0,"max_hp_gain":0,"max_hp_loss":0,"event_name":"Falling","floor":41,"gold_loss":0},{"damage_healed":0,"gold_gain":0,"player_choice":"Max HP","damage_taken":0,"max_hp_gain":0,"max_hp_loss":4,"event_name":"Winding Halls","floor":48,"gold_loss":0}],"is_beta":false,"boss_relics":[{"not_picked":["Snecko Eye","Orrery"],"picked":"Philosopher\u0027s Stone"},{"not_picked":["Empty Cage","Pandora\u0027s Box"],"picked":"Busted Crown"}],"items_purged_floors":[19],"is_endless":false,"potions_floor_spawned":[3,4,29,37,46,47],"ascension_level":0}