{"path_per_floor":["M","?","?","M","?","R","E","?","T","$","R","E","M","M","R","B",null,"M","$","$","?","M","?","R","M","T","E","R","$","?","M","R","B",null,"M","?","?","M","$","R","E","$","T"],"character_chosen":"THE_SILENT","items_purchased":["Sadistic Nature","Pen Nib","Regal Pillow","Caltrops","Well Laid Plans","Flying Knee","Dagger Spray"],"gold_per_floor":[115,365,365,376,551,551,579,579,579,6,6,41,55,73,73,174,174,188,88,17,17,35,35,35,50,50,79,79,79,79,91,91,190,190,205,205,259,278,9,9,38,38,64],"floor_reached":44,"campfire_rested":2,"playtime":3754,"current_hp_per_floor":[70,70,56,53,53,53,20,20,20,20,56,42,43,45,45,44,70,55,55,55,55,57,57,57,59,59,59,59,59,59,52,70,44,70,60,60,46,53,53,67,11,11,11],"items_purged":["Regret","Doubt","Regret"],"gold":64,"score":435,"play_id":"4593f633-aeaa-4dcf-8f01-8e418add5a4d","is_prod":false,"is_daily":false,"is_ascension_mode":false,"campfire_upgraded":5,"path_taken":["M","?","?","M","?","R","E","?","T","$","R","E","?","M","R","BOSS","M","?","$","?","?","?","R","M","T","E","R","$","?","?","R","BOSS","M","?","?","M","$","R","E","$","T","M"],"build_version":"2018-02-22-PROD2","purchased_purges":3,"victory":false,"master_deck":["Defend_G","Defend_G","Defend_G","Defend_G","Defend_G","Strike_G","Strike_G+1","Strike_G","Strike_G+1","Survivor+1","Neutralize","Dash+1","Sucker Punch+1","Prepared","Finisher","Sadistic Nature","Quick Slash","Blur","Quick Slash","Phantasmal Killer+1","Dash+1","Caltrops","Malaise+1","Outmaneuver+1","Terror+1","Caltrops+1","Bullet Time","Mind Blast","Quick Slash+1","Tactician","Backflip+1","Well Laid Plans+1","Poisoned Stab","Well Laid Plans","Flying Knee","Dagger Spray","Malaise+1","Parasite"],"max_hp_per_floor":[70,70,70,70,70,70,70,70,70,70,70,70,70,70,70,70,70,70,70,70,70,70,70,70,70,70,70,70,70,70,70,70,70,70,70,70,70,70,70,70,70,70,70],"relics":["Lizard Tail","Lantern","Bird Faced Urn","Pen Nib","Regal Pillow","Thread and Needle","Cursed Key","Unceasing Top","Happy Flower","Eternal Feather","Torii","Shuriken","Whetstone"],"card_choices":[{"not_picked":["Flying Knee","Bane"],"picked":"Dash"},{"not_picked":["Flying Knee","Riddle With Holes"],"picked":"Sucker Punch"},{"not_picked":["Crippling Poison","Poisoned Stab"],"picked":"Prepared"},{"not_picked":["Bane","Deflect"],"picked":"Quick Slash"},{"not_picked":["Dash","Cloak And Dagger"],"picked":"Blur"},{"not_picked":["Storm of Steel","Dodge and Roll"],"picked":"Quick Slash"},{"not_picked":["Venomology","Storm of Steel"],"picked":"Phantasmal Killer"},{"not_picked":["Expertise","Poisoned Stab"],"picked":"Dash"},{"not_picked":["Backstab","Backflip"],"picked":"Outmaneuver"},{"not_picked":["Acrobatics","Endless Agony"],"picked":"Terror"},{"not_picked":["Leg Sweep","Well Laid Plans"],"picked":"Caltrops"},{"not_picked":["Underhanded Strike","PiercingWail"],"picked":"Quick Slash"},{"not_picked":["Bullet Time","Corpse Explosion"],"picked":"Tactician"},{"not_picked":["Slice","Accuracy"],"picked":"Backflip"},{"not_picked":["Quick Slash","Flying Knee"],"picked":"Well Laid Plans"},{"not_picked":["Eviscerate","Underhanded Strike"],"picked":"Poisoned Stab"},{"not_picked":["Night Terror","Finisher"],"picked":"Malaise"}],"player_experience":42080,"potions_floor_usage":[12,25,35,37,38,41],"damage_taken":[{"damage":0,"enemies":"Small Slimes","floor":1,"turns":3},{"damage":3,"enemies":"Cultist","floor":4,"turns":5},{"damage":33,"enemies":"3 Sentries","floor":7,"turns":14},{"damage":16,"enemies":"Lagavulin","floor":12,"turns":7},{"damage":1,"enemies":"Jaw Worm","floor":13,"turns":2},{"damage":0,"enemies":"Exordium Wildlife","floor":14,"turns":4},{"damage":3,"enemies":"The Guardian","floor":16,"turns":19},{"damage":15,"enemies":"Spheric Guardian","floor":18,"turns":4},{"damage":0,"enemies":"Chosen","floor":22,"turns":6},{"damage":0,"enemies":"Centurion and Healer","floor":25,"turns":8},{"damage":4,"enemies":"Book of Stabbing","floor":27,"turns":5},{"damage":13,"enemies":"3 Cultists","floor":31,"turns":6},{"damage":27,"enemies":"Champ","floor":33,"turns":12},{"damage":12,"enemies":"3 Shapes","floor":35,"turns":5},{"damage":20,"enemies":"Mysterious Sphere","floor":37,"turns":6},{"damage":1,"enemies":"Orb Walker","floor":38,"turns":4},{"damage":60,"enemies":"Giant Head","floor":41,"turns":9},{"damage":11,"enemies":"Sphere and 2 Shapes","floor":44,"turns":3}],"event_choices":[{"event_name":"Golden Shrine","player_choice":"Desecrate","floor":2,"damage_taken":0},{"event_name":"Shining Light","player_choice":"Entered Light","floor":3,"damage_taken":0},{"event_name":"Liars Game","player_choice":"agreed","floor":5,"damage_taken":0},{"event_name":"Transmorgrifier","player_choice":"Transform","floor":8,"damage_taken":0},{"event_name":"The Library","player_choice":"Read","floor":21,"damage_taken":0},{"event_name":"Addict","player_choice":"Ignored","floor":23,"damage_taken":0},{"event_name":"Match and Keep!","player_choice":"2 cards matched","floor":30,"damage_taken":0},{"event_name":"The Woman in Blue","player_choice":"Bought 0 Potions","floor":36,"damage_taken":0},{"event_name":"Mysterious Sphere","player_choice":"Fight","floor":37,"damage_taken":0}],"boss_relics":[{"not_picked":["Runic Dome","Orrery"],"picked":"Cursed Key"},{"not_picked":["Black Star","Runic Pyramid"],"picked":"Eternal Feather"}],"potions_floor_spawned":[7,12,16,18,25,33,35,38],"seed_played":"4626613863387743778","killed_by":"Sphere and 2 Shapes","ascension_level":0,"is_trial":false}