{"gold_per_floor":[117,117,40,40,40,71,84,114,114,140,140,156,127,55,55,152,152,165,183,183,103,117,117,149,149,229,245,255,255],"floor_reached":29,"playtime":860,"items_purged":[],"score":420,"play_id":"d3f1b4ca-4758-40a3-9450-aaaebe7b6940","local_time":"20190827203441","is_ascension_mode":true,"campfire_choices":[{"data":"Defragment","floor":15,"key":"SMITH"},{"floor":23,"key":"REST"}],"neow_cost":"NONE","seed_source_timestamp":74182443966498,"circlet_count":0,"master_deck":["Strike_B+1","Strike_B+1","Strike_B+1","Strike_B+1","Defend_B+1","Defend_B+1","Defend_B+1","Defend_B+1","Zap+1","Dualcast","White Noise","Capacitor","Coolheaded","Defragment+1","Hyperbeam","Ball Lightning","Doom and Gloom","Defragment","Creative AI","Loop","Loop","Defragment","Cold Snap","Leap+1","Conserve Battery","BootSequence"],"relics":["Cracked Core","NeowsBlessing","Strawberry","Shuriken","Question Card","Mercury Hourglass","Symbiotic Virus","Orichalcum","Cables","Philosopher\u0027s Stone","Anchor","Kunai"],"potions_floor_usage":[29,29],"damage_taken":[{"damage":0,"enemies":"Cultist","floor":1,"turns":1},{"damage":0,"enemies":"3 Sentries","floor":6,"turns":1},{"damage":0,"enemies":"2 Louse","floor":7,"turns":1},{"damage":16,"enemies":"Gremlin Nob","floor":8,"turns":4},{"damage":32,"enemies":"Lagavulin","floor":10,"turns":4},{"damage":0,"enemies":"Small Slimes","floor":12,"turns":2},{"damage":0,"enemies":"Slime Boss","floor":16,"turns":4},{"damage":18,"enemies":"Shell Parasite","floor":18,"turns":3},{"damage":19,"enemies":"2 Thieves","floor":19,"turns":2},{"damage":14,"enemies":"Shelled Parasite and Fungi","floor":22,"turns":4},{"damage":22,"enemies":"Gremlin Leader","floor":24,"turns":6},{"damage":0,"enemies":"3 Cultists","floor":27,"turns":2},{"damage":7,"enemies":"Snake Plant","floor":28,"turns":3},{"damage":12,"enemies":"Centurion and Healer","floor":29,"turns":2}],"seed_played":"7301041364415115496","potions_obtained":[{"floor":1,"key":"Weak Potion"},{"floor":6,"key":"PowerPotion"},{"floor":12,"key":"LiquidBronze"},{"floor":28,"key":"PowerPotion"}],"is_trial":false,"path_per_floor":["M","T","$","?","?","E","M","E","T","E","T","M","?","$","R","B",null,"M","M","?","$","M","R","E","?","T","M","M","M"],"character_chosen":"DEFECT","items_purchased":["Capacitor","Defragment","Defragment"],"campfire_rested":1,"item_purchase_floors":[3,14,21],"current_hp_per_floor":[75,82,82,57,57,57,57,41,41,9,9,9,9,9,9,9,64,46,27,27,27,13,37,15,15,15,15,8,0],"gold":255,"neow_bonus":"THREE_ENEMY_KILL","is_prod":false,"is_daily":false,"chose_seed":false,"campfire_upgraded":1,"win_rate":0,"timestamp":1566952481,"path_taken":["M","?","$","?","?","E","M","E","T","E","?","M","?","$","R","BOSS","M","M","?","$","M","R","E","?","T","?","M","M"],"build_version":"2019-08-26","purchased_purges":0,"victory":false,"max_hp_per_floor":[75,82,82,82,82,82,82,82,82,82,82,82,82,82,82,82,82,82,82,82,82,82,82,82,82,82,82,82,82],"card_choices":[{"not_picked":["Beam Cell","Cold Snap"],"picked":"White Noise","floor":1},{"not_picked":["Stack","Leap"],"picked":"Coolheaded","floor":6},{"not_picked":["Hologram","Cold Snap","Redo"],"picked":"Defragment","floor":7},{"not_picked":["Lockon","Sweeping Beam","Heatsinks"],"picked":"Hyperbeam","floor":8},{"not_picked":["Tempest","Sunder","Streamline"],"picked":"Ball Lightning","floor":10},{"not_picked":["Beam Cell","Go for the Eyes","Steam"],"picked":"Doom and Gloom","floor":12},{"not_picked":["Electrodynamics","Amplify","Buffer"],"picked":"Creative AI","floor":16},{"not_picked":["Beam Cell","Reprogram","Conserve Battery"],"picked":"Loop","floor":18},{"not_picked":["Skim","Hello World","Barrage"],"picked":"Loop","floor":19},{"not_picked":["Barrage","Scrape","Redo"],"picked":"Cold Snap","floor":22},{"not_picked":["Chill","Loop","Turbo+1"],"picked":"Leap+1","floor":24},{"not_picked":["Barrage","Sweeping Beam","Compile Driver+1"],"picked":"Conserve Battery","floor":27},{"not_picked":["Double Energy","Meteor Strike","Streamline"],"picked":"BootSequence","floor":28}],"player_experience":103561,"relics_obtained":[{"floor":2,"key":"Strawberry"},{"floor":6,"key":"Question Card"},{"floor":8,"key":"Mercury Hourglass"},{"floor":9,"key":"Symbiotic Virus"},{"floor":10,"key":"Orichalcum"},{"floor":11,"key":"Cables"},{"floor":24,"key":"Anchor"},{"floor":26,"key":"Kunai"}],"event_choices":[{"damage_healed":0,"gold_gain":0,"player_choice":"Success","damage_taken":25,"relics_obtained":["Shuriken"],"max_hp_gain":0,"max_hp_loss":0,"event_name":"Scrap Ooze","floor":4,"gold_loss":0},{"damage_healed":0,"gold_gain":0,"player_choice":"Grow","damage_taken":0,"max_hp_gain":0,"max_hp_loss":0,"event_name":"Living Wall","floor":5,"gold_loss":0,"cards_upgraded":["Zap"]},{"damage_healed":0,"gold_gain":0,"player_choice":"Left Gold","damage_taken":0,"max_hp_gain":0,"max_hp_loss":0,"event_name":"World of Goop","floor":13,"gold_loss":29},{"damage_healed":0,"gold_gain":0,"player_choice":"Simplicity","damage_taken":0,"max_hp_gain":0,"max_hp_loss":0,"event_name":"Back to Basics","floor":20,"gold_loss":0,"cards_upgraded":["Strike_B","Strike_B","Strike_B","Strike_B","Defend_B","Defend_B","Defend_B","Defend_B"]},{"damage_healed":0,"gold_gain":0,"player_choice":"0 cards matched","damage_taken":0,"max_hp_gain":0,"max_hp_loss":0,"event_name":"Match and Keep!","floor":25,"gold_loss":0,"cards_obtained":[]}],"is_beta":true,"boss_relics":[{"not_picked":["Runic Dome","Black Star"],"picked":"Philosopher\u0027s Stone"}],"items_purged_floors":[],"is_endless":false,"potions_floor_spawned":[1,6,12,16,18,19,28],"killed_by":"Centurion and Healer","ascension_level":5}