{"gold_per_floor":[364,439,93,93,93,123,123,156,182,195,208,208,208,219,219,319,319,329,529,547,88,188,215,234,234,234,265,265,279,279,293,293,398,398,409,409,423,423,423,423,456,11,58,58,84,103,123,123,123,123],"floor_reached":51,"playtime":2136,"items_purged":["Strike_B","Strike_B","Rip and Tear+1"],"score":906,"play_id":"3b0d03c1-db2e-4c9c-ac2b-03ee8a90c652","local_time":"20190505220641","is_ascension_mode":true,"campfire_choices":[{"data":"Defragment","floor":7.0,"key":"SMITH"},{"data":"Defend_B","floor":12.0,"key":"SMITH"},{"floor":15.0,"key":"REST"},{"floor":25.0,"key":"REST"},{"data":"All For One","floor":28.0,"key":"SMITH"},{"floor":30.0,"key":"REST"},{"floor":32.0,"key":"REST"},{"data":"Gash","floor":40.0,"key":"SMITH"},{"floor":44.0,"key":"REST"},{"floor":49,"key":"REST"}],"neow_cost":"TEN_PERCENT_HP_LOSS","seed_source_timestamp":112897923281200,"circlet_count":0,"master_deck":["Zap+1","Dualcast","Defragment+1","FTL","BootSequence","Gash+1","Gash","All For One+1","Leap+1","Skim+1","Darkness+1","Go for the Eyes"],"special_seed":0,"relics":["Cracked Core","Medical Kit","Whetstone","Kunai","Centennial Puzzle","Busted Crown","DataDisk","OrangePellets","Bottled Lightning","Blue Candle","Ancient Tea Set","Pandora\u0027s Box","Cables","Unceasing Top","Blood Vial","Toxic Egg 2"],"potions_floor_usage":[50,50],"damage_taken":[{"damage":7.0,"enemies":"Small Slimes","floor":1.0,"turns":2.0},{"damage":8.0,"enemies":"Gremlin Nob","floor":6.0,"turns":3.0},{"damage":20.0,"enemies":"3 Sentries","floor":8.0,"turns":6.0},{"damage":0.0,"enemies":"2 Louse","floor":10.0,"turns":2.0},{"damage":1.0,"enemies":"Cultist","floor":11.0,"turns":3.0},{"damage":0.0,"enemies":"Large Slime","floor":14.0,"turns":3.0},{"damage":2.0,"enemies":"The Guardian","floor":16.0,"turns":9.0},{"damage":4.0,"enemies":"2 Thieves","floor":18.0,"turns":3.0},{"damage":10.0,"enemies":"3 Byrds","floor":20.0,"turns":4.0},{"damage":35.0,"enemies":"Slavers","floor":23.0,"turns":4.0},{"damage":0.0,"enemies":"Centurion and Healer","floor":24.0,"turns":4.0},{"damage":18.0,"enemies":"Gremlin Leader","floor":27.0,"turns":5.0},{"damage":18.0,"enemies":"Cultist and Chosen","floor":29.0,"turns":5.0},{"damage":10.0,"enemies":"Snecko","floor":31.0,"turns":5.0},{"damage":44.0,"enemies":"Champ","floor":33.0,"turns":11.0},{"damage":12.0,"enemies":"3 Darklings","floor":35.0,"turns":3.0},{"damage":2.0,"enemies":"3 Shapes","floor":37.0,"turns":2.0},{"damage":39.0,"enemies":"Giant Head","floor":41.0,"turns":6.0},{"damage":2,"enemies":"Nemesis","floor":45,"turns":3},{"damage":26,"enemies":"Maw","floor":46,"turns":4},{"damage":0,"enemies":"Transient","floor":47,"turns":5},{"damage":25,"enemies":"Awakened One","floor":50,"turns":7}],"seed_played":"9131657024760590170","potions_obtained":[{"floor":1.0,"key":"Explosive Potion"},{"floor":8.0,"key":"SpeedPotion"},{"floor":11.0,"key":"SpeedPotion"},{"floor":18.0,"key":"Explosive Potion"},{"floor":24.0,"key":"Block Potion"},{"floor":35.0,"key":"Ancient Potion"},{"floor":47,"key":"Energy Potion"}],"is_trial":false,"path_per_floor":["M","?","$","?","?","E","R","E","T","M","M","R","?","M","R","B",null,"M","?","M","$","?","E","M","R","T","E","R","M","R","M","R","B",null,"M","?","M","?","?","R","E","$","T","R","E","M","M","T","R","B",null],"character_chosen":"DEFECT","items_purchased":["Defragment","Medical Kit","DataDisk","OrangePellets","Unceasing Top","Go for the Eyes"],"campfire_rested":6,"item_purchase_floors":[3,3,21,21,42,42],"current_hp_per_floor":[61,50,50,50,50,42,42,22,22,22,21,21,21,21,41,39,68,64,64,54,54,54,19,19,39,39,21,21,13,33,33,53,19,68,66,66,64,64,64,64,25,25,25,45,43,19,21,21,41,18],"gold":123,"neow_bonus":"TWO_FIFTY_GOLD","is_prod":false,"is_daily":false,"chose_seed":false,"campfire_upgraded":4,"win_rate":0,"timestamp":1557090401,"path_taken":["M","?","$","?","?","E","R","E","T","M","?","R","?","M","R","BOSS","M","?","?","$","?","E","M","R","T","E","R","?","R","M","R","BOSS","M","?","M","?","?","R","E","?","T","R","E","?","M","?","R","BOSS"],"build_version":"2019-01-23","purchased_purges":3,"victory":true,"max_hp_per_floor":[68,68,68,68,68,68,68,68,68,68,68,68,68,68,68,68,68,68,68,68,68,68,68,68,68,68,68,68,68,68,68,68,68,68,68,68,68,68,68,68,68,68,68,68,68,68,68,68,68,68],"card_choices":[{"not_picked":["Force Field","Compile Driver"],"picked":"Rip and Tear","floor":1.0},{"not_picked":["Go for the Eyes","Compile Driver"],"picked":"FTL","floor":6.0},{"not_picked":["Blizzard","Stack"],"picked":"BootSequence","floor":8.0},{"not_picked":["Doom and Gloom","Rebound","Lockon"],"picked":"SKIP","floor":10.0},{"not_picked":["Hologram","Capacitor"],"picked":"Gash","floor":11.0},{"not_picked":["All For One","Beam Cell"],"picked":"Gash","floor":14.0},{"not_picked":["Reboot","Thunder Strike"],"picked":"All For One","floor":16.0},{"not_picked":["Storm"],"picked":"SKIP","floor":18.0},{"not_picked":["Ball Lightning"],"picked":"SKIP","floor":20.0},{"not_picked":["Lockon"],"picked":"SKIP","floor":23.0},{"not_picked":[],"picked":"Leap+1","floor":24.0},{"not_picked":[],"picked":"Self Repair+1","floor":27.0},{"not_picked":["Turbo"],"picked":"SKIP","floor":29.0},{"not_picked":[],"picked":"Skim+1","floor":31.0},{"not_picked":[],"picked":"Darkness+1","floor":35.0},{"not_picked":["Ball Lightning"],"picked":"SKIP","floor":37.0},{"not_picked":["Beam Cell"],"picked":"SKIP","floor":41.0},{"not_picked":["Scrape"],"picked":"SKIP","floor":45},{"not_picked":["Coolheaded"],"picked":"SKIP","floor":46},{"not_picked":["Streamline"],"picked":"SKIP","floor":47}],"player_experience":69483,"relics_obtained":[{"floor":6.0,"key":"Whetstone"},{"floor":8.0,"key":"Kunai"},{"floor":9.0,"key":"Centennial Puzzle"},{"floor":23.0,"key":"Bottled Lightning"},{"floor":26.0,"key":"Blue Candle"},{"floor":27.0,"key":"Ancient Tea Set"},{"floor":41.0,"key":"Cables"},{"floor":45,"key":"Blood Vial"},{"floor":48,"key":"Toxic Egg 2"}],"event_choices":[{"damage_healed":0.0,"max_hp_gain":0.0,"max_hp_loss":0.0,"gold_gain":75.0,"event_name":"World of Goop","player_choice":"Gather Gold","floor":2.0,"gold_loss":0.0,"damage_taken":11.0},{"damage_healed":0.0,"max_hp_gain":0.0,"max_hp_loss":0.0,"gold_gain":0.0,"event_name":"Liars Game","player_choice":"Ignored","floor":4.0,"gold_loss":0.0,"damage_taken":0.0},{"damage_healed":0.0,"max_hp_gain":0.0,"max_hp_loss":0.0,"gold_gain":0.0,"event_name":"Upgrade Shrine","player_choice":"Upgraded","floor":5.0,"gold_loss":0.0,"damage_taken":0.0,"cards_upgraded":["Zap"]},{"damage_healed":0.0,"max_hp_gain":0.0,"max_hp_loss":0.0,"gold_gain":0.0,"event_name":"Golden Wing","player_choice":"Ignored","floor":13.0,"gold_loss":0.0,"damage_taken":0.0},{"damage_healed":0.0,"max_hp_gain":0.0,"max_hp_loss":0.0,"gold_gain":200.0,"event_name":"Wheel of Change","player_choice":"Gold","floor":19.0,"gold_loss":0.0,"damage_taken":0.0},{"damage_healed":0.0,"max_hp_gain":0.0,"max_hp_loss":0.0,"gold_gain":100.0,"event_name":"Golden Shrine","player_choice":"Pray","floor":22.0,"gold_loss":0.0,"damage_taken":0.0},{"cards_removed":["Self Repair"],"damage_healed":0.0,"max_hp_gain":0.0,"max_hp_loss":0.0,"gold_gain":0.0,"event_name":"Falling","player_choice":"Removed Power","floor":36.0,"gold_loss":0.0,"damage_taken":0.0},{"damage_healed":0.0,"max_hp_gain":0.0,"max_hp_loss":0.0,"gold_gain":0.0,"event_name":"SensoryStone","player_choice":"Memory 1","floor":38.0,"gold_loss":0.0,"damage_taken":0.0},{"damage_healed":0.0,"max_hp_gain":0.0,"max_hp_loss":0.0,"gold_gain":0.0,"event_name":"Tomb of Lord Red Mask","player_choice":"Ignored","floor":39.0,"gold_loss":0.0,"damage_taken":0.0}],"is_beta":false,"boss_relics":[{"not_picked":["Runic Dome","Nuclear Battery"],"picked":"Busted Crown"},{"not_picked":["Astrolabe","Runic Pyramid"],"picked":"Pandora\u0027s Box"}],"items_purged_floors":[3,21,42],"is_endless":false,"potions_floor_spawned":[1,8,11,18,20,24,35,41,47],"ascension_level":3}