{"gold_per_floor":[114,129,144,144,46,73,21,21,70,86,100,100,129,149,149,250,250,267,302,302,320,27,27,55,55,55,69,18,37,50,76,76,171,171,187,235,39,39,14,14,47,60,84,94,94,111,111,129,129,129],"floor_reached":51,"playtime":3334,"items_purged":["Defend_R"],"score":777,"play_id":"b89a5017-0f6d-4bcb-8532-5cb7ad7f77e6","local_time":"20190923161924","is_ascension_mode":false,"campfire_choices":[{"data":"Fire Breathing","floor":12.0,"key":"SMITH"},{"data":"Fire Breathing","floor":15.0,"key":"SMITH"},{"data":"Warcry","floor":23.0,"key":"SMITH"},{"data":"Panacea","floor":25.0,"key":"SMITH"},{"floor":32.0,"key":"REST"},{"floor":45.0,"key":"REST"},{"floor":47.0,"key":"REST"},{"floor":49,"key":"REST"}],"neow_cost":"TEN_PERCENT_HP_LOSS","seed_source_timestamp":0,"circlet_count":0,"master_deck":["Strike_R","Strike_R","Strike_R","Strike_R","Defend_R","Defend_R","Defend_R","Bash","Panacea+1","Thinking Ahead","Clothesline","Wild Strike","Power Through","Flex","Wild Strike","Havoc","Thunderclap","Fire Breathing+1","Clash","Fire Breathing+1","Armaments+1","Shrug It Off","Fire Breathing","Mind Blast","Inflame","Warcry+1","Disarm+1","Power Through","Shockwave","Pommel Strike","Fire Breathing","Juggernaut","Fire Breathing","Pommel Strike+1","Shockwave","Shrug It Off","Reckless Charge","Chrysalis","Deep Breath","Finesse","Shrug It Off","Battle Trance","Disarm+1","Feel No Pain+1","True Grit+1"],"special_seed":0,"relics":["Burning Blood","Art of War","Omamori","Mummified Hand","Mark of Pain","Red Mask","Shuriken","Mango","Smiling Mask","Anchor","Snecko Eye","Calipers","Du-Vu Doll","Bag of Marbles"],"potions_floor_usage":[50,50],"damage_taken":[{"damage":6.0,"enemies":"Jaw Worm","floor":1.0,"turns":6.0},{"damage":2.0,"enemies":"2 Louse","floor":2.0,"turns":3.0},{"damage":2.0,"enemies":"Cultist","floor":3.0,"turns":4.0},{"damage":13.0,"enemies":"3 Sentries","floor":6.0,"turns":5.0},{"damage":9.0,"enemies":"Blue Slaver","floor":10.0,"turns":3.0},{"damage":9.0,"enemies":"Gremlin Gang","floor":11.0,"turns":3.0},{"damage":16.0,"enemies":"Lagavulin","floor":13.0,"turns":7.0},{"damage":6.0,"enemies":"Exordium Thugs","floor":14.0,"turns":4.0},{"damage":21.0,"enemies":"Slime Boss","floor":16.0,"turns":6.0},{"damage":10.0,"enemies":"Shell Parasite","floor":18.0,"turns":3.0},{"damage":0.0,"enemies":"Masked Bandits","floor":19.0,"turns":3.0},{"damage":19.0,"enemies":"2 Thieves","floor":21.0,"turns":4.0},{"damage":26.0,"enemies":"Gremlin Leader","floor":24.0,"turns":5.0},{"damage":5.0,"enemies":"Centurion and Healer","floor":27.0,"turns":6.0},{"damage":2.0,"enemies":"Sentry and Sphere","floor":29.0,"turns":3.0},{"damage":11.0,"enemies":"Shelled Parasite and Fungi","floor":30.0,"turns":5.0},{"damage":35.0,"enemies":"Slavers","floor":31.0,"turns":5.0},{"damage":48.0,"enemies":"Automaton","floor":33.0,"turns":8.0},{"damage":0.0,"enemies":"Orb Walker","floor":35.0,"turns":3.0},{"damage":9.0,"enemies":"2 Orb Walkers","floor":36.0,"turns":3.0},{"damage":82.0,"enemies":"Reptomancer","floor":41.0,"turns":6.0},{"damage":0.0,"enemies":"3 Shapes","floor":42.0,"turns":4.0},{"damage":19.0,"enemies":"Jaw Worm Horde","floor":44.0,"turns":7.0},{"damage":18.0,"enemies":"Sphere and 2 Shapes","floor":46.0,"turns":4.0},{"damage":32,"enemies":"Transient","floor":48,"turns":5},{"damage":36,"enemies":"Awakened One","floor":50,"turns":13}],"seed_played":"-500692748166547477","potions_obtained":[{"floor":2.0,"key":"Fire Potion"},{"floor":3.0,"key":"Explosive Potion"},{"floor":8.0,"key":"PowerPotion"},{"floor":8.0,"key":"Dexterity Potion"},{"floor":8.0,"key":"Dexterity Potion"},{"floor":10.0,"key":"PowerPotion"},{"floor":18.0,"key":"SkillPotion"},{"floor":24.0,"key":"Fire Potion"},{"floor":30.0,"key":"SteroidPotion"},{"floor":35.0,"key":"Dexterity Potion"},{"floor":41.0,"key":"EssenceOfSteel"},{"floor":48,"key":"ElixirPotion"}],"is_trial":false,"path_per_floor":["M","M","M","?","$","E","$","?","T","M","M","R","E","M","R","B",null,"M","?","?","M","$","R","E","R","T","M","$","M","M","E","R","B",null,"M","?","$","?","$","?","E","M","T","M","R","M","R","M","R","B",null],"character_chosen":"IRONCLAD","items_purchased":["Flex","Havoc","Shuriken","Warcry","Fire Potion","Shockwave","Shrug It Off","Reckless Charge","Shrug It Off"],"campfire_rested":4,"item_purchase_floors":[5,7,22,22,28,37,37,37,39],"current_hp_per_floor":[72,72,72,65,65,58,58,58,58,55,52,52,42,42,42,27,72,68,72,72,59,59,59,53,53,53,54,54,58,53,24,49,7,86,86,83,83,73,73,96,20,26,26,13,41,29,57,31,59,29],"gold":129,"neow_bonus":"RANDOM_COLORLESS_2","is_prod":false,"is_daily":false,"chose_seed":false,"campfire_upgraded":4,"win_rate":0,"timestamp":1569269964,"path_taken":["M","M","M","?","$","E","$","?","T","M","M","R","E","M","R","BOSS","M","?","?","?","?","R","E","R","T","M","$","M","M","E","R","BOSS","M","?","$","?","?","?","E","M","T","?","R","M","R","M","R","BOSS"],"build_version":"2019-09-23","purchased_purges":1,"victory":true,"max_hp_per_floor":[72,72,72,72,72,72,72,72,72,72,72,72,72,72,72,72,72,72,72,72,72,72,72,86,86,86,86,86,86,86,86,86,86,86,86,86,86,86,86,96,96,96,96,96,96,96,96,96,96,96],"card_choices":[{"not_picked":["Wild Strike","Shrug It Off"],"picked":"Clothesline","floor":1.0},{"not_picked":["Reckless Charge","Perfected Strike"],"picked":"Wild Strike","floor":2.0},{"not_picked":["Rampage","Feel No Pain"],"picked":"Power Through","floor":3.0},{"not_picked":["Ghostly Armor","Seeing Red"],"picked":"Wild Strike","floor":6.0},{"not_picked":["Pummel","Entrench"],"picked":"Thunderclap","floor":10.0},{"not_picked":["Iron Wave","Rampage"],"picked":"Fire Breathing","floor":11.0},{"not_picked":["Barricade","Bloodletting"],"picked":"Clash","floor":13.0},{"not_picked":["Flex","Iron Wave"],"picked":"Fire Breathing","floor":14.0},{"not_picked":["Offering","Berserk"],"picked":"Fiend Fire","floor":16.0},{"not_picked":["Shrug It Off","Corruption+1"],"picked":"Armaments+1","floor":18.0},{"not_picked":["Spot Weakness+1","Twin Strike+1"],"picked":"Shrug It Off","floor":19.0},{"not_picked":["Sever Soul","Havoc"],"picked":"Inflame","floor":21.0},{"not_picked":["Rupture","Reckless Charge"],"picked":"Disarm+1","floor":24.0},{"not_picked":["Dropkick","Havoc+1"],"picked":"Power Through","floor":27.0},{"not_picked":["Shrug It Off","Havoc"],"picked":"Shockwave","floor":29.0},{"not_picked":["Thunderclap","Exhume"],"picked":"Pommel Strike","floor":30.0},{"not_picked":["Infernal Blade+1","Clothesline"],"picked":"Fire Breathing","floor":31.0},{"not_picked":["Brutality","Exhume"],"picked":"Juggernaut","floor":33.0},{"not_picked":["Perfected Strike","Rampage+1"],"picked":"Fire Breathing","floor":35.0},{"not_picked":["Iron Wave+1","Anger+1"],"picked":"Pommel Strike+1","floor":36.0},{"not_picked":["Good Instincts","PanicButton"],"picked":"Chrysalis","floor":38.0},{"not_picked":["Discovery","PanicButton"],"picked":"Deep Breath","floor":38.0},{"not_picked":["Swift Strike","PanicButton"],"picked":"Finesse","floor":38.0},{"not_picked":["Offering","Thunderclap+1"],"picked":"Battle Trance","floor":41.0},{"not_picked":["Perfected Strike","Body Slam+1","Heavy Blade+1"],"picked":"SKIP","floor":42.0},{"not_picked":["Headbutt","Combust"],"picked":"Disarm+1","floor":44.0},{"not_picked":["Whirlwind","Twin Strike+1"],"picked":"Feel No Pain+1","floor":46.0},{"not_picked":["Heavy Blade","Thunderclap"],"picked":"True Grit+1","floor":48}],"player_experience":149351,"relics_obtained":[{"floor":6.0,"key":"Art of War"},{"floor":9.0,"key":"Omamori"},{"floor":13.0,"key":"Mummified Hand"},{"floor":19.0,"key":"Red Mask"},{"floor":24.0,"key":"Mango"},{"floor":26.0,"key":"Smiling Mask"},{"floor":31.0,"key":"Anchor"},{"floor":36.0,"key":"Calipers"},{"floor":41.0,"key":"Du-Vu Doll"},{"floor":43.0,"key":"Bag of Marbles"}],"event_choices":[{"cards_removed":["Strike_R"],"damage_healed":0.0,"max_hp_gain":0.0,"max_hp_loss":0.0,"gold_gain":0.0,"event_name":"Golden Wing","player_choice":"Card Removal","floor":4.0,"gold_loss":0.0,"damage_taken":7.0},{"damage_healed":0.0,"max_hp_gain":0.0,"max_hp_loss":0.0,"gold_gain":0.0,"event_name":"Lab","player_choice":"Got Potions","floor":8.0,"gold_loss":0.0,"damage_taken":0.0},{"damage_healed":0.0,"max_hp_gain":0.0,"max_hp_loss":0.0,"gold_gain":0.0,"event_name":"Masked Bandits","player_choice":"Fought Bandits","floor":19.0,"gold_loss":0.0,"damage_taken":0.0},{"damage_healed":0.0,"max_hp_gain":0.0,"max_hp_loss":0.0,"gold_gain":0.0,"event_name":"Match and Keep!","player_choice":"2 cards matched","floor":20.0,"gold_loss":0.0,"damage_taken":0.0,"cards_obtained":["Fire Breathing","Mind Blast"]},{"damage_healed":0.0,"max_hp_gain":0.0,"max_hp_loss":0.0,"gold_gain":0.0,"event_name":"Mysterious Sphere","player_choice":"Fight","floor":36.0,"gold_loss":0.0,"damage_taken":0.0},{"damage_healed":0.0,"max_hp_gain":0.0,"max_hp_loss":0.0,"gold_gain":0.0,"event_name":"SensoryStone","player_choice":"Memory 3","floor":38.0,"gold_loss":0.0,"damage_taken":10.0},{"cards_removed":["Fiend Fire"],"damage_healed":13.0,"max_hp_gain":10.0,"max_hp_loss":0.0,"gold_gain":0.0,"event_name":"Bonfire Elementals","player_choice":"Offered Rare","floor":40.0,"gold_loss":0.0,"damage_taken":0.0}],"is_beta":true,"boss_relics":[{"not_picked":["Philosopher\u0027s Stone","Coffee Dripper"],"picked":"Mark of Pain"},{"not_picked":["Busted Crown","Runic Pyramid"],"picked":"Snecko Eye"}],"items_purged_floors":[5],"is_endless":false,"potions_floor_spawned":[2,3,10,14,16,18,24,30,35,41,48],"ascension_level":0}