{"gold_per_floor":[119,119,39,49,66,91,91,21,47,47,75,1,21,53,53,131,131,145,145,160,160,179,208,2,67,67,67,67,82,9,21,21,94,94,112,1111,910,928,9,9,38,52,52,52,83,83,95,26,26,26],"floor_reached":50,"playtime":2596,"items_purged":["Normality","Normality"],"score":1020,"play_id":"c61ad2bf-b829-4cf0-893a-25694c0af240","local_time":"20190921144839","is_ascension_mode":true,"campfire_choices":[{"data":"White Noise","floor":10,"key":"SMITH"},{"data":"Static Discharge","floor":15,"key":"SMITH"},{"data":"Creative AI","floor":28,"key":"SMITH"},{"data":"Zap","floor":32,"key":"SMITH"},{"data":"Seek","floor":40,"key":"SMITH"},{"floor":44,"key":"RECALL"},{"data":"Echo Form","floor":46,"key":"SMITH"},{"data":"Glacier","floor":49,"key":"SMITH"}],"neow_cost":"NONE","seed_source_timestamp":97829426227300,"circlet_count":0,"master_deck":["AscendersBane","Zap+1","Dualcast","Auto Shields","Self Repair","Cold Snap","Ball Lightning","Melter","White Noise+1","Static Discharge+1","Self Repair","Go for the Eyes","Electrodynamics","Creative AI+1","Bite","Bite","Bite","Bite","Bite","Gash","Self Repair","Leap","Hologram","All For One","BootSequence","Glacier+1","Echo Form+1","Core Surge","Sunder","Cold Snap","Seek+1","Loop","Coolheaded","Stack+1","White Noise+1"],"relics":["Cracked Core","NeowsBlessing","FaceOfCleric","Oddly Smooth Stone","Smiling Mask","Centennial Puzzle","Pantograph","Girya","Inserter","Nilry\u0027s Codex","Thread and Needle","Medical Kit","Tiny Chest","Kunai","Pandora\u0027s Box","Lantern","Ice Cream","OrangePellets","Bottled Flame","DataDisk","Boot","StoneCalendar"],"potions_floor_usage":[25,25,41,50],"damage_taken":[{"damage":0,"enemies":"2 Louse","floor":1,"turns":1},{"damage":0,"enemies":"Cultist","floor":4,"turns":1},{"damage":0,"enemies":"Jaw Worm","floor":5,"turns":1},{"damage":40,"enemies":"3 Sentries","floor":6,"turns":11},{"damage":15,"enemies":"Gremlin Nob","floor":11,"turns":4},{"damage":0,"enemies":"2 Fungi Beasts","floor":13,"turns":3},{"damage":11,"enemies":"Lagavulin","floor":14,"turns":8},{"damage":36,"enemies":"Hexaghost","floor":16,"turns":8},{"damage":16,"enemies":"2 Thieves","floor":18,"turns":2},{"damage":0,"enemies":"Spheric Guardian","floor":20,"turns":3},{"damage":16,"enemies":"Centurion and Healer","floor":22,"turns":7},{"damage":57,"enemies":"Book of Stabbing","floor":23,"turns":6},{"damage":22,"enemies":"Slavers","floor":25,"turns":5},{"damage":37,"enemies":"3 Cultists","floor":29,"turns":5},{"damage":17,"enemies":"Snake Plant","floor":31,"turns":3},{"damage":32,"enemies":"Champ","floor":33,"turns":18},{"damage":12,"enemies":"Orb Walker","floor":35,"turns":6},{"damage":0,"enemies":"3 Shapes","floor":38,"turns":5},{"damage":44,"enemies":"Giant Head","floor":41,"turns":26},{"damage":39,"enemies":"3 Darklings","floor":42,"turns":4},{"damage":49,"enemies":"Nemesis","floor":45,"turns":19},{"damage":15,"enemies":"Sphere and 2 Shapes","floor":47,"turns":6},{"damage":74,"enemies":"Donu and Deca","floor":50,"turns":7}],"seed_played":"-911601598956494672","potions_obtained":[{"floor":1,"key":"Block Potion"},{"floor":5,"key":"Poison Potion"},{"floor":13,"key":"Fire Potion"},{"floor":31,"key":"Swift Potion"},{"floor":33,"key":"Weak Potion"},{"floor":41,"key":"Ancient Potion"}],"is_trial":false,"path_per_floor":["M","?","$","M","M","E","?","$","T","R","E","$","M","E","R","B",null,"M","?","M","?","M","E","$","E","T","?","R","M","$","M","R","B",null,"M","?","$","M","$","R","E","M","T","R","E","R","M","?","R","B"],"character_chosen":"DEFECT","items_purchased":["Self Repair","White Noise","Self Repair","Medical Kit","BootSequence","Lantern","Ice Cream","OrangePellets","Loop","Coolheaded","Bottled Flame"],"campfire_rested":0,"item_purchase_floors":[3,8,12,24,30,37,39,39,39,39,39],"current_hp_per_floor":[64,64,64,65,73,41,29,29,29,29,22,22,30,34,34,38,68,60,55,56,40,51,26,26,46,46,46,46,37,37,43,43,62,62,63,63,63,64,64,64,65,52,52,52,67,67,68,68,68,0],"gold":26,"neow_bonus":"THREE_ENEMY_KILL","is_prod":false,"is_daily":false,"chose_seed":false,"campfire_upgraded":7,"win_rate":0,"timestamp":1569073719,"path_taken":["M","?","$","M","?","E","?","$","T","R","E","?","M","E","R","BOSS","M","?","M","?","M","E","$","E","T","?","R","M","$","M","R","BOSS","M","?","$","M","$","R","E","M","T","R","E","R","M","?","R","BOSS"],"build_version":"2019-07-17","purchased_purges":2,"victory":false,"max_hp_per_floor":[71,71,71,72,73,74,74,74,74,74,75,75,76,77,77,78,78,79,55,56,56,57,58,58,59,59,59,59,60,60,61,61,62,62,63,63,63,64,64,64,65,66,66,66,67,67,68,68,68,68],"card_choices":[{"not_picked":["Beam Cell","FTL"],"picked":"Auto Shields","floor":1},{"not_picked":["Steam","Beam Cell"],"picked":"Cold Snap","floor":4},{"not_picked":["Meteor Strike","Cold Snap"],"picked":"Ball Lightning","floor":5},{"not_picked":["Auto Shields","Fusion"],"picked":"Melter","floor":6},{"not_picked":["Recycle","Steam"],"picked":"Static Discharge","floor":11},{"not_picked":["Go for the Eyes","Fusion","Hello World"],"picked":"SKIP","floor":13},{"not_picked":["Fusion","Hello World"],"picked":"Go for the Eyes","floor":13},{"not_picked":["Aggregate","Doom and Gloom"],"picked":"Electrodynamics","floor":14},{"not_picked":["Hyperbeam","Meteor Strike"],"picked":"Creative AI","floor":16},{"not_picked":["Sweeping Beam","Ball Lightning","Streamline"],"picked":"SKIP","floor":18},{"not_picked":["Hologram","Coolheaded"],"picked":"Gash","floor":20},{"not_picked":["Doom and Gloom+1","Sweeping Beam"],"picked":"Self Repair","floor":22},{"not_picked":["FTL","Sunder+1"],"picked":"Leap","floor":23},{"not_picked":["Redo","Meteor Strike","Gash"],"picked":"SKIP","floor":25},{"not_picked":["Scrape","FTL","Chaos"],"picked":"SKIP","floor":29},{"not_picked":["White Noise","Turbo"],"picked":"Glacier","floor":31},{"not_picked":["Buffer","Amplify"],"picked":"Echo Form","floor":33},{"not_picked":["Steam","Redo+1"],"picked":"Cold Snap","floor":35},{"not_picked":["Hello World","Redo"],"picked":"Seek","floor":38},{"not_picked":["Capacitor","Redo","Barrage"],"picked":"SKIP","floor":41},{"not_picked":["Conserve Battery","Cold Snap","Ball Lightning"],"picked":"SKIP","floor":42},{"not_picked":["Gash","Compile Driver","Stack+1"],"picked":"SKIP","floor":45},{"not_picked":["Gash","Compile Driver"],"picked":"Stack+1","floor":45},{"not_picked":["Conserve Battery+1","Turbo"],"picked":"White Noise+1","floor":47}],"player_experience":241823,"relics_obtained":[{"floor":6,"key":"Oddly Smooth Stone"},{"floor":9,"key":"Centennial Puzzle"},{"floor":11,"key":"Pantograph"},{"floor":14,"key":"Girya"},{"floor":21,"key":"Nilry\u0027s Codex"},{"floor":23,"key":"Thread and Needle"},{"floor":25,"key":"Tiny Chest"},{"floor":26,"key":"Kunai"},{"floor":41,"key":"DataDisk"},{"floor":45,"key":"Boot"}],"event_choices":[{"damage_healed":0,"gold_gain":0,"player_choice":"Trade","damage_taken":0,"relics_obtained":["FaceOfCleric"],"max_hp_gain":0,"max_hp_loss":0,"event_name":"FaceTrader","floor":2,"gold_loss":0},{"damage_healed":0,"gold_gain":0,"player_choice":"Success","damage_taken":12,"relics_obtained":["Smiling Mask"],"max_hp_gain":0,"max_hp_loss":0,"event_name":"Scrap Ooze","floor":7,"gold_loss":0},{"damage_healed":0,"gold_gain":0,"player_choice":"Became a vampire","damage_taken":0,"max_hp_gain":0,"max_hp_loss":24,"event_name":"Vampires","floor":19,"gold_loss":0,"cards_obtained":["Bite","Bite","Bite","Bite","Bite"]},{"damage_healed":0,"gold_gain":0,"player_choice":"Obtained Book","damage_taken":16,"max_hp_gain":0,"max_hp_loss":0,"event_name":"Cursed Tome","floor":21,"gold_loss":0},{"damage_healed":0,"gold_gain":0,"cards_transformed":["Defend_B","Defend_B"],"player_choice":"Became Test Subject","damage_taken":0,"max_hp_gain":0,"max_hp_loss":0,"event_name":"Drug Dealer","floor":27,"gold_loss":0,"cards_obtained":["Hologram","All For One"]},{"damage_healed":0,"gold_gain":999,"player_choice":"Gold","damage_taken":0,"max_hp_gain":0,"max_hp_loss":0,"event_name":"MindBloom","floor":36,"gold_loss":0,"cards_obtained":["Normality","Normality"]},{"damage_healed":0,"gold_gain":0,"player_choice":"Paid Gold","damage_taken":0,"relics_obtained":["StoneCalendar"],"max_hp_gain":0,"max_hp_loss":0,"event_name":"WeMeetAgain","floor":48,"gold_loss":69}],"is_beta":false,"boss_relics":[{"not_picked":["Orrery","Runic Dome"],"picked":"Inserter"},{"not_picked":["Tiny House","Velvet Choker"],"picked":"Pandora\u0027s Box"}],"items_purged_floors":[37,39],"is_endless":false,"potions_floor_spawned":[1,5,13,16,31,33,38,41],"killed_by":"Donu and Deca","ascension_level":14}