{"gold_per_floor":[112,130,130,154,154,154,188,212,212,285,299,323,423,438,438,562,562,577,288,302,29,48,48,408,408],"floor_reached":25,"playtime":1379,"items_purged":["Strike_B"],"score":236,"play_id":"2e02de02-5eb5-484d-938e-5792648589da","local_time":"20190827121508","is_ascension_mode":true,"campfire_choices":[{"data":"Defragment","floor":6.0,"key":"SMITH"},{"data":"Go for the Eyes","floor":15.0,"key":"SMITH"},{"data":"Redo","floor":23.0,"key":"SMITH"}],"neow_cost":"NONE","seed_source_timestamp":1034989686560700,"circlet_count":0,"master_deck":["Strike_B","Strike_B","Strike_B","Defend_B","Defend_B","Defend_B","Defend_B","Zap","Dualcast","Chill","Defragment+1","Go for the Eyes+1","Amplify","Doom and Gloom","Melter","Force Field","Biased Cognition","Lockon+1","Defragment","Self Repair","Glacier","Redo+1"],"special_seed":0,"relics":["Cracked Core","Golden Idol","Boot","Darkstone Periapt","Singing Bowl","Philosopher\u0027s Stone","Lantern","Runic Capacitor"],"potions_floor_usage":[25,25,25],"damage_taken":[{"damage":7.0,"enemies":"2 Louse","floor":1.0,"turns":2.0},{"damage":14.0,"enemies":"Small Slimes","floor":2.0,"turns":3.0},{"damage":0.0,"enemies":"Cultist","floor":4.0,"turns":3.0},{"damage":10.0,"enemies":"Gremlin Nob","floor":7.0,"turns":4.0},{"damage":8.0,"enemies":"Blue Slaver","floor":8.0,"turns":3.0},{"damage":12.0,"enemies":"Gremlin Gang","floor":11.0,"turns":3.0},{"damage":6.0,"enemies":"3 Louse","floor":12.0,"turns":3.0},{"damage":3.0,"enemies":"Blue Slaver","floor":14.0,"turns":3.0},{"damage":4.0,"enemies":"The Guardian","floor":16.0,"turns":9.0},{"damage":5.0,"enemies":"Chosen","floor":18.0,"turns":3.0},{"damage":19.0,"enemies":"3 Byrds","floor":20.0,"turns":3.0},{"damage":0.0,"enemies":"Centurion and Healer","floor":22.0,"turns":9.0},{"damage":24,"enemies":"Slavers","floor":25,"turns":3}],"seed_played":"2570461586398998237","potions_obtained":[{"floor":4.0,"key":"Energy Potion"},{"floor":7.0,"key":"Regen Potion"},{"floor":11.0,"key":"FocusPotion"},{"floor":22.0,"key":"LiquidBronze"}],"is_trial":false,"path_per_floor":["M","M","?","M","?","R","E","M","T","?","M","M","?","M","R","B",null,"M","$","M","$","M","R","?","E"],"character_chosen":"DEFECT","items_purchased":["Defragment","Lantern","Runic Capacitor","Glacier"],"campfire_rested":0,"item_purchase_floors":[19,19,21,21],"current_hp_per_floor":[75,61,61,61,36,36,26,18,18,18,8,2,2,8,8,4,78,73,73,54,54,61,61,12,0],"gold":408,"neow_bonus":"TEN_PERCENT_HP_BONUS","is_prod":false,"is_daily":false,"chose_seed":false,"campfire_upgraded":3,"win_rate":0,"timestamp":1566900908,"path_taken":["M","M","?","M","?","R","E","M","T","?","M","M","?","?","R","BOSS","M","$","M","$","M","R","?","E"],"build_version":"2019-07-17","purchased_purges":1,"victory":false,"max_hp_per_floor":[82,82,76,76,76,76,76,76,76,76,78,78,78,78,78,78,78,78,78,78,78,78,78,78,78],"card_choices":[{"not_picked":["Redo","Ball Lightning"],"picked":"Chill","floor":1.0},{"not_picked":["FTL","Hello World"],"picked":"Defragment","floor":2.0},{"not_picked":["Barrage","Reprogram"],"picked":"Go for the Eyes","floor":4.0},{"not_picked":["Rebound","Go for the Eyes"],"picked":"Amplify","floor":7.0},{"not_picked":["Hello World","Conserve Battery"],"picked":"Doom and Gloom","floor":8.0},{"not_picked":["Beam Cell","Streamline","Undo"],"picked":"Singing Bowl","floor":11.0},{"not_picked":["Doom and Gloom","Streamline"],"picked":"Melter","floor":12.0},{"not_picked":["Auto Shields","Hologram"],"picked":"Force Field","floor":14.0},{"not_picked":["Meteor Strike","Core Surge"],"picked":"Biased Cognition","floor":16.0},{"not_picked":["Hologram+1","Leap"],"picked":"Lockon+1","floor":18.0},{"not_picked":["Gash","Rebound+1"],"picked":"Self Repair","floor":20.0},{"not_picked":["Rebound","Go for the Eyes"],"picked":"Redo","floor":22.0}],"player_experience":214956,"relics_obtained":[{"floor":7.0,"key":"Darkstone Periapt"},{"floor":9.0,"key":"Singing Bowl"}],"event_choices":[{"damage_healed":0.0,"max_hp_gain":0.0,"max_hp_loss":6.0,"gold_gain":0.0,"event_name":"Golden Idol","player_choice":"Lose Max HP","floor":3.0,"gold_loss":0.0,"damage_taken":0.0,"relics_obtained":["Golden Idol"]},{"damage_healed":0.0,"max_hp_gain":0.0,"max_hp_loss":0.0,"gold_gain":0.0,"event_name":"Scrap Ooze","player_choice":"Success","floor":5.0,"gold_loss":0.0,"damage_taken":25.0,"relics_obtained":["Boot"]},{"damage_healed":0.0,"max_hp_gain":0.0,"max_hp_loss":0.0,"gold_gain":73.0,"event_name":"Golden Wing","player_choice":"Gained Gold","floor":10.0,"gold_loss":0.0,"damage_taken":0.0},{"damage_healed":0.0,"max_hp_gain":0.0,"max_hp_loss":0.0,"gold_gain":100.0,"event_name":"Golden Shrine","player_choice":"Pray","floor":13.0,"gold_loss":0.0,"damage_taken":0.0},{"damage_healed":0.0,"max_hp_gain":0.0,"max_hp_loss":0.0,"gold_gain":360.0,"event_name":"Knowing Skull","player_choice":"POTION POTION GOLD GOLD GOLD GOLD ","floor":24.0,"potions_obtained":["FairyPotion","EntropicBrew"],"gold_loss":0.0,"damage_taken":49.0,"cards_obtained":[]}],"is_beta":false,"boss_relics":[{"not_picked":["Calling Bell","Runic Pyramid"],"picked":"Philosopher\u0027s Stone"}],"items_purged_floors":[19],"is_endless":false,"potions_floor_spawned":[4,7,11,22],"killed_by":"Slavers","ascension_level":3}