{"gold_per_floor":[115,190,116,135,145,170,170,187,213,213,276,276,299,329,329,432,432,448,418,418,432,42,42,56,56,56,56,67,67,32,32],"floor_reached":31,"playtime":1324,"items_purged":[],"score":351,"play_id":"d7a273b3-2735-45f7-b01e-1356ab093795","local_time":"20190825170355","is_ascension_mode":true,"campfire_choices":[{"floor":7,"key":"REST"},{"floor":10,"key":"REST"},{"data":"Loop","floor":12,"key":"SMITH"},{"floor":15,"key":"REST"},{"floor":23,"key":"REST"},{"floor":27,"key":"REST"},{"floor":29,"key":"REST"}],"neow_cost":"NONE","seed_source_timestamp":622885927894295,"circlet_count":0,"master_deck":["Strike_B","Strike_B","Strike_B","Strike_B","Defend_B","Defend_B","Defend_B","Defend_B","Zap","Dualcast","Ball Lightning","Loop+1","Conserve Battery","Leap","Machine Learning","Cold Snap","Rebound","Hello World","Aggregate","Amplify","Gash+1","Ball Lightning","Barrage","Auto Shields","Static Discharge","Conserve Battery+1","Leap+1","Skim+1"],"relics":["Cracked Core","Blood Vial","Omamori","Regal Pillow","Tiny Chest","Odd Mushroom","Bag of Marbles","Inserter","Toxic Egg 2","Bottled Flame"],"potions_floor_usage":[16,24,25],"damage_taken":[{"damage":12,"enemies":"Small Slimes","floor":1,"turns":2},{"damage":1,"enemies":"2 Louse","floor":4,"turns":2},{"damage":0,"enemies":"Cultist","floor":5,"turns":3},{"damage":49,"enemies":"3 Sentries","floor":6,"turns":8},{"damage":1,"enemies":"Blue Slaver","floor":8,"turns":3},{"damage":31,"enemies":"Gremlin Nob","floor":11,"turns":5},{"damage":18,"enemies":"The Mushroom Lair","floor":13,"turns":4},{"damage":14,"enemies":"Lagavulin","floor":14,"turns":5},{"damage":0,"enemies":"Slime Boss","floor":16,"turns":7},{"damage":19,"enemies":"Spheric Guardian","floor":18,"turns":5},{"damage":30,"enemies":"2 Thieves","floor":19,"turns":5},{"damage":25,"enemies":"Snecko","floor":21,"turns":6},{"damage":24,"enemies":"Cultist and Chosen","floor":24,"turns":6},{"damage":18,"enemies":"Snake Plant","floor":25,"turns":4},{"damage":38,"enemies":"Snecko","floor":28,"turns":6},{"damage":51,"enemies":"Sentry and Sphere","floor":31,"turns":5}],"seed_played":"8508351326257064004","potions_obtained":[{"floor":5,"key":"LiquidBronze"},{"floor":8,"key":"Fire Potion"},{"floor":11,"key":"EssenceOfSteel"},{"floor":16,"key":"PowerPotion"},{"floor":20,"key":"SmokeBomb"},{"floor":24,"key":"Fire Potion"}],"is_trial":false,"path_per_floor":["M","?","$","M","M","E","R","M","T","R","E","R","?","E","R","B",null,"M","M","?","M","$","R","M","M","T","R","M","R","$","M"],"character_chosen":"DEFECT","items_purchased":["Loop","Auto Shields","Static Discharge","Toxic Egg 2","Skim+1"],"campfire_rested":6,"item_purchase_floors":[3,22,22,22,30],"current_hp_per_floor":[63,52,52,53,55,8,30,31,31,68,39,39,23,11,48,50,75,56,28,28,5,5,42,20,4,4,41,5,42,42,0],"gold":32,"neow_bonus":"RANDOM_COMMON_RELIC","is_prod":false,"is_daily":false,"chose_seed":false,"campfire_upgraded":1,"win_rate":0,"timestamp":1566767035,"path_taken":["M","?","$","M","M","E","R","M","T","R","E","R","?","E","R","BOSS","M","M","?","M","$","R","?","M","T","R","M","R","$","M"],"build_version":"2019-08-23","purchased_purges":0,"victory":false,"max_hp_per_floor":[75,75,75,75,75,75,75,75,75,75,75,75,75,75,75,75,75,75,75,75,75,75,75,75,75,75,75,75,75,75,75],"card_choices":[{"not_picked":["Barrage","Conserve Battery"],"picked":"Ball Lightning","floor":1},{"not_picked":["Skim","Barrage"],"picked":"Conserve Battery","floor":4},{"not_picked":["Gash","Streamline"],"picked":"Leap","floor":5},{"not_picked":["Coolheaded","Compile Driver"],"picked":"Machine Learning","floor":6},{"not_picked":["Gash","Machine Learning"],"picked":"Cold Snap","floor":8},{"not_picked":["Cold Snap","Undo"],"picked":"Rebound","floor":11},{"not_picked":["Tempest","Blizzard"],"picked":"Hello World","floor":13},{"not_picked":["Doom and Gloom","All For One"],"picked":"Aggregate","floor":14},{"not_picked":["Multi-Cast","Machine Learning"],"picked":"Amplify","floor":16},{"not_picked":["Chill","Ball Lightning"],"picked":"Gash+1","floor":18},{"not_picked":["Turbo","Redo"],"picked":"Ball Lightning","floor":19},{"not_picked":["Hologram","Redo"],"picked":"Barrage","floor":21},{"not_picked":["Undo+1","Static Discharge"],"picked":"Conserve Battery+1","floor":24},{"not_picked":["Stack+1","Scrape"],"picked":"Leap+1","floor":28}],"player_experience":62579,"relics_obtained":[{"floor":6,"key":"Omamori"},{"floor":9,"key":"Regal Pillow"},{"floor":11,"key":"Tiny Chest"},{"floor":13,"key":"Odd Mushroom"},{"floor":14,"key":"Bag of Marbles"},{"floor":26,"key":"Bottled Flame"}],"event_choices":[{"damage_healed":0,"gold_gain":75,"player_choice":"Gather Gold","damage_taken":11,"max_hp_gain":0,"max_hp_loss":0,"event_name":"World of Goop","floor":2,"gold_loss":0},{"damage_healed":0,"gold_gain":0,"player_choice":"Fought Mushrooms","damage_taken":0,"max_hp_gain":0,"max_hp_loss":0,"event_name":"Mushrooms","floor":13,"gold_loss":0},{"damage_healed":0,"gold_gain":0,"player_choice":"Got Potions","damage_taken":0,"max_hp_gain":0,"max_hp_loss":0,"event_name":"Lab","floor":20,"gold_loss":0}],"is_beta":true,"boss_relics":[{"not_picked":["Snecko Eye","FrozenCore"],"picked":"Inserter"}],"items_purged_floors":[],"is_endless":false,"potions_floor_spawned":[5,8,11,13,16,18,24],"killed_by":"Sentry and Sphere","ascension_level":3}