{"gold_per_floor":[118,118,132,146,166,201,10,33,56,56,80,101,119,143,143,268,268,281,305,16,40,40],"floor_reached":22,"playtime":1414,"items_purged":[],"score":252,"play_id":"bcb1cffb-9285-4829-ae40-bf74bdc2dc2b","local_time":"20181027024215","is_ascension_mode":true,"campfire_choices":[{"floor":10,"key":"REST"},{"floor":15,"key":"REST"}],"neow_cost":"NONE","seed_source_timestamp":1480194792773560,"circlet_count":0,"master_deck":["Defend_G","Defend_G","Defend_G","Defend_G","Defend_G","Strike_G","Strike_G","Strike_G","Strike_G","Strike_G","Survivor","Neutralize","Adrenaline","Prepared","Injury","Dagger Spray","Dagger Spray","Flying Knee","Backflip","Rebound","Conserve Battery","Poisoned Stab","Ball Lightning","Leg Sweep","Anger","Leap","Echo Form","Go for the Eyes","True Grit+1","Adrenaline","Skim"],"relics":["Ring of the Snake","Golden Idol","Dream Catcher","PrismaticShard","Blood Vial","Sozu","Vajra"],"potions_floor_usage":[8,12,13,16],"damage_taken":[{"damage":4,"enemies":"Small Slimes","floor":1,"turns":4},{"damage":9,"enemies":"Jaw Worm","floor":3,"turns":5},{"damage":2,"enemies":"Cultist","floor":4,"turns":4},{"damage":5,"enemies":"Gremlin Gang","floor":5,"turns":3},{"damage":38,"enemies":"Gremlin Nob","floor":6,"turns":5},{"damage":0,"enemies":"Blue Slaver","floor":8,"turns":3},{"damage":12,"enemies":"3 Louse","floor":11,"turns":3},{"damage":0,"enemies":"Large Slime","floor":12,"turns":4},{"damage":3,"enemies":"Exordium Thugs","floor":13,"turns":3},{"damage":2,"enemies":"Red Slaver","floor":14,"turns":3},{"damage":22,"enemies":"Slime Boss","floor":16,"turns":12},{"damage":20,"enemies":"Spheric Guardian","floor":18,"turns":4},{"damage":28,"enemies":"2 Thieves","floor":19,"turns":4},{"damage":8,"enemies":"Centurion and Healer","floor":21,"turns":7},{"damage":2,"enemies":"Snecko","floor":22,"turns":3}],"seed_played":"-7939546965704717409","potions_obtained":[{"floor":6,"key":"Energy Potion"},{"floor":8,"key":"Block Potion"},{"floor":11,"key":"Energy Potion"},{"floor":14,"key":"Fire Potion"},{"floor":16,"key":"Dexterity Potion"}],"is_trial":false,"path_per_floor":["M","?","M","M","M","E","$","M","T","R","M","M","M","M","R","B",null,"M","M","$","M"],"character_chosen":"THE_SILENT","items_purchased":["PrismaticShard","Adrenaline","Vajra"],"campfire_rested":2,"item_purchase_floors":[7,20,20],"current_hp_per_floor":[59,59,50,48,43,5,5,5,5,26,16,18,17,17,38,18,57,39,13,13,7,7],"gold":40,"neow_bonus":"ONE_RANDOM_RARE_CARD","is_prod":false,"is_daily":false,"chose_seed":false,"campfire_upgraded":0,"win_rate":0,"timestamp":1540622535,"path_taken":["M","?","?","M","M","E","$","M","T","R","M","M","M","M","R","BOSS","M","M","$","M","M"],"build_version":"2018-10-25v2","purchased_purges":0,"victory":false,"max_hp_per_floor":[70,70,70,70,70,70,70,70,70,70,70,70,70,70,70,70,70,70,70,70,70,70],"card_choices":[{"not_picked":["Underhanded Strike","Setup"],"picked":"Prepared","floor":1},{"not_picked":["Underhanded Strike","Poisoned Stab"],"picked":"Dagger Spray","floor":3},{"not_picked":["PiercingWail","Outmaneuver"],"picked":"Dagger Spray","floor":4},{"not_picked":["Underhanded Strike","Acrobatics"],"picked":"Flying Knee","floor":5},{"not_picked":["Acrobatics","Masterful Stab"],"picked":"Backflip","floor":6},{"not_picked":["Panacea","Machine Learning"],"picked":"Rebound","floor":8},{"not_picked":["PiercingWail","True Grit"],"picked":"Conserve Battery","floor":10},{"not_picked":["Outmaneuver","Cleave"],"picked":"Poisoned Stab","floor":11},{"not_picked":["Bloodletting","Heavy Blade"],"picked":"Ball Lightning","floor":12},{"not_picked":["Twin Strike","Armaments"],"picked":"Leg Sweep","floor":13},{"not_picked":["Acrobatics","Riddle With Holes"],"picked":"Anger","floor":14},{"not_picked":["Thunderclap","Corpse Explosion"],"picked":"Leap","floor":15},{"not_picked":["Impervious","Doppelganger"],"picked":"Echo Form","floor":16},{"not_picked":["Redo","Redo"],"picked":"Go for the Eyes","floor":18},{"not_picked":["Havoc","Deadly Poison"],"picked":"True Grit+1","floor":19},{"not_picked":["Beam Cell","Swift Strike+1"],"picked":"Skim","floor":21}],"player_experience":295131,"relics_obtained":[{"floor":6,"key":"Dream Catcher"},{"floor":9,"key":"Blood Vial"}],"event_choices":[{"damage_healed":0,"gold_gain":0,"player_choice":"Take Wound","damage_taken":0,"relics_obtained":["Golden Idol"],"max_hp_gain":0,"max_hp_loss":0,"event_name":"Golden Idol","floor":2,"gold_loss":0,"cards_obtained":["Injury"]}],"is_beta":false,"boss_relics":[{"not_picked":["Empty Cage","HoveringKite"],"picked":"Sozu"}],"items_purged_floors":[],"is_endless":false,"potions_floor_spawned":[6,8,11,14,16,19],"killed_by":"Snecko","ascension_level":6}