{"path_per_floor":["M","?","?","M","M","E","R","M","T","M","M","E","M","M","R","B",null,"M","M","?","$","?","E","R","E","T","E","M","M","M","?","R","B",null,"M","?","M","M","M","R","M","R","T","M","$","R","E","M","R","B"],"character_chosen":"IRONCLAD","items_purchased":["Happy Flower","Entrench","Dramatic Entrance","Shrug It Off","Shuriken","Intimidate"],"gold_per_floor":[119,119,69,86,106,131,131,150,150,160,173,206,224,235,235,330,330,349,361,361,19,19,48,48,81,81,107,118,132,152,152,152,254,254,270,270,288,301,320,320,336,336,336,350,39,39,74,87,87,87],"floor_reached":51,"campfire_rested":1,"playtime":4045,"current_hp_per_floor":[80,80,80,77,74,54,54,53,53,54,58,54,60,50,50,40,80,63,60,60,60,60,58,58,47,47,45,51,57,59,87,87,27,87,82,82,74,73,59,59,79,79,79,47,47,47,41,37,63,28],"items_purged":[],"gold":87,"score":605,"play_id":"7e5e064b-6e24-4615-9e1d-bbfcd6be531a","is_prod":false,"is_daily":false,"is_ascension_mode":false,"campfire_upgraded":7,"path_taken":["M","?","?","M","M","E","R","M","T","M","M","E","?","?","R","BOSS","M","M","?","$","?","E","R","E","T","E","M","?","M","?","R","BOSS","M","?","M","M","M","R","M","R","T","?","$","R","E","M","R","BOSS"],"build_version":"2018-02-22-PROD2","purchased_purges":0,"victory":true,"master_deck":["Defend_R","Defend_R","Defend_R","Defend_R","Bash","Searing Blow+7","Sword Boomerang","Flex","Sword Boomerang","Reckless Charge","Double Tap","Headbutt","Clothesline","Flame Barrier","Barricade+1","Metallicize+1","Offering","Metallicize+1","Inflame+1","Entrench","Dramatic Entrance","Shrug It Off","Writhe","Headbutt+1","Disarm+1","Impervious","Cleave","Body Slam","Sword Boomerang","Demon Form+1","Shockwave+1","Dual Wield+1","Searing Blow+1","Shrug It Off","Shrug It Off+1","Body Slam+1","Infernal Blade","Burning Pact+1","Clothesline+1","Intimidate","Impervious","Warcry"],"max_hp_per_floor":[80,80,80,80,80,80,80,80,80,80,80,80,80,80,80,80,80,80,80,80,80,80,80,80,80,80,87,87,87,87,87,87,87,87,87,87,87,87,87,87,87,87,87,87,87,87,87,87,87,87],"relics":["Black Blood","Mercury Hourglass","Bag of Marbles","Frozen Egg 2","Happy Flower","Self Forming Clay","Bottled Lightning","Bottled Flame","Ancient Tea Set","Strawberry","Astrolabe","Kunai","Shuriken","Pen Nib"],"card_choices":[{"not_picked":["Cleave","Iron Wave"],"picked":"Searing Blow"},{"not_picked":["Perfected Strike","Carnage"],"picked":"Flex"},{"not_picked":["Cleave","Iron Wave"],"picked":"Sword Boomerang"},{"not_picked":["Searing Blow","Clash"],"picked":"Reckless Charge"},{"not_picked":["Flex","Intimidate"],"picked":"Double Tap"},{"not_picked":["Perfected Strike","Anger"],"picked":"Headbutt"},{"not_picked":["Fire Breathing","Anger"],"picked":"Clothesline"},{"not_picked":["Hemokinesis","Entrench"],"picked":"Flame Barrier"},{"not_picked":["Flame Barrier","Entrench"],"picked":"Barricade"},{"not_picked":["Armaments","Flex"],"picked":"Metallicize"},{"not_picked":["Bludgeon","Barricade"],"picked":"Offering"},{"not_picked":["Clothesline","True Grit"],"picked":"Metallicize"},{"not_picked":["Perfected Strike","Uppercut"],"picked":"Inflame"},{"not_picked":["Carnage","Corruption"],"picked":"Headbutt"},{"not_picked":["Twin Strike","Sword Boomerang"],"picked":"Disarm"},{"not_picked":["Anger","Blood for Blood"],"picked":"Impervious"},{"not_picked":["Hemokinesis","Carnage"],"picked":"Cleave"},{"not_picked":["Warcry","Shockwave"],"picked":"Body Slam"},{"not_picked":["Corruption","Perfected Strike"],"picked":"Sword Boomerang"},{"not_picked":["Offering","Berserk"],"picked":"Demon Form"},{"not_picked":["Headbutt","Twin Strike"],"picked":"Shrug It Off"},{"not_picked":["Ghostly Armor","Sword Boomerang"],"picked":"Shrug It Off"},{"not_picked":["Feel No Pain","Headbutt"],"picked":"Body Slam"},{"not_picked":["Armaments","Cleave"],"picked":"Infernal Blade"},{"not_picked":["Thunderclap","Anger"],"picked":"Burning Pact"},{"not_picked":["Rage","Fire Breathing"],"picked":"Clothesline"},{"not_picked":["Pommel Strike","Iron Wave"],"picked":"Impervious"},{"not_picked":["True Grit","Cleave"],"picked":"Warcry"}],"player_experience":0,"potions_floor_usage":[6,16,23,25,25,41,47,50,50],"damage_taken":[{"damage":5.0,"enemies":"Jaw Worm","floor":1.0,"turns":4.0},{"damage":9,"enemies":"2 Louse","floor":4,"turns":3},{"damage":9,"enemies":"Blue Slaver","floor":5,"turns":3},{"damage":26,"enemies":"3 Sentries","floor":6,"turns":9},{"damage":7,"enemies":"Exordium Thugs","floor":8,"turns":4},{"damage":5,"enemies":"Lots of Slimes","floor":10,"turns":3},{"damage":2,"enemies":"Blue Slaver","floor":11,"turns":2},{"damage":10,"enemies":"Gremlin Nob","floor":12,"turns":3},{"damage":0,"enemies":"3 Louse","floor":13,"turns":2},{"damage":16,"enemies":"Gremlin Gang","floor":14,"turns":2},{"damage":31,"enemies":"The Guardian","floor":16,"turns":13},{"damage":27,"enemies":"2 Thieves","floor":18,"turns":3},{"damage":13,"enemies":"3 Byrds","floor":19,"turns":3},{"damage":24,"enemies":"Book of Stabbing","floor":23,"turns":6},{"damage":21,"enemies":"Slavers","floor":25,"turns":4},{"damage":19,"enemies":"Book of Stabbing","floor":27,"turns":7},{"damage":4,"enemies":"Snake Plant","floor":28,"turns":3},{"damage":4,"enemies":"3 Cultists","floor":29,"turns":2},{"damage":8,"enemies":"Centurion and Healer","floor":30,"turns":2},{"damage":70,"enemies":"Champ","floor":33,"turns":14},{"damage":15,"enemies":"3 Darklings","floor":35,"turns":4},{"damage":18,"enemies":"3 Shapes","floor":37,"turns":5},{"damage":11,"enemies":"Maw","floor":38,"turns":8},{"damage":24,"enemies":"3 Darklings","floor":39,"turns":5},{"damage":5,"enemies":"4 Shapes","floor":41,"turns":7},{"damage":42,"enemies":"Maw","floor":44,"turns":11},{"damage":16,"enemies":"Nemesis","floor":47,"turns":3},{"damage":20,"enemies":"3 Darklings","floor":48,"turns":8},{"damage":45,"enemies":"Awakened One","floor":50,"turns":15}],"event_choices":[{"event_name":"Living Wall","player_choice":"Change","floor":2,"damage_taken":0},{"event_name":"The Cleric","player_choice":"Card Removal","floor":3,"damage_taken":0},{"event_name":"Beggar","player_choice":"Ignored","floor":20,"damage_taken":0},{"event_name":"The Mausoleum","player_choice":"Yes","floor":22,"damage_taken":0},{"event_name":"The Library","player_choice":"Heal","floor":31,"damage_taken":0},{"event_name":"The Woman in Blue","player_choice":"Bought 0 Potions","floor":36,"damage_taken":0}],"boss_relics":[{"not_picked":["Sozu","Velvet Choker"],"picked":"Black Blood"},{"not_picked":["Calling Bell","Question Card"],"picked":"Astrolabe"}],"potions_floor_spawned":[5,10,13,14,16,25,27,28,30,39,41,44],"seed_played":"-9153957597168377835","ascension_level":0,"is_trial":false}