{"path_per_floor":["M","M","$","M","M","E","?","M","T","$","R","M","E","M","R","B",null,"M","?","?","M","?","E","$","R","T","M","R","M","M","M","R","B",null,"M","M","?","$","?","R","M","M","T","$","?","E","$","?","R","B"],"character_chosen":"DEFECT","items_purchased":["DataDisk","Self Repair","Go for the Eyes","Stack","Recycle","Capacitor","Echo Form","Leap","Axe Kick","Turnip","Mummified Hand","Coolheaded"],"gold_per_floor":[363,374,10,29,43,70,70,83,83,32,32,43,76,90,90,192,192,211,211,211,230,230,265,47,47,347,363,363,374,392,404,404,500,500,510,520,520,228,228,228,246,261,288,6,6,31,31,31,31,31],"floor_reached":51,"campfire_rested":4,"playtime":4078,"current_hp_per_floor":[67,67,67,68,68,56,49,43,43,43,43,40,28,26,46,29,68,55,39,61,57,57,55,55,55,55,50,50,42,34,24,44,34,68,52,59,59,59,49,68,57,57,57,57,48,34,34,34,54,9],"items_purged":[],"gold":31,"score":709,"play_id":"45713c91-0768-4f32-a9e8-525b4a558922","local_time":"20180507170224","is_prod":false,"is_daily":false,"chose_seed":false,"is_ascension_mode":false,"campfire_upgraded":3,"timestamp":1525680144,"path_taken":["M","M","$","M","M","E","?","M","T","?","R","M","E","M","R","BOSS","M","?","?","?","?","E","$","R","T","M","R","M","M","?","R","BOSS","M","M","?","$","?","R","M","M","T","$","?","E","$","?","R","BOSS"],"build_version":"2018-05-03","seed_source_timestamp":2132963855762583,"purchased_purges":1,"victory":true,"master_deck":["Strike_B","Strike_B","Strike_B","Strike_B","Defend_B+1","Defend_B+1","Defend_B","Defend_B","Zap","Dualcast","Tempest","Aggregate+1","Self Repair","Go for the Eyes","Stack","Recycle","Defragment+1","Ball Lightning","Auto Shields","Aggregate","Capacitor","Capacitor","Glacier","Turbo","Creative AI+1","Skim+1","Stack","Storm","Echo Form","Leap","Axe Kick+1","Cold Snap+1","Loop+1","Force Field","Cold Snap+1","Echo Form","Reinforced Body+1","FTL+1","Mind Blast+1","Trip","Magnetism","Ball Lightning+1","Cold Snap+1","Coolheaded","Madness","Madness","Creative AI","Defragment+1"],"max_hp_per_floor":[68,68,68,68,68,68,68,68,68,68,68,68,68,68,68,68,68,68,68,68,68,68,68,68,68,68,68,68,68,68,68,68,68,68,68,68,68,68,68,68,68,68,68,68,68,68,68,68,68,68],"relics":["Cracked Core","DataDisk","War Paint","Mercury Hourglass","Molten Egg 2","Bottled Flame","Nuclear Battery","Nilry\u0027s Codex","Torii","Old Coin","Sozu","Turnip","Vajra","Mummified Hand","Bottled Lightning"],"card_choices":[{"not_picked":["Barrage","Ball Lightning"],"picked":"Tempest","floor":1},{"not_picked":["Coolheaded","Go for the Eyes"],"picked":"Aggregate","floor":2},{"not_picked":["Steam Power","Cold Snap"],"picked":"Defragment","floor":4},{"not_picked":["Heatsinks","Axe Kick"],"picked":"Ball Lightning","floor":5},{"not_picked":["Ball Lightning","Barrage"],"picked":"Auto Shields","floor":6},{"not_picked":["Rainbow","Skim"],"picked":"Aggregate","floor":8},{"not_picked":["Storm","Turbo"],"picked":"Capacitor","floor":12},{"not_picked":["Leap","Cold Snap"],"picked":"Glacier","floor":13},{"not_picked":["Ball Lightning","Buffer"],"picked":"Turbo","floor":14},{"not_picked":["Biased Cognition","Hyperbeam"],"picked":"Creative AI","floor":16},{"not_picked":["Auto Shields","Genetic Algorithm"],"picked":"Skim","floor":18},{"not_picked":["Genetic Algorithm","Capacitor"],"picked":"Stack","floor":21},{"not_picked":["Redo","White Noise"],"picked":"Storm","floor":23},{"not_picked":["Capacitor","Go for the Eyes"],"picked":"Cold Snap","floor":27},{"not_picked":["Barrage","Static Discharge"],"picked":"Loop","floor":29},{"not_picked":["Coolheaded","Reinforced Body"],"picked":"Force Field","floor":30},{"not_picked":["Hologram","Impulse"],"picked":"Cold Snap","floor":31},{"not_picked":["All For One","Biased Cognition"],"picked":"Echo Form","floor":33},{"not_picked":["Blizzard","Rip and Tear"],"picked":"Reinforced Body","floor":35},{"not_picked":["Impulse","Hologram"],"picked":"FTL","floor":36},{"not_picked":["Bandage Up","Trip"],"picked":"Mind Blast","floor":39},{"not_picked":["Secret Weapon","Deep Breath"],"picked":"Trip","floor":39},{"not_picked":["Good Instincts","Jack Of All Trades"],"picked":"Magnetism","floor":39},{"not_picked":["Axe Kick","Doom and Gloom"],"picked":"Ball Lightning","floor":41},{"not_picked":["Rebound","Hologram"],"picked":"Cold Snap","floor":42},{"not_picked":["Blizzard","Ball Lightning"],"picked":"Creative AI","floor":46}],"player_experience":40482,"potions_floor_usage":[13,14,23,31,33,46],"damage_taken":[{"damage":1,"enemies":"Cultist","floor":1,"turns":3},{"damage":0,"enemies":"Small Slimes","floor":2,"turns":3},{"damage":3,"enemies":"2 Louse","floor":4,"turns":3},{"damage":3,"enemies":"Exordium Thugs","floor":5,"turns":5},{"damage":19,"enemies":"3 Sentries","floor":6,"turns":5},{"damage":6,"enemies":"2 Fungi Beasts","floor":8,"turns":3},{"damage":10,"enemies":"Looter","floor":12,"turns":3},{"damage":19,"enemies":"Gremlin Nob","floor":13,"turns":4},{"damage":2,"enemies":"3 Louse","floor":14,"turns":2},{"damage":17,"enemies":"Slime Boss","floor":16,"turns":11},{"damage":20,"enemies":"Shell Parasite","floor":18,"turns":5},{"damage":4,"enemies":"3 Byrds","floor":21,"turns":4},{"damage":9,"enemies":"Slavers","floor":23,"turns":5},{"damage":12,"enemies":"Centurion and Healer","floor":27,"turns":7},{"damage":8,"enemies":"Snake Plant","floor":29,"turns":3},{"damage":8,"enemies":"Snecko","floor":30,"turns":5},{"damage":17,"enemies":"Centurion and Healer","floor":31,"turns":5},{"damage":10,"enemies":"Champ","floor":33,"turns":9},{"damage":20,"enemies":"3 Shapes","floor":35,"turns":6},{"damage":0,"enemies":"Flame Bruiser 1 Orb","floor":36,"turns":10},{"damage":11,"enemies":"3 Darklings","floor":41,"turns":5},{"damage":0,"enemies":"Sphere and 2 Shapes","floor":42,"turns":3},{"damage":29,"enemies":"Nemesis","floor":46,"turns":7},{"damage":45,"enemies":"Time Eater","floor":50,"turns":9}],"event_choices":[{"event_name":"Scrap Ooze","player_choice":"success","floor":7,"damage_taken":7},{"event_name":"Cursed Tome","player_choice":"Obtained Book","floor":19,"damage_taken":0},{"event_name":"The Library","player_choice":"Heal","floor":20,"damage_taken":0},{"event_name":"Vampires","player_choice":"Ignored","floor":22,"damage_taken":0},{"event_name":"The Lab","player_choice":"Got Potions","floor":37,"damage_taken":0},{"event_name":"SensoryStone","player_choice":"Memory 3","floor":39,"damage_taken":0},{"event_name":"Winding Halls","player_choice":"Embrace Madness","floor":45,"damage_taken":0},{"event_name":"Duplicator","player_choice":"One dupe","floor":48,"damage_taken":0}],"boss_relics":[{"not_picked":["Lizard Tail","Astrolabe"],"picked":"Nuclear Battery"},{"not_picked":["Velvet Choker","Calling Bell"],"picked":"Sozu"}],"potions_floor_spawned":[2,12,16,23,27,30,31,33,36,41,42,46],"seed_played":"5067111561330403085","ascension_level":0,"is_trial":false}