{"path_per_floor":["M","M","?","?","M","E","$","?","T","$","E","M","M","?","R","B",null,"M","?","M","?","$"],"character_chosen":"DEFECT","items_purchased":["Machine Learning","Stack","Apotheosis","Go for the Eyes"],"gold_per_floor":[115,126,126,126,136,169,5,5,29,29,57,72,82,109,109,213,213,233,233,246,246,15,15],"floor_reached":23,"campfire_rested":1,"playtime":1906,"current_hp_per_floor":[51,48,48,48,48,35,35,35,35,35,28,27,23,17,43,5,89,63,63,60,44,44,20],"items_purged":[],"gold":15,"score":224,"play_id":"d58c9c0b-f091-432c-b1d7-f272ee8efa1c","local_time":"20180506072143","is_prod":false,"is_daily":false,"chose_seed":false,"is_ascension_mode":false,"campfire_upgraded":0,"timestamp":1525558903,"path_taken":["M","M","?","?","M","E","?","?","T","?","E","M","M","?","R","BOSS","M","?","?","?","?","E"],"build_version":"2018-05-03","seed_source_timestamp":2013910749243988,"purchased_purges":0,"victory":false,"master_deck":["Strike_B","Strike_B","Strike_B","Defend_B","Defend_B+1","Defend_B","Defend_B+1","Zap","Dualcast","Go for the Eyes","Capacitor","Sunder","Zap","Finesse","Coolheaded","Doom and Gloom","Machine Learning","Stack","Stack","Fission","Stack","Stack","Fusion","Ball Lightning","Self Repair+1","Apotheosis","Go for the Eyes"],"max_hp_per_floor":[89,89,89,89,89,89,89,89,89,89,89,89,89,89,89,89,89,89,89,89,89,89,89],"relics":["Cracked Core","Mango","War Paint","Orichalcum","Lantern","Odd Mushroom","Inserter","Nilry\u0027s Codex"],"card_choices":[{"not_picked":["Recycle","BootSequence"],"picked":"Go for the Eyes","floor":1},{"not_picked":["Blizzard","Scrape"],"picked":"Capacitor","floor":2},{"not_picked":["Stack","Hello World"],"picked":"Coolheaded","floor":5},{"not_picked":["Storm","Turbo"],"picked":"Doom and Gloom","floor":6},{"not_picked":["Rebound","Chill"],"picked":"Stack","floor":11},{"not_picked":["Sweeping Beam","Darkness"],"picked":"Fission","floor":12},{"not_picked":["Barrage","Cold Snap"],"picked":"Stack","floor":13},{"not_picked":["Undo","Ball Lightning"],"picked":"Stack","floor":14},{"not_picked":["Meteor Strike","Biased Cognition"],"picked":"Fusion","floor":16},{"not_picked":["Scrape","Sunder"],"picked":"Ball Lightning","floor":18},{"not_picked":["Sweeping Beam","Impulse"],"picked":"Self Repair","floor":20}],"player_experience":31039,"potions_floor_usage":[11,14,18,23],"damage_taken":[{"damage":1,"enemies":"Cultist","floor":1,"turns":3},{"damage":3,"enemies":"Jaw Worm","floor":2,"turns":4},{"damage":0,"enemies":"Small Slimes","floor":5,"turns":2},{"damage":13,"enemies":"Lagavulin","floor":6,"turns":8},{"damage":7,"enemies":"3 Sentries","floor":11,"turns":6},{"damage":1,"enemies":"2 Fungi Beasts","floor":12,"turns":3},{"damage":4,"enemies":"Blue Slaver","floor":13,"turns":3},{"damage":15,"enemies":"The Mushroom Lair","floor":14,"turns":4},{"damage":38,"enemies":"The Guardian","floor":16,"turns":20},{"damage":41,"enemies":"Spheric Guardian","floor":18,"turns":8},{"damage":3,"enemies":"Shell Parasite","floor":20,"turns":10},{"damage":39,"enemies":"Book of Stabbing","floor":23,"turns":7}],"event_choices":[{"event_name":"Living Wall","player_choice":"Change","floor":3,"damage_taken":0},{"event_name":"Match and Keep!","player_choice":"2 cards matched","floor":4,"damage_taken":0},{"event_name":"The Cleric","player_choice":"Leave","floor":8,"damage_taken":0},{"event_name":"Mushrooms","player_choice":"Fought Mushrooms","floor":14,"damage_taken":0},{"event_name":"Ghosts","player_choice":"Ignored","floor":19,"damage_taken":0},{"event_name":"Cursed Tome","player_choice":"Obtained Book","floor":21,"damage_taken":0}],"boss_relics":[{"not_picked":["Sozu","Runic Pyramid"],"picked":"Inserter"}],"potions_floor_spawned":[1,6,12,14,20],"seed_played":"1012013293941299782","killed_by":"Book of Stabbing","ascension_level":0,"is_trial":false}