{"path_per_floor":["M","M","M","M","M","R","E","M","T","$","M","M","R","E","R","B",null,"M","M","$","M","M","E","R","E","T","M","?","R","M","M","R","B",null,"M","?","?","M","$","R","E","M","T","E","M","R","M","M","R","B"],"character_chosen":"IRONCLAD","items_purchased":["Inflame","Strawberry","Bandage Up","Bottled Tornado","Inflame"],"gold_per_floor":[16,31,44,54,65,65,92,108,135,62,81,100,100,129,129,228,228,245,262,17,33,46,71,71,99,151,171,171,171,182,199,199,295,295,306,306,360,373,63,63,90,109,136,169,185,185,204,220,220,220],"floor_reached":51,"campfire_rested":1,"playtime":3775,"current_hp_per_floor":[80,80,78,73,74,74,65,59,59,59,62,65,65,63,63,47,80,62,68,75,70,58,32,58,58,58,58,58,58,62,68,68,61,87,84,84,74,80,80,80,76,68,68,64,68,68,74,87,87,87],"items_purged":[],"gold":220,"score":767,"play_id":"83b5148c-c466-4058-b264-3fd7f9548d62","local_time":"20180513143620","is_prod":false,"is_daily":false,"chose_seed":false,"is_ascension_mode":false,"campfire_upgraded":8,"timestamp":1526189780,"path_taken":["M","M","M","?","M","R","E","M","T","?","M","M","R","E","R","BOSS","M","M","$","M","M","E","R","E","T","M","?","R","M","M","R","BOSS","M","?","?","M","$","R","E","?","T","E","M","R","M","M","R","BOSS"],"build_version":"2018-05-12v2","seed_source_timestamp":330516873505253,"purchased_purges":0,"victory":true,"master_deck":["Strike_R","Strike_R","Defend_R","Defend_R","Defend_R","Defend_R","Bash","Anger","Fiend Fire","Fire Breathing","Uppercut","Uppercut+1","Headbutt","Shrug It Off","Iron Wave","Inflame","Iron Wave","Demon Form+1","Power Through+1","Offering","Iron Wave","Shrug It Off","Bandage Up","Shrug It Off+1","Limit Break+1","Evolve+1","Sentinel","Havoc+1","Demon Form+1","Battle Trance+1","Shrug It Off+1","Ghostly Armor+1","Inflame","Fire Breathing+1","Bloodletting+1","Battle Trance","Dual Wield+1","Reaper","Warcry+1"],"max_hp_per_floor":[80,80,80,80,80,80,80,80,80,80,80,80,80,80,80,80,80,80,80,87,87,87,87,87,87,87,87,87,87,87,87,87,87,87,87,87,87,87,87,87,87,87,87,87,87,87,87,87,87,87],"relics":["Burning Blood","Mummified Hand","Bronze Scales","Oddly Smooth Stone","Philosopher\u0027s Stone","Strawberry","Ancient Tea Set","Bag of Preparation","Potion Belt","Runic Dome","Sundial","Bottled Tornado","Happy Flower","Omamori","Bag of Marbles"],"card_choices":[{"not_picked":["Armaments","Reckless Charge"],"picked":"Fire Breathing","floor":1},{"not_picked":["Armaments","Havoc"],"picked":"Uppercut","floor":2},{"not_picked":["Body Slam","Twin Strike","Flame Barrier"],"picked":"SKIP","floor":3},{"not_picked":["Sentinel","Corruption"],"picked":"Uppercut","floor":4},{"not_picked":["Reckless Charge","Corruption"],"picked":"Headbutt","floor":5},{"not_picked":["Disarm","Heavy Blade"],"picked":"Shrug It Off","floor":7},{"not_picked":["Dropkick","Body Slam"],"picked":"Iron Wave","floor":8},{"not_picked":["Armaments","Shockwave"],"picked":"Iron Wave","floor":11},{"not_picked":["Clothesline","Corruption"],"picked":"Demon Form","floor":12},{"not_picked":["Headbutt","Armaments"],"picked":"Power Through","floor":14},{"not_picked":["Immolate","Dark Embrace"],"picked":"Offering","floor":16},{"not_picked":["Whirlwind","Warcry"],"picked":"Iron Wave","floor":18},{"not_picked":["Twin Strike","Rage+1"],"picked":"Shrug It Off","floor":19},{"not_picked":["Flex","Twin Strike+1"],"picked":"Shrug It Off+1","floor":21},{"not_picked":["Combust+1","Thunderclap","Wild Strike"],"picked":"SKIP","floor":22},{"not_picked":["Anger","Double Tap"],"picked":"Limit Break","floor":23},{"not_picked":["Headbutt","Pummel"],"picked":"Evolve","floor":25},{"not_picked":["Body Slam","Cleave","Pommel Strike"],"picked":"SKIP","floor":27},{"not_picked":["Searing Blow","Clothesline","Blood for Blood"],"picked":"SKIP","floor":30},{"not_picked":["Armaments+1","True Grit"],"picked":"Havoc","floor":31},{"not_picked":["Dark Embrace","Exhume"],"picked":"Demon Form","floor":33},{"not_picked":["Anger","Wild Strike+1"],"picked":"Battle Trance+1","floor":35},{"not_picked":["True Grit+1","Clothesline"],"picked":"Shrug It Off+1","floor":37},{"not_picked":["Uppercut+1","Second Wind+1"],"picked":"Ghostly Armor+1","floor":38},{"not_picked":["Thunderclap+1","Warcry+1"],"picked":"Fire Breathing","floor":41},{"not_picked":["True Grit","Corruption+1"],"picked":"Bloodletting+1","floor":42},{"not_picked":["Cleave","Feel No Pain"],"picked":"Battle Trance","floor":44},{"not_picked":["Pommel Strike+1","Perfected Strike"],"picked":"Dual Wield+1","floor":45},{"not_picked":["Flex+1","Body Slam+1"],"picked":"Reaper","floor":47},{"not_picked":["Pommel Strike+1","Carnage+1"],"picked":"Warcry+1","floor":48}],"player_experience":68054,"potions_floor_usage":[4,7,21,25,33,42,50,50,50,50],"damage_taken":[{"damage":1,"enemies":"Cultist","floor":1,"turns":3},{"damage":0,"enemies":"2 Louse","floor":2,"turns":2},{"damage":8,"enemies":"Jaw Worm","floor":3,"turns":4},{"damage":11,"enemies":"Exordium Wildlife","floor":4,"turns":4},{"damage":5,"enemies":"2 Fungi Beasts","floor":5,"turns":4},{"damage":15,"enemies":"3 Sentries","floor":7,"turns":7},{"damage":12,"enemies":"Large Slime","floor":8,"turns":5},{"damage":3,"enemies":"Gremlin Gang","floor":11,"turns":4},{"damage":3,"enemies":"Lots of Slimes","floor":12,"turns":3},{"damage":8,"enemies":"Lagavulin","floor":14,"turns":6},{"damage":22,"enemies":"Slime Boss","floor":16,"turns":10},{"damage":24,"enemies":"3 Byrds","floor":18,"turns":3},{"damage":0,"enemies":"Chosen","floor":19,"turns":3},{"damage":15,"enemies":"Slaver and Parasite","floor":21,"turns":4},{"damage":22,"enemies":"Centurion and Healer","floor":22,"turns":6},{"damage":36,"enemies":"Slavers","floor":23,"turns":4},{"damage":10,"enemies":"Book of Stabbing","floor":25,"turns":5},{"damage":10,"enemies":"Snake Plant","floor":27,"turns":3},{"damage":6,"enemies":"3 Cultists","floor":30,"turns":4},{"damage":4,"enemies":"Centurion and Healer","floor":31,"turns":5},{"damage":17,"enemies":"Collector","floor":33,"turns":6},{"damage":13,"enemies":"3 Darklings","floor":35,"turns":4},{"damage":19,"enemies":"Mysterious Sphere","floor":37,"turns":4},{"damage":4,"enemies":"Orb Walker","floor":38,"turns":3},{"damage":14,"enemies":"Nemesis","floor":41,"turns":5},{"damage":18,"enemies":"Flame Bruiser 2 Orb","floor":42,"turns":5},{"damage":14,"enemies":"2 Orb Walkers","floor":44,"turns":5},{"damage":6,"enemies":"4 Shapes","floor":45,"turns":5},{"damage":0,"enemies":"Spire Growth","floor":47,"turns":3},{"damage":4,"enemies":"Flame Bruiser 2 Orb","floor":48,"turns":4},{"damage":13,"enemies":"Donu and Deca","floor":50,"turns":5}],"event_choices":[{"event_name":"Transmorgrifier","player_choice":"Transform","floor":28,"damage_taken":0},{"event_name":"Tomb of Lord Red Mask","player_choice":"Ignored","floor":36,"damage_taken":0},{"event_name":"Mysterious Sphere","player_choice":"Fight","floor":37,"damage_taken":0}],"boss_relics":[{"not_picked":["Orrery","Ectoplasm"],"picked":"Philosopher\u0027s Stone"},{"not_picked":["Runic Pyramid","Tiny House"],"picked":"Runic Dome"}],"potions_floor_spawned":[2,3,4,8,11,16,23,25,31,33,38,42,45],"seed_played":"-646168402930097458","ascension_level":0,"is_trial":false}