{"gold_per_floor":[115,126,126,201,40,69,86,56,79,6,23,57,67,87,87,184,184,200,216,71,71,71,71,87,117,117,133,144,161,161,178,178,178],"floor_reached":33,"playtime":1785,"items_purged":[],"score":506,"play_id":"433ffdae-4b85-4351-9b37-334a79ce6682","local_time":"20190828235619","is_ascension_mode":true,"campfire_choices":[{"floor":15,"key":"REST"},{"data":"Creative AI","floor":23,"key":"SMITH"},{"floor":30,"key":"REST"},{"floor":32,"key":"REST"}],"neow_cost":"NONE","seed_source_timestamp":0,"circlet_count":0,"master_deck":["Defend_B","Defend_B","Defend_B","Defend_B","Zap+1","Dualcast","Glacier","Hologram","Buffer","Glacier","Stack","Loop","Double Energy","Chill","Rainbow","Ball Lightning","Creative AI+1","Leap","Chaos+1","Bite","Bite","Bite","Bite","Bite","Cold Snap","Heatsinks+1","Go for the Eyes+1","Chaos+1","Chill+1"],"special_seed":0,"relics":["Cracked Core","NeowsBlessing","Vajra","Pen Nib","Pear","Nuclear Battery","PreservedInsect","Blood Vial","Centennial Puzzle"],"potions_floor_usage":[14,14,24,27,33],"damage_taken":[{"damage":0.0,"enemies":"2 Louse","floor":1.0,"turns":1.0},{"damage":0.0,"enemies":"Small Slimes","floor":2.0,"turns":1.0},{"damage":0.0,"enemies":"Gremlin Nob","floor":6.0,"turns":1.0},{"damage":0.0,"enemies":"Cultist","floor":7.0,"turns":4.0},{"damage":0.0,"enemies":"2 Fungi Beasts","floor":11.0,"turns":5.0},{"damage":28,"enemies":"3 Sentries","floor":12,"turns":11},{"damage":0,"enemies":"Looter","floor":13,"turns":4},{"damage":25,"enemies":"Lots of Slimes","floor":14,"turns":3},{"damage":0,"enemies":"The Guardian","floor":16,"turns":15},{"damage":15,"enemies":"Spheric Guardian","floor":18,"turns":5},{"damage":7,"enemies":"Shell Parasite","floor":19,"turns":8},{"damage":32,"enemies":"Shelled Parasite and Fungi","floor":24,"turns":9},{"damage":27,"enemies":"Slavers","floor":25,"turns":6},{"damage":15,"enemies":"Chosen and Byrds","floor":27,"turns":4},{"damage":0,"enemies":"Snecko","floor":28,"turns":7},{"damage":22,"enemies":"Snake Plant","floor":29,"turns":4},{"damage":25,"enemies":"Shelled Parasite and Fungi","floor":31,"turns":8},{"damage":77,"enemies":"Collector","floor":33,"turns":7}],"seed_played":"-5977501753714007001","potions_obtained":[{"floor":1.0,"key":"Swift Potion"},{"floor":8.0,"key":"Strength Potion"},{"floor":8.0,"key":"FairyPotion"},{"floor":11.0,"key":"Fire Potion"},{"floor":12,"key":"PowerPotion"},{"floor":16,"key":"FairyPotion"},{"floor":19,"key":"Regen Potion"},{"floor":25,"key":"Poison Potion"},{"floor":29,"key":"Dexterity Potion"},{"floor":31,"key":"Poison Potion"}],"is_trial":false,"path_per_floor":["M","M","?","?","$","E","M","?","T","$","M","E","M","M","R","B",null,"M","M","$","?","?","R","M","E","T","M","M","M","R","M","R","B"],"character_chosen":"DEFECT","items_purchased":["Buffer","Loop","PreservedInsect"],"campfire_rested":3,"item_purchase_floors":[5,10,20],"current_hp_per_floor":[68,68,68,57,57,57,57,57,57,57,57,39,39,14,39,39,74,59,52,52,52,46,46,37,18,18,9,19,7,24,15,32,0],"gold":178,"neow_bonus":"THREE_ENEMY_KILL","is_prod":false,"is_daily":false,"chose_seed":false,"campfire_upgraded":1,"win_rate":0,"timestamp":1567050979,"path_taken":["M","M","?","?","$","E","M","?","T","$","M","E","M","M","R","BOSS","M","?","$","?","?","R","M","E","T","M","?","M","R","M","R","BOSS"],"build_version":"2019-08-26","purchased_purges":0,"victory":false,"max_hp_per_floor":[75,75,75,75,75,75,75,75,75,75,75,85,85,85,85,85,85,85,85,85,59,59,59,59,59,59,59,59,59,59,59,59,59],"card_choices":[{"not_picked":["Aggregate","Barrage"],"picked":"Glacier","floor":1.0},{"not_picked":["Gash","Compile Driver"],"picked":"Hologram","floor":2.0},{"not_picked":["Ball Lightning","FTL"],"picked":"Glacier","floor":6.0},{"not_picked":["Steam","Gash"],"picked":"Stack","floor":7.0},{"not_picked":["Turbo","Beam Cell"],"picked":"Double Energy","floor":11.0},{"not_picked":["Consume","Blizzard"],"picked":"Chill","floor":12},{"not_picked":["Turbo","Genetic Algorithm"],"picked":"Rainbow","floor":13},{"not_picked":["Force Field","Cold Snap"],"picked":"Ball Lightning","floor":14},{"not_picked":["Hyperbeam","Machine Learning"],"picked":"Creative AI","floor":16},{"not_picked":["Stack","Go for the Eyes"],"picked":"Leap","floor":18},{"not_picked":["Coolheaded","Undo"],"picked":"Chaos+1","floor":19},{"not_picked":["Chaos","Hello World"],"picked":"Cold Snap","floor":24},{"not_picked":["Skim","Lockon"],"picked":"Heatsinks+1","floor":25},{"not_picked":["Coolheaded","Ball Lightning"],"picked":"Go for the Eyes+1","floor":27},{"not_picked":["Go for the Eyes","Melter","Reprogram"],"picked":"SKIP","floor":28},{"not_picked":["Rebound","Gash"],"picked":"Chaos+1","floor":29},{"not_picked":["Steam","Core Surge"],"picked":"Chill+1","floor":31}],"player_experience":139643,"relics_obtained":[{"floor":6.0,"key":"Vajra"},{"floor":9.0,"key":"Pen Nib"},{"floor":12,"key":"Pear"},{"floor":25,"key":"Blood Vial"},{"floor":26,"key":"Centennial Puzzle"}],"event_choices":[{"damage_healed":0.0,"max_hp_gain":0.0,"max_hp_loss":0.0,"gold_gain":0.0,"event_name":"Living Wall","player_choice":"Grow","floor":3.0,"gold_loss":0.0,"damage_taken":0.0,"cards_upgraded":["Zap"]},{"damage_healed":0.0,"max_hp_gain":0.0,"max_hp_loss":0.0,"gold_gain":75.0,"event_name":"World of Goop","player_choice":"Gather Gold","floor":4.0,"gold_loss":0.0,"damage_taken":11.0},{"damage_healed":0.0,"max_hp_gain":0.0,"max_hp_loss":0.0,"gold_gain":0.0,"event_name":"The Woman in Blue","player_choice":"Bought 2 Potions","floor":8.0,"gold_loss":0.0,"damage_taken":0.0},{"damage_healed":0,"gold_gain":0,"player_choice":"Became a vampire","damage_taken":0,"max_hp_gain":0,"max_hp_loss":26,"event_name":"Vampires","floor":21,"gold_loss":0,"cards_obtained":["Bite","Bite","Bite","Bite","Bite"]},{"damage_healed":0,"gold_gain":0,"player_choice":"","damage_taken":6,"max_hp_gain":0,"max_hp_loss":0,"event_name":"Knowing Skull","floor":22,"potions_obtained":[],"gold_loss":0,"cards_obtained":[]}],"is_beta":true,"boss_relics":[{"not_picked":["Eternal Feather","White Beast Statue"],"picked":"Nuclear Battery"}],"items_purged_floors":[],"is_endless":false,"potions_floor_spawned":[1,11,12,16,19,25,29,31],"killed_by":"Collector","ascension_level":7}