{"gold_per_floor":[109,127,147,97,113,139,139,139,139,139,139,165,183,200,200,301,301,316,316,3,19,19,38,38,66,89,100,118,131,165,185,185,285,285,296,314,338,6,22,22,57,1,52,84,95,95,105,119,119,119],"floor_reached":51,"playtime":3528,"items_purged":[],"score":840,"play_id":"3263ee09-0ac1-47c6-90c6-8ead8d3d2f11","local_time":"20181111031900","is_ascension_mode":false,"campfire_choices":[{"data":"Choke","floor":8,"key":"SMITH"},{"data":"Prepared","floor":15,"key":"SMITH"},{"data":"Envenom","floor":32,"key":"SMITH"},{"data":"Predator","floor":40,"key":"SMITH"},{"floor":49,"key":"REST"}],"neow_cost":"PERCENT_DAMAGE","seed_source_timestamp":2779929626066052,"circlet_count":0,"master_deck":["Defend_G","Defend_G","Defend_G","Defend_G","Strike_G","Strike_G","Strike_G","Strike_G","Survivor","Neutralize","Dagger Throw+1","Choke+1","Prepared+1","Backflip","Terror","Calculated Gamble+1","Backflip+1","Acrobatics+1","A Thousand Cuts+1","Backflip+1","Slice","Flying Knee","Distraction+1","Normality","Blade Dance+1","Bouncing Flask+1","Envenom+1","PiercingWail+1","Poisoned Stab","Malaise+1","Quick Slash","Dagger Throw","Shame","Deflect+1","Metamorphosis+1","Blur+1","Noxious Fumes","Predator+1","Backflip+1","Shame","Dash","Parasite","Slice","Accuracy+1","Acrobatics+1"],"relics":["Ring of the Snake","Bag of Marbles","Toxic Egg 2","Matryoshka","Mercury Hourglass","Cursed Key","Du-Vu Doll","Pear","Bronze Scales","Strawberry","The Specimen","Busted Crown","Orichalcum","PreservedInsect","Potion Belt","Meat on the Bone","Art of War","Question Card"],"potions_floor_usage":[16,16,25,33,41,46,50,50],"damage_taken":[{"damage":10,"enemies":"Jaw Worm","floor":1,"turns":5},{"damage":0,"enemies":"Small Slimes","floor":2,"turns":3},{"damage":0,"enemies":"Cultist","floor":3,"turns":3},{"damage":2,"enemies":"3 Louse","floor":5,"turns":3},{"damage":16,"enemies":"Gremlin Nob","floor":6,"turns":4},{"damage":8,"enemies":"Lagavulin","floor":12,"turns":7},{"damage":0,"enemies":"Exordium Thugs","floor":13,"turns":3},{"damage":0,"enemies":"2 Fungi Beasts","floor":14,"turns":2},{"damage":3,"enemies":"Slime Boss","floor":16,"turns":7},{"damage":1,"enemies":"Spheric Guardian","floor":18,"turns":5},{"damage":15,"enemies":"3 Byrds","floor":21,"turns":4},{"damage":8,"enemies":"Cultist and Chosen","floor":23,"turns":6},{"damage":16,"enemies":"Slavers","floor":25,"turns":4},{"damage":1,"enemies":"Snake Plant","floor":27,"turns":3},{"damage":0,"enemies":"Snecko","floor":28,"turns":3},{"damage":0,"enemies":"Chosen and Byrds","floor":29,"turns":3},{"damage":10,"enemies":"Gremlin Leader","floor":30,"turns":4},{"damage":1,"enemies":"Snake Plant","floor":31,"turns":3},{"damage":43,"enemies":"Collector","floor":33,"turns":7},{"damage":20,"enemies":"3 Darklings","floor":35,"turns":2},{"damage":11,"enemies":"Orb Walker","floor":36,"turns":3},{"damage":4,"enemies":"Sphere and 2 Shapes","floor":39,"turns":5},{"damage":16,"enemies":"Giant Head","floor":41,"turns":6},{"damage":26,"enemies":"Nemesis","floor":44,"turns":7},{"damage":10,"enemies":"Writhing Mass","floor":45,"turns":4},{"damage":0,"enemies":"Spire Growth","floor":46,"turns":1},{"damage":0,"enemies":"Transient","floor":47,"turns":5},{"damage":2,"enemies":"Sphere and 2 Shapes","floor":48,"turns":5},{"damage":39,"enemies":"Donu and Deca","floor":50,"turns":8}],"seed_played":"7840452732713394963","potions_obtained":[{"floor":5,"key":"FairyPotion"},{"floor":6,"key":"Fire Potion"},{"floor":12,"key":"SkillPotion"},{"floor":16,"key":"Energy Potion"},{"floor":18,"key":"FearPotion"},{"floor":28,"key":"FearPotion"},{"floor":31,"key":"Energy Potion"},{"floor":36,"key":"SkillPotion"},{"floor":45,"key":"SmokeBomb"},{"floor":47,"key":"Dexterity Potion"}],"is_trial":false,"path_per_floor":["M","M","M","?","M","E","T","R","T","?","$","E","M","M","R","B",null,"M","?","$","M","$","M","?","E","T","M","M","M","E","M","R","B",null,"M","M","T","$","M","R","E","?","T","E","M","M","M","M","R","B",null],"character_chosen":"THE_SILENT","items_purchased":["Du-Vu Doll","Deflect+1","Metamorphosis+1","Blur+1","Noxious Fumes"],"campfire_rested":1,"item_purchase_floors":[20,38,38,38,38],"current_hp_per_floor":[53,53,53,53,51,35,35,35,35,35,35,27,27,27,27,24,84,83,83,83,68,68,60,60,54,61,60,60,60,50,49,49,6,101,81,70,70,70,66,66,50,50,50,36,38,50,62,60,90,51],"gold":119,"neow_bonus":"TWENTY_PERCENT_HP_BONUS","is_prod":false,"is_daily":false,"chose_seed":false,"campfire_upgraded":4,"win_rate":0,"timestamp":1541924340,"path_taken":["M","M","M","?","M","E","?","R","T","?","$","E","M","?","R","BOSS","M","?","$","M","?","M","?","E","T","M","M","M","E","?","R","BOSS","M","M","?","$","M","R","E","?","T","E","M","?","M","M","R","BOSS"],"build_version":"2018-11-08","purchased_purges":0,"victory":true,"max_hp_per_floor":[84,84,84,84,84,84,84,84,84,84,84,84,84,84,84,84,84,84,84,84,84,84,84,84,94,101,101,101,101,101,101,101,101,101,101,101,101,101,101,101,101,101,101,101,101,101,101,101,101,101],"card_choices":[{"not_picked":["Dagger Spray","Quick Slash"],"picked":"Dagger Throw","floor":1},{"not_picked":["PiercingWail","Bane"],"picked":"Choke","floor":2},{"not_picked":["Acrobatics","Tactician"],"picked":"Prepared","floor":3},{"not_picked":["Choke","Predator"],"picked":"Backflip","floor":5},{"not_picked":["Dash","Eviscerate"],"picked":"Terror","floor":6},{"not_picked":["Escape Plan+1","Riddle With Holes"],"picked":"Calculated Gamble+1","floor":12},{"not_picked":["Quick Slash","Underhanded Strike"],"picked":"Backflip+1","floor":13},{"not_picked":["Expertise+1","Burst+1"],"picked":"Acrobatics+1","floor":14},{"not_picked":["Venomology+1","Die Die Die"],"picked":"A Thousand Cuts","floor":16},{"not_picked":["Dagger Throw","Deadly Poison+1"],"picked":"Backflip+1","floor":18},{"not_picked":["Choke","All Out Attack"],"picked":"Slice","floor":21},{"not_picked":["Backstab","PiercingWail+1"],"picked":"Flying Knee","floor":23},{"not_picked":["Underhanded Strike","Noxious Fumes+1"],"picked":"Distraction+1","floor":25},{"not_picked":["Underhanded Strike","Sucker Punch"],"picked":"Blade Dance+1","floor":27},{"not_picked":["Dagger Spray","Quick Slash"],"picked":"Bouncing Flask+1","floor":28},{"not_picked":["Backflip+1","Dagger Spray"],"picked":"Envenom","floor":29},{"not_picked":["Dagger Spray","Expertise+1"],"picked":"PiercingWail+1","floor":30},{"not_picked":["Masterful Stab","Setup+1"],"picked":"Poisoned Stab","floor":31},{"not_picked":["After Image","Bullet Time+1"],"picked":"Malaise+1","floor":33},{"not_picked":[],"picked":"Quick Slash","floor":35},{"not_picked":[],"picked":"Dagger Throw","floor":36},{"not_picked":[],"picked":"Predator","floor":39},{"not_picked":[],"picked":"Backflip+1","floor":41},{"not_picked":[],"picked":"Dash","floor":44},{"not_picked":["Setup+1"],"picked":"Slice","floor":45},{"not_picked":["Dodge and Roll+1"],"picked":"Accuracy+1","floor":47},{"not_picked":["Dodge and Roll+1"],"picked":"Acrobatics+1","floor":48}],"player_experience":326829,"relics_obtained":[{"floor":6,"key":"Bag of Marbles"},{"floor":7,"key":"Toxic Egg 2"},{"floor":9,"key":"Matryoshka"},{"floor":12,"key":"Mercury Hourglass"},{"floor":25,"key":"Pear"},{"floor":26,"key":"Bronze Scales"},{"floor":26,"key":"Strawberry"},{"floor":30,"key":"The Specimen"},{"floor":37,"key":"Orichalcum"},{"floor":37,"key":"PreservedInsect"},{"floor":41,"key":"Potion Belt"},{"floor":43,"key":"Art of War"},{"floor":44,"key":"Question Card"}],"event_choices":[{"cards_removed":["Strike_G"],"damage_healed":0,"gold_gain":0,"player_choice":"Card Removal","damage_taken":0,"max_hp_gain":0,"max_hp_loss":0,"event_name":"The Cleric","floor":4,"gold_loss":50},{"damage_healed":0,"gold_gain":0,"player_choice":"Upgraded","damage_taken":0,"max_hp_gain":0,"max_hp_loss":0,"event_name":"Upgrade Shrine","floor":10,"gold_loss":0,"cards_upgraded":["Dagger Throw"]},{"cards_removed":["Defend_G"],"damage_healed":0,"gold_gain":0,"player_choice":"Purged","damage_taken":0,"max_hp_gain":0,"max_hp_loss":0,"event_name":"Purifier","floor":19,"gold_loss":0},{"damage_healed":0,"gold_gain":0,"player_choice":"Upgraded","damage_taken":0,"max_hp_gain":0,"max_hp_loss":0,"event_name":"Upgrade Shrine","floor":24,"gold_loss":0,"cards_upgraded":["A Thousand Cuts"]},{"damage_healed":0,"gold_gain":0,"player_choice":"Paid Gold","damage_taken":0,"relics_obtained":["Meat on the Bone"],"max_hp_gain":0,"max_hp_loss":0,"event_name":"WeMeetAgain","floor":42,"gold_loss":56}],"is_beta":false,"boss_relics":[{"not_picked":["Philosopher\u0027s Stone","Runic Dome"],"picked":"Cursed Key"},{"not_picked":["Coffee Dripper","Lizard Tail"],"picked":"Busted Crown"}],"items_purged_floors":[],"is_endless":false,"potions_floor_spawned":[5,6,12,13,16,18,21,28,31,36,45,47],"ascension_level":0}