{"gold_per_floor":[117,144,159,176,188,215,59,89,89,89,101,101,101,120,120,217,217,236,236,249,249,249,249,283,296,296,296,112,130,0,16,16,16],"floor_reached":33,"playtime":1887,"items_purged":["Strike_R"],"score":277,"play_id":"995c6a24-598b-45bf-ae77-09d62336e43c","local_time":"20181225044044","is_ascension_mode":false,"campfire_choices":[{"floor":13,"key":"REST"},{"data":"Double Tap","floor":15,"key":"SMITH"},{"floor":23,"key":"REST"},{"floor":27,"key":"REST"},{"floor":32,"key":"REST"}],"neow_cost":"TEN_PERCENT_HP_LOSS","seed_source_timestamp":372710231004086,"circlet_count":0,"master_deck":["Strike_R","Strike_R","Strike_R","Strike_R","Defend_R","Defend_R","Defend_R","Defend_R","Bash","Double Tap+1","Blood for Blood+1","Iron Wave","Pommel Strike","Clothesline","True Grit","Flame Barrier","Disarm","Demon Form","Cleave+1","Reckless Charge+1","Shrug It Off+1","Shame","Carnage+1","Armaments","Finesse","True Grit"],"relics":["Burning Blood","Molten Egg 2","Calipers","Kunai","Cursed Key","Bottled Tornado","Bottled Flame"],"potions_floor_usage":[8,16,20],"damage_taken":[{"damage":5,"enemies":"Cultist","floor":1,"turns":4},{"damage":15,"enemies":"Jaw Worm","floor":3,"turns":4},{"damage":3,"enemies":"Small Slimes","floor":4,"turns":3},{"damage":10,"enemies":"Looter","floor":5,"turns":4},{"damage":29,"enemies":"Lagavulin","floor":6,"turns":8},{"damage":34,"enemies":"3 Sentries","floor":8,"turns":11},{"damage":9,"enemies":"2 Fungi Beasts","floor":11,"turns":5},{"damage":9,"enemies":"Blue Slaver","floor":14,"turns":3},{"damage":20,"enemies":"Hexaghost","floor":16,"turns":12},{"damage":22,"enemies":"Spheric Guardian","floor":18,"turns":4},{"damage":13,"enemies":"3 Byrds","floor":20,"turns":6},{"damage":34,"enemies":"Book of Stabbing","floor":24,"turns":7},{"damage":23,"enemies":"Sentry and Sphere","floor":25,"turns":5},{"damage":19,"enemies":"3 Cultists","floor":29,"turns":5},{"damage":10,"enemies":"Snecko","floor":31,"turns":5},{"damage":32,"enemies":"Collector","floor":33,"turns":5}],"seed_played":"-8116548821471108531","potions_obtained":[{"floor":1,"key":"Explosive Potion"},{"floor":11,"key":"Ancient Potion"},{"floor":14,"key":"Swift Potion"},{"floor":16,"key":"SmokeBomb"},{"floor":18,"key":"SkillPotion"},{"floor":31,"key":"SmokeBomb"}],"is_trial":false,"path_per_floor":["M","T","M","M","M","E","$","E","T","?","M","?","R","M","R","B",null,"M","?","M","?","?","R","E","M","T","R","$","M","?","M","R","B"],"character_chosen":"IRONCLAD","items_purchased":["Flame Barrier","Carnage+1","Armaments","Finesse"],"campfire_rested":4,"item_purchase_floors":[7,28,28,28],"current_hp_per_floor":[72,72,63,66,62,39,39,11,11,11,8,8,29,26,26,12,72,56,56,49,49,36,59,31,14,14,37,37,24,24,20,43,11],"gold":16,"neow_bonus":"THREE_RARE_CARDS","is_prod":false,"is_daily":false,"chose_seed":false,"campfire_upgraded":1,"win_rate":0,"timestamp":1545730844,"path_taken":["M","?","M","M","M","E","$","E","T","?","?","?","R","M","R","BOSS","M","?","M","?","?","R","E","M","T","R","$","?","?","M","R","BOSS"],"build_version":"2018-12-20","purchased_purges":1,"victory":false,"max_hp_per_floor":[72,72,72,72,72,72,72,72,72,72,72,72,72,72,72,72,72,72,72,72,72,77,77,77,77,77,77,77,77,77,77,77,77],"card_choices":[{"not_picked":["Dark Embrace","Brutality"],"picked":"Double Tap","floor":0},{"not_picked":["Combust","Shrug It Off"],"picked":"Blood for Blood","floor":1},{"not_picked":["Fire Breathing","Anger"],"picked":"Iron Wave","floor":3},{"not_picked":["Anger","Fire Breathing"],"picked":"Pommel Strike","floor":4},{"not_picked":["Armaments","Inflame"],"picked":"Clothesline","floor":5},{"not_picked":["Searing Blow","Sever Soul"],"picked":"True Grit","floor":6},{"not_picked":["Twin Strike+1","Dark Embrace","Combust"],"picked":"SKIP","floor":8},{"not_picked":["Thunderclap+1","Heavy Blade+1","Cleave+1"],"picked":"SKIP","floor":11},{"not_picked":["Feel No Pain","Shrug It Off"],"picked":"Disarm","floor":14},{"not_picked":["Limit Break","Brutality"],"picked":"Demon Form","floor":16},{"not_picked":["Pummel+1","Havoc+1","Corruption+1"],"picked":"SKIP","floor":18},{"not_picked":["Twin Strike+1","Clothesline+1"],"picked":"Cleave+1","floor":20},{"not_picked":["Heavy Blade+1","Inflame"],"picked":"Reckless Charge+1","floor":24},{"not_picked":["Searing Blow+1","Reckless Charge+1"],"picked":"Shrug It Off+1","floor":25},{"not_picked":["Twin Strike+1","Whirlwind+1","Perfected Strike+1"],"picked":"SKIP","floor":29},{"not_picked":["Warcry","Sword Boomerang+1"],"picked":"True Grit","floor":31}],"player_experience":380989,"relics_obtained":[{"floor":6,"key":"Molten Egg 2"},{"floor":8,"key":"Calipers"},{"floor":9,"key":"Kunai"},{"floor":24,"key":"Bottled Tornado"},{"floor":26,"key":"Bottled Flame"}],"event_choices":[{"damage_healed":0,"gold_gain":0,"player_choice":"Cursed","damage_taken":0,"max_hp_gain":0,"max_hp_loss":0,"event_name":"Wheel of Change","floor":10,"gold_loss":0,"cards_obtained":["Decay"]},{"damage_healed":0,"gold_gain":0,"player_choice":"Grow","damage_taken":0,"max_hp_gain":0,"max_hp_loss":0,"event_name":"Living Wall","floor":12,"gold_loss":0,"cards_upgraded":["Blood for Blood"]},{"damage_healed":0,"gold_gain":0,"player_choice":"Ignored","damage_taken":0,"max_hp_gain":0,"max_hp_loss":0,"event_name":"Vampires","floor":19,"gold_loss":0},{"cards_removed":["Decay"],"damage_healed":0,"gold_gain":0,"player_choice":"Elegance","damage_taken":0,"max_hp_gain":0,"max_hp_loss":0,"event_name":"Back to Basics","floor":21,"gold_loss":0},{"damage_healed":0,"gold_gain":0,"player_choice":"Shed Blood","damage_taken":18,"max_hp_gain":5,"max_hp_loss":0,"event_name":"Forgotten Altar","floor":22,"gold_loss":0},{"damage_healed":0,"gold_gain":0,"player_choice":"Paid Fearfully","damage_taken":0,"max_hp_gain":0,"max_hp_loss":0,"event_name":"Masked Bandits","floor":30,"gold_loss":130}],"is_beta":false,"boss_relics":[{"not_picked":["Black Star","Philosopher\u0027s Stone"],"picked":"Cursed Key"}],"items_purged_floors":[7],"is_endless":false,"potions_floor_spawned":[1,11,14,16,18,31],"killed_by":"Collector","ascension_level":0}