{"gold_per_floor":[109,120,137,157,168,193,213,213,238,238],"floor_reached":10,"playtime":686,"items_purged":[],"score":86,"play_id":"3bfca1bf-e96c-47af-ae7d-677969edbfce","local_time":"20180823224443","is_ascension_mode":true,"campfire_choices":[],"neow_cost":"TEN_PERCENT_HP_LOSS","seed_source_timestamp":762785839470601,"circlet_count":0,"master_deck":["Defend_G","Defend_G","Defend_G","Defend_G","Defend_G","Strike_G","Strike_G","Strike_G","Strike_G","Strike_G","Survivor","Neutralize","Leg Sweep","Sucker Punch","Poisoned Stab","Crippling Poison+1","Infinite Blades","Cloak And Dagger","Deflect"],"relics":["Ring of the Snake","Calipers","Bottled Lightning","Ancient Tea Set"],"potions_floor_usage":[6,6],"damage_taken":[{"damage":3,"enemies":"Jaw Worm","floor":1,"turns":6},{"damage":0,"enemies":"Small Slimes","floor":2,"turns":3},{"damage":2,"enemies":"Cultist","floor":3,"turns":5},{"damage":2,"enemies":"3 Louse","floor":4,"turns":5},{"damage":6,"enemies":"Looter","floor":5,"turns":3},{"damage":33,"enemies":"3 Sentries","floor":6,"turns":8},{"damage":9,"enemies":"Exordium Wildlife","floor":7,"turns":5},{"damage":0,"enemies":"Exordium Wildlife","floor":10,"turns":1}],"seed_played":"5466728494118124303","potions_obtained":[{"floor":1,"key":"Ancient Potion"},{"floor":2,"key":"LiquidBronze"},{"floor":5,"key":"FearPotion"}],"is_trial":false,"path_per_floor":["M","M","M","M","M","E","M","?","T"],"character_chosen":"THE_SILENT","items_purchased":[],"campfire_rested":0,"item_purchase_floors":[],"current_hp_per_floor":[60,60,58,56,50,17,8,8,8,8],"gold":238,"neow_bonus":"ONE_RARE_RELIC","is_prod":false,"is_daily":false,"chose_seed":false,"campfire_upgraded":0,"win_rate":0,"timestamp":1535078683,"path_taken":["M","M","M","M","M","E","M","?","T","?"],"build_version":"2018-08-23","purchased_purges":0,"victory":false,"max_hp_per_floor":[63,63,63,63,63,63,63,63,63,63],"card_choices":[{"not_picked":["Blade Dance","Skewer"],"picked":"Leg Sweep","floor":1},{"not_picked":["Quick Slash","Noxious Fumes"],"picked":"Sucker Punch","floor":2},{"not_picked":["Backflip","Deadly Poison"],"picked":"Poisoned Stab","floor":3},{"not_picked":["Setup","Concentrate"],"picked":"Crippling Poison","floor":4},{"not_picked":["PiercingWail","Underhanded Strike"],"picked":"Infinite Blades","floor":5},{"not_picked":["Backflip","Prepared"],"picked":"Cloak And Dagger","floor":6},{"not_picked":["Sucker Punch","Choke"],"picked":"Deflect","floor":7}],"player_experience":262901,"relics_obtained":[{"floor":6,"key":"Bottled Lightning"},{"floor":9,"key":"Ancient Tea Set"}],"event_choices":[{"event_name":"Living Wall","player_choice":"Grow","floor":8,"damage_taken":0}],"is_beta":false,"boss_relics":[],"items_purged_floors":[],"is_endless":false,"potions_floor_spawned":[1,2,5],"killed_by":"Exordium Wildlife","ascension_level":4}