{"gold_per_floor":[110,185,185,135,60,87,87,116,116,116,135,135,35,52,52,52],"floor_reached":16,"playtime":562,"items_purged":["Defend_R","Defend_R"],"score":122,"play_id":"6653abc7-39e3-45c9-a326-3f04c94309d4","local_time":"20190915230427","is_ascension_mode":true,"campfire_choices":[{"floor":7,"key":"REST"},{"data":"Shrug It Off","floor":10,"key":"SMITH"},{"data":"Bash","floor":15,"key":"SMITH"}],"neow_cost":"NONE","seed_source_timestamp":117632302746400,"circlet_count":0,"master_deck":["Strike_R+1","Strike_R","Defend_R+1","Defend_R","Bash+1","Shrug It Off+1","Cleave","Dropkick"],"relics":["Burning Blood","Sundial","Paper Frog","Question Card"],"potions_floor_usage":[16],"damage_taken":[{"damage":5,"enemies":"Small Slimes","floor":1,"turns":4},{"damage":51,"enemies":"Lagavulin","floor":6,"turns":9},{"damage":31,"enemies":"3 Sentries","floor":8,"turns":11},{"damage":0,"enemies":"2 Louse","floor":11,"turns":2},{"damage":0,"enemies":"Jaw Worm","floor":14,"turns":3},{"damage":21,"enemies":"Hexaghost","floor":16,"turns":10}],"seed_played":"-4712261932367988182","potions_obtained":[{"floor":6,"key":"Ancient Potion"},{"floor":14,"key":"GamblersBrew"}],"is_trial":false,"path_per_floor":["M","?","?","?","$","E","R","E","T","R","M","?","$","M","R","B"],"character_chosen":"IRONCLAD","items_purchased":[],"campfire_rested":1,"item_purchase_floors":[],"current_hp_per_floor":[80,69,69,69,69,24,48,23,23,23,29,13,13,19,19,0],"gold":52,"neow_bonus":"TRANSFORM_CARD","is_prod":false,"is_daily":false,"chose_seed":false,"campfire_upgraded":2,"win_rate":0,"timestamp":1568581467,"path_taken":["M","?","?","?","$","E","R","E","T","R","M","?","$","M","R","BOSS"],"build_version":"2019-09-12","purchased_purges":2,"victory":false,"max_hp_per_floor":[80,80,80,80,80,80,80,80,80,80,80,80,80,80,80,80],"card_choices":[{"not_picked":["Reckless Charge","Headbutt"],"picked":"Cleave","floor":1},{"not_picked":["Body Slam","Shrug It Off","Warcry"],"picked":"SKIP","floor":6},{"not_picked":["Twin Strike","Burning Pact"],"picked":"Dropkick","floor":8},{"not_picked":["Feed","Power Through","Fire Breathing","Shrug It Off"],"picked":"SKIP","floor":11},{"not_picked":["Spot Weakness","Armaments","Sentinel","Entrench"],"picked":"SKIP","floor":14}],"player_experience":250996,"relics_obtained":[{"floor":6,"key":"Sundial"},{"floor":8,"key":"Paper Frog"},{"floor":9,"key":"Question Card"}],"event_choices":[{"damage_healed":0,"gold_gain":75,"player_choice":"Gather Gold","damage_taken":11,"max_hp_gain":0,"max_hp_loss":0,"event_name":"World of Goop","floor":2,"gold_loss":0},{"cards_removed":["Strike_R"],"damage_healed":0,"gold_gain":0,"player_choice":"Forget","damage_taken":0,"max_hp_gain":0,"max_hp_loss":0,"event_name":"Living Wall","floor":3,"gold_loss":0},{"cards_removed":["Strike_R"],"damage_healed":0,"gold_gain":0,"player_choice":"Card Removal","damage_taken":0,"max_hp_gain":0,"max_hp_loss":0,"event_name":"The Cleric","floor":4,"gold_loss":50},{"damage_healed":0,"gold_gain":0,"player_choice":"Entered Light","damage_taken":16,"max_hp_gain":0,"max_hp_loss":0,"event_name":"Shining Light","floor":12,"gold_loss":0,"cards_upgraded":["Strike_R","Defend_R"]}],"is_beta":true,"boss_relics":[],"items_purged_floors":[5,13],"is_endless":false,"potions_floor_spawned":[6,14],"killed_by":"Hexaghost","ascension_level":3}