{"gold_per_floor":[115,128,147,165,165,209,209,240,240,256,277,312,312,332,332,463,463,476,476,491,137,137,170,170,3,26,26,60,84,103,228,228,228],"floor_reached":33,"playtime":2470,"items_purged":["Strike_G"],"score":399,"play_id":"2f8a1f9c-050a-4e03-97b6-b2240f1d2681","local_time":"20190901170241","is_ascension_mode":true,"campfire_choices":[{"floor":7.0,"key":"REST"},{"floor":15.0,"key":"REST"},{"data":"RitualDagger","floor":24.0,"key":"SMITH"},{"floor":27.0,"key":"REST"},{"floor":32.0,"key":"REST"}],"neow_cost":"NONE","seed_source_timestamp":0,"circlet_count":0,"master_deck":["Strike_G","Strike_G","Strike_G","Strike_G","Defend_G","Defend_G","Defend_G","Defend_G","Defend_G","Survivor","Neutralize","Skewer","Crippling Poison","Bouncing Flask","Footwork","Blade Dance","Infinite Blades","Catalyst","Caltrops","Envenom","Burst","RitualDagger+1","Dash","Setup+1","Writhe","Blade Dance+1","Panacea+1","Footwork","Corpse Explosion+1","Leg Sweep+1"],"special_seed":0,"relics":["Ring of the Snake","Golden Idol","Gremlin Horn","Blood Vial","Bag of Preparation","Bottled Flame","Sozu","Toxic Egg 2","Bag of Marbles","Ancient Tea Set","Smiling Mask","Ninja Scroll","Gambling Chip","Letter Opener"],"potions_floor_usage":[],"damage_taken":[{"damage":0.0,"enemies":"Cultist","floor":1.0,"turns":5.0},{"damage":0.0,"enemies":"2 Louse","floor":2.0,"turns":4.0},{"damage":1.0,"enemies":"Small Slimes","floor":3.0,"turns":4.0},{"damage":13.0,"enemies":"Blue Slaver","floor":4.0,"turns":7.0},{"damage":18.0,"enemies":"Gremlin Nob","floor":6.0,"turns":4.0},{"damage":6.0,"enemies":"Lagavulin","floor":8.0,"turns":6.0},{"damage":0.0,"enemies":"Looter","floor":10.0,"turns":3.0},{"damage":1.0,"enemies":"2 Fungi Beasts","floor":11.0,"turns":4.0},{"damage":33.0,"enemies":"3 Sentries","floor":12.0,"turns":12.0},{"damage":13.0,"enemies":"Exordium Wildlife","floor":14.0,"turns":6.0},{"damage":11.0,"enemies":"The Guardian","floor":16.0,"turns":7.0},{"damage":0.0,"enemies":"Spheric Guardian","floor":18.0,"turns":3.0},{"damage":12.0,"enemies":"Shell Parasite","floor":20.0,"turns":6.0},{"damage":28.0,"enemies":"Gremlin Leader","floor":23.0,"turns":7.0},{"damage":17.0,"enemies":"Slavers","floor":28.0,"turns":6.0},{"damage":2.0,"enemies":"3 Cultists","floor":29.0,"turns":5.0},{"damage":4.0,"enemies":"Chosen and Byrds","floor":30.0,"turns":5.0},{"damage":8.0,"enemies":"Colosseum Slavers","floor":31.0,"turns":2.0},{"damage":24.0,"enemies":"Colosseum Nobs","floor":31.0,"turns":5.0},{"damage":32,"enemies":"Collector","floor":33,"turns":5}],"seed_played":"5185638422098454884","potions_obtained":[{"floor":3.0,"key":"GhostInAJar"},{"floor":6.0,"key":"SkillPotion"},{"floor":8.0,"key":"Fire Potion"},{"floor":11.0,"key":"Fruit Juice"},{"floor":14.0,"key":"Poison Potion"}],"is_trial":false,"path_per_floor":["M","M","M","M","?","E","R","E","T","M","M","E","?","M","R","B",null,"M","?","M","$","?","E","R","$","T","R","E","M","M","?","R","B"],"character_chosen":"THE_SILENT","items_purchased":["Toxic Egg 2","Setup+1","Panacea+1","Footwork"],"campfire_rested":4,"item_purchase_floors":[21,21,25,25],"current_hp_per_floor":[70,70,69,56,37,19,42,36,36,38,39,13,13,2,26,17,66,68,62,52,52,52,26,26,26,26,50,35,35,33,5,29,0],"gold":228,"neow_bonus":"TEN_PERCENT_HP_BONUS","is_prod":false,"is_daily":false,"chose_seed":false,"campfire_upgraded":1,"win_rate":0,"timestamp":1567350161,"path_taken":["M","M","?","M","?","E","R","E","T","M","M","E","?","M","R","BOSS","M","?","M","$","?","E","R","?","T","R","E","M","M","?","R","BOSS"],"build_version":"2019-07-17","purchased_purges":1,"victory":false,"max_hp_per_floor":[77,77,77,77,77,77,77,77,77,77,77,82,82,82,82,82,82,82,82,82,82,82,82,82,82,82,82,82,82,82,82,82,82],"card_choices":[{"not_picked":["Prepared","Quick Slash"],"picked":"Skewer","floor":1.0},{"not_picked":["Tactician","Flying Knee"],"picked":"Crippling Poison","floor":2.0},{"not_picked":["Slice","Heel Hook","Quick Slash"],"picked":"SKIP","floor":3.0},{"not_picked":["Slice","Heel Hook","Quick Slash"],"picked":"SKIP","floor":3.0},{"not_picked":["Skewer","Eviscerate"],"picked":"Bouncing Flask","floor":4.0},{"not_picked":["Prepared","Dagger Spray"],"picked":"Footwork","floor":6.0},{"not_picked":["Eviscerate","Flechettes"],"picked":"Blade Dance","floor":8.0},{"not_picked":["Tactician","Dagger Throw"],"picked":"Infinite Blades","floor":10.0},{"not_picked":["Deadly Poison","Accuracy"],"picked":"Catalyst","floor":11.0},{"not_picked":["Poisoned Stab","Quick Slash"],"picked":"Caltrops","floor":12.0},{"not_picked":["Dodge and Roll","Expertise"],"picked":"Envenom","floor":14.0},{"not_picked":["Malaise","Storm of Steel"],"picked":"Burst","floor":16.0},{"not_picked":["Infinite Blades","Underhanded Strike+1","Quick Slash"],"picked":"SKIP","floor":18.0},{"not_picked":["Cloak And Dagger","Underhanded Strike"],"picked":"Dash","floor":20.0},{"not_picked":["Poisoned Stab","Finisher"],"picked":"Blade Dance+1","floor":23.0},{"not_picked":["Outmaneuver+1","Footwork"],"picked":"Corpse Explosion+1","floor":28.0},{"not_picked":["Outmaneuver+1","Sucker Punch","Riddle With Holes+1"],"picked":"SKIP","floor":29.0},{"not_picked":["Poisoned Stab","Dash","Acrobatics+1"],"picked":"SKIP","floor":30.0},{"not_picked":["Blade Dance+1","Sucker Punch"],"picked":"Leg Sweep+1","floor":31.0}],"player_experience":179517,"relics_obtained":[{"floor":6.0,"key":"Gremlin Horn"},{"floor":8.0,"key":"Blood Vial"},{"floor":9.0,"key":"Bag of Preparation"},{"floor":12.0,"key":"Bottled Flame"},{"floor":23.0,"key":"Ancient Tea Set"},{"floor":26.0,"key":"Smiling Mask"},{"floor":28.0,"key":"Ninja Scroll"},{"floor":31.0,"key":"Gambling Chip"},{"floor":31.0,"key":"Letter Opener"}],"event_choices":[{"damage_healed":0.0,"max_hp_gain":0.0,"max_hp_loss":0.0,"gold_gain":0.0,"event_name":"Golden Idol","player_choice":"Take Damage","floor":5.0,"gold_loss":0.0,"damage_taken":19.0,"relics_obtained":["Golden Idol"]},{"damage_healed":0.0,"max_hp_gain":0.0,"max_hp_loss":0.0,"gold_gain":0.0,"event_name":"Liars Game","player_choice":"Ignored","floor":13.0,"gold_loss":0.0,"damage_taken":0.0},{"damage_healed":0.0,"max_hp_gain":0.0,"max_hp_loss":0.0,"gold_gain":0.0,"event_name":"Nest","player_choice":"Joined the Cult","floor":19.0,"gold_loss":0.0,"damage_taken":6.0,"cards_obtained":["RitualDagger"]},{"damage_healed":0.0,"max_hp_gain":0.0,"max_hp_loss":0.0,"gold_gain":0.0,"event_name":"The Mausoleum","player_choice":"Opened","floor":22.0,"gold_loss":0.0,"damage_taken":0.0,"relics_obtained":["Bag of Marbles"],"cards_obtained":["Writhe"]},{"damage_healed":0.0,"max_hp_gain":0.0,"max_hp_loss":0.0,"gold_gain":0.0,"event_name":"Colosseum","player_choice":"Fight","floor":31.0,"gold_loss":0.0,"damage_taken":0.0},{"damage_healed":0.0,"max_hp_gain":0.0,"max_hp_loss":0.0,"gold_gain":0.0,"event_name":"Colosseum","player_choice":"Fought Nobs","floor":31.0,"gold_loss":0.0,"damage_taken":0.0}],"is_beta":false,"boss_relics":[{"not_picked":["Eternal Feather","Philosopher\u0027s Stone"],"picked":"Sozu"}],"items_purged_floors":[21],"is_endless":false,"potions_floor_spawned":[3,6,8,11,14,18,20,28,30],"killed_by":"Collector","ascension_level":6}