{"gold_per_floor":[113,131,146,146,30,61,74,37,37,49,49,66,66,66],"floor_reached":14,"playtime":363,"items_purged":[],"score":120,"play_id":"52e3c959-134d-48e2-86e9-7c7cf6183469","local_time":"20190828001918","is_ascension_mode":true,"campfire_choices":[{"data":"Chaos","floor":11,"key":"SMITH"},{"data":"Static Discharge","floor":13,"key":"SMITH"}],"neow_cost":"PERCENT_DAMAGE","seed_source_timestamp":88157169874777,"circlet_count":0,"master_deck":["Strike_B","Strike_B","Strike_B","Strike_B","Defend_B","Defend_B","Defend_B","Defend_B","Zap","Dualcast","Blind","Streamline","Redo","Genetic Algorithm","Chaos","Static Discharge+1","Leap","Conserve Battery","Chaos+1","Self Repair","Coolheaded"],"relics":["Cracked Core","Smiling Mask","Dream Catcher"],"potions_floor_usage":[],"damage_taken":[{"damage":0,"enemies":"Small Slimes","floor":1,"turns":2},{"damage":0,"enemies":"Cultist","floor":2,"turns":3},{"damage":4,"enemies":"Jaw Worm","floor":3,"turns":2},{"damage":29,"enemies":"Lagavulin","floor":6,"turns":5},{"damage":2,"enemies":"2 Fungi Beasts","floor":7,"turns":3},{"damage":7,"enemies":"Looter","floor":10,"turns":4},{"damage":15,"enemies":"3 Louse","floor":12,"turns":3},{"damage":22,"enemies":"Lots of Slimes","floor":14,"turns":3}],"seed_played":"6036918362361789194","potions_obtained":[{"floor":1,"key":"SkillPotion"},{"floor":10,"key":"Dexterity Potion"},{"floor":12,"key":"PowerPotion"}],"is_trial":false,"path_per_floor":["M","M","M","?","$","E","M","$","T","M","R","M","R","M"],"character_chosen":"DEFECT","items_purchased":["Chaos","Static Discharge","Chaos"],"campfire_rested":0,"item_purchase_floors":[5,5,8],"current_hp_per_floor":[50,50,46,75,75,46,44,44,44,37,37,22,22,0],"gold":66,"neow_bonus":"RANDOM_COLORLESS_2","is_prod":false,"is_daily":false,"chose_seed":false,"campfire_upgraded":2,"win_rate":0,"timestamp":1566965958,"path_taken":["M","M","M","?","$","E","M","?","T","M","R","M","R","M"],"build_version":"2019-08-26","purchased_purges":0,"victory":false,"max_hp_per_floor":[75,75,75,75,75,75,75,75,75,75,75,75,75,75],"card_choices":[{"not_picked":["Go for the Eyes","Stack"],"picked":"Streamline","floor":1},{"not_picked":["Reprogram","Compile Driver"],"picked":"Redo","floor":2},{"not_picked":["FTL","Lockon"],"picked":"Genetic Algorithm","floor":3},{"not_picked":["Coolheaded","Recycle"],"picked":"Leap","floor":6},{"not_picked":["Streamline","Ball Lightning"],"picked":"Conserve Battery","floor":7},{"not_picked":["Steam","BootSequence"],"picked":"Self Repair","floor":10},{"not_picked":["Gash","Rip and Tear"],"picked":"Coolheaded","floor":12}],"player_experience":117126,"relics_obtained":[{"floor":6,"key":"Smiling Mask"},{"floor":9,"key":"Dream Catcher"}],"event_choices":[{"cards_removed":["Madness"],"damage_healed":29,"gold_gain":0,"player_choice":"Offered Uncommon","damage_taken":0,"max_hp_gain":0,"max_hp_loss":0,"event_name":"Bonfire Elementals","floor":4,"gold_loss":0}],"is_beta":true,"boss_relics":[],"items_purged_floors":[],"is_endless":false,"potions_floor_spawned":[1,10,12],"killed_by":"Lots of Slimes","ascension_level":6}