{"path_per_floor":["M","M","M","M","?","M","E","R","T","E","M","R","?","?","R","B",null,"M","M","?","M","$","R","E","M","T","R","?","$","R","?","R","B",null,"M","M","?","M","M","R","E","M","T","$","M","?","M","T","R"],"character_chosen":"IRONCLAD","items_purchased":["Frozen Eye","Strength Potion","Magnetism"],"gold_per_floor":[12,24,40,54,4,20,50,50,77,102,119,119,119,119,119,215,215,226,243,243,259,65,65,99,113,113,113,36,36,36,36,36,138,138,157,173,173,187,199,199,225,238,289,47,63,63,79,79,79,79],"floor_reached":50,"campfire_rested":4,"playtime":3616,"current_hp_per_floor":[80,76,78,71,71,63,53,53,60,38,54,54,54,60,60,40,93,67,86,86,72,72,72,37,30,46,78,78,78,109,115,115,67,115,114,106,96,79,55,89,82,51,57,57,36,106,55,61,94,0],"items_purged":[],"gold":79,"score":679,"play_id":"9bf8bfba-653e-4e9c-a9a6-3dc0cc600287","local_time":"20180508124805","is_prod":false,"is_daily":false,"chose_seed":false,"is_ascension_mode":false,"campfire_upgraded":5,"timestamp":1525751285,"path_taken":["M","M","M","M","?","M","E","R","T","E","M","R","?","?","R","BOSS","M","M","?","M","$","R","E","?","T","R","?","?","R","?","R","BOSS","M","?","?","M","M","R","E","M","T","$","M","?","?","?","R","BOSS"],"build_version":"2018-05-03","seed_source_timestamp":11774991333388,"purchased_purges":0,"victory":false,"master_deck":["Strike_R+1","Strike_R+1","Defend_R","Defend_R","Defend_R","Defend_R","Bash","Rampage+1","Disarm","Ghostly Armor+1","Intimidate","Seeing Red","Uppercut+1","Berserk","Decay","Demon Form+1","Seeing Red","Metallicize+1","Battle Trance+1","Clumsy","J.A.X.","Writhe","Demon Form","Dual Wield","Apotheosis","Jack Of All Trades","Apotheosis","Bloodletting","Clothesline+1","Twin Strike+1","Warcry+1","Normality","Magnetism","Seeing Red+1","Writhe"],"max_hp_per_floor":[80,80,80,80,80,80,80,80,87,87,87,87,87,93,93,93,93,93,93,93,93,93,93,93,93,109,109,109,109,109,115,115,115,115,115,115,115,115,115,115,115,115,121,121,121,106,106,112,112,112],"relics":["Burning Blood","Ice Cream","Darkstone Periapt","Strawberry","Whetstone","Cursed Key","Frozen Eye","Blood Vial","Pear","Mercury Hourglass","Runic Dome","Bag of Marbles","Happy Flower","Bottled Flame"],"card_choices":[{"not_picked":["Body Slam","Clothesline"],"picked":"Rampage","floor":1},{"not_picked":["Blood for Blood","Corruption"],"picked":"Disarm","floor":2},{"not_picked":["True Grit","Fire Breathing"],"picked":"Ghostly Armor","floor":4},{"not_picked":["Hemokinesis","Thunderclap"],"picked":"Intimidate","floor":6},{"not_picked":["True Grit","Pommel Strike"],"picked":"Seeing Red","floor":7},{"not_picked":["Headbutt","Thunderclap"],"picked":"Uppercut","floor":10},{"not_picked":["Anger","Uppercut"],"picked":"Berserk","floor":11},{"not_picked":["Brutality","Bludgeon"],"picked":"Demon Form","floor":16},{"not_picked":["Feel No Pain","Body Slam"],"picked":"Seeing Red","floor":19},{"not_picked":["True Grit","Hemokinesis"],"picked":"Metallicize","floor":21},{"not_picked":["Ghostly Armor","Seeing Red"],"picked":"Battle Trance","floor":24},{"not_picked":["Reaper","Bludgeon"],"picked":"Demon Form","floor":33},{"not_picked":["Uppercut","Iron Wave"],"picked":"Dual Wield","floor":36},{"not_picked":["Jack Of All Trades","Deep Breath"],"picked":"Apotheosis","floor":37},{"not_picked":["Dark Shackles","Master of Strategy"],"picked":"Jack Of All Trades","floor":37},{"not_picked":["Finesse","Secret Weapon"],"picked":"Apotheosis","floor":37},{"not_picked":["Dropkick","Body Slam"],"picked":"Bloodletting","floor":38},{"not_picked":["Cleave","Thunderclap"],"picked":"Clothesline","floor":39},{"not_picked":["Burning Pact","Barricade"],"picked":"Twin Strike","floor":41},{"not_picked":["Second Wind","Perfected Strike"],"picked":"Warcry","floor":42},{"not_picked":["Flex","Feed"],"picked":"Seeing Red","floor":45}],"player_experience":51009,"potions_floor_usage":[10,11,19,24,25,35,42,50,50,50],"damage_taken":[{"damage":1,"enemies":"Cultist","floor":1,"turns":4},{"damage":10,"enemies":"Small Slimes","floor":2,"turns":4},{"damage":4,"enemies":"Jaw Worm","floor":3,"turns":4},{"damage":13,"enemies":"2 Fungi Beasts","floor":4,"turns":4},{"damage":14,"enemies":"Exordium Thugs","floor":6,"turns":5},{"damage":16,"enemies":"Lagavulin","floor":7,"turns":8},{"damage":28,"enemies":"3 Sentries","floor":10,"turns":12},{"damage":5,"enemies":"Blue Slaver","floor":11,"turns":7},{"damage":26,"enemies":"The Guardian","floor":16,"turns":12},{"damage":32,"enemies":"Spheric Guardian","floor":18,"turns":5},{"damage":2,"enemies":"Shell Parasite","floor":19,"turns":7},{"damage":20,"enemies":"Snake Plant","floor":21,"turns":5},{"damage":41,"enemies":"Gremlin Leader","floor":24,"turns":9},{"damage":15,"enemies":"3 Cultists","floor":25,"turns":5},{"damage":54,"enemies":"Automaton","floor":33,"turns":9},{"damage":7,"enemies":"3 Shapes","floor":35,"turns":6},{"damage":15,"enemies":"Orb Walker","floor":36,"turns":3},{"damage":25,"enemies":"4 Shapes","floor":38,"turns":9},{"damage":32,"enemies":"Sphere and 2 Shapes","floor":39,"turns":7},{"damage":19,"enemies":"Giant Head","floor":41,"turns":8},{"damage":39,"enemies":"3 Darklings","floor":42,"turns":5},{"damage":33,"enemies":"Maw","floor":45,"turns":9},{"damage":61,"enemies":"Flame Bruiser 2 Orb","floor":47,"turns":8},{"damage":103,"enemies":"Time Eater","floor":50,"turns":9}],"event_choices":[{"event_name":"The Cleric","player_choice":"Card Removal","floor":5,"damage_taken":0},{"event_name":"Purifier","player_choice":"One Purge","floor":13,"damage_taken":0},{"event_name":"Wheel of Change","player_choice":"Curse","floor":14,"damage_taken":0},{"event_name":"Purifier","player_choice":"One Purge","floor":20,"damage_taken":0},{"event_name":"Drug Dealer","player_choice":"Got JAXXED","floor":28,"damage_taken":0},{"event_name":"The Mausoleum","player_choice":"Yes","floor":31,"damage_taken":0},{"event_name":"SensoryStone","player_choice":"Memory 3","floor":37,"damage_taken":0},{"event_name":"The Moai Head","player_choice":"Heal","floor":46,"damage_taken":0}],"boss_relics":[{"not_picked":["Lizard Tail","Velvet Choker"],"picked":"Cursed Key"},{"not_picked":["Runic Cube","White Beast Statue"],"picked":"Runic Dome"}],"potions_floor_spawned":[1,3,6,10,11,16,21,24,33,36,42],"seed_played":"833604103795005066","killed_by":"Time Eater","ascension_level":0,"is_trial":false}