{"gold_per_floor":[109,127,127,144,68,97,48,48,48,78,88,99,99,117,117,213,213,229,229,245,245,256,256,290,301,371,404,404,416,435,454,454,550,550,565,585,32,32,32,32,32,32,32,51,69,89,105,105,105,105],"floor_reached":50,"playtime":3557,"items_purged":[],"score":548,"play_id":"208e2f32-09d1-4b20-bd5a-0767a2757c64","local_time":"20190812192725","is_ascension_mode":false,"campfire_choices":[{"data":"Armaments","floor":8,"key":"SMITH"},{"data":"Inflame","floor":13,"key":"SMITH"},{"data":"Reaper","floor":15,"key":"SMITH"},{"data":"Heavy Blade","floor":23,"key":"SMITH"},{"data":"Infernal Blade","floor":28,"key":"SMITH"},{"data":"Infernal Blade","floor":32,"key":"SMITH"},{"floor":40,"key":"REST"},{"data":"Enlightenment","floor":42,"key":"SMITH"},{"floor":49,"key":"REST"}],"neow_cost":"NONE","seed_source_timestamp":267646361172100,"circlet_count":0,"master_deck":["Strike_R+1","Strike_R","Defend_R","Defend_R","Defend_R+1","Defend_R","Bash+1","Battle Trance+1","Thunderclap+1","Pommel Strike+1","Inflame+1","Reaper+1","Armaments+1","Sword Boomerang","Flame Barrier+1","Iron Wave","Inflame","Limit Break+1","Sword Boomerang","Dual Wield+1","Heavy Blade+1","Infernal Blade+1","Flex","Perfected Strike+1","Infernal Blade+1","Heavy Blade","Feed","Intimidate+1","Clash+1","Metallicize+1","Sword Boomerang+1","Body Slam+1","Dramatic Entrance","Enlightenment+1","Good Instincts","Anger","Perfected Strike+1","Anger+1","Armaments+1","Dropkick+1","Madness","Madness","Bloodletting+1"],"relics":["Burning Blood","Matryoshka","Bag of Preparation","Omamori","Bronze Scales","Black Star","MutagenicStrength","Dream Catcher","Bottled Tornado","War Paint","Question Card","Thread and Needle","Letter Opener","Astrolabe","Vajra","Whetstone","Medical Kit","Ancient Tea Set"],"potions_floor_usage":[18,29,30,33,33,33,50,50],"damage_taken":[{"damage":5,"enemies":"2 Louse","floor":1,"turns":3},{"damage":8,"enemies":"Jaw Worm","floor":2,"turns":3},{"damage":1,"enemies":"Cultist","floor":4,"turns":3},{"damage":28,"enemies":"3 Sentries","floor":6,"turns":5},{"damage":24,"enemies":"Gremlin Nob","floor":10,"turns":4},{"damage":8,"enemies":"Exordium Thugs","floor":11,"turns":3},{"damage":2,"enemies":"Large Slime","floor":12,"turns":6},{"damage":25,"enemies":"Gremlin Gang","floor":14,"turns":2},{"damage":43,"enemies":"The Guardian","floor":16,"turns":7},{"damage":25,"enemies":"Shell Parasite","floor":18,"turns":4},{"damage":5,"enemies":"Chosen","floor":20,"turns":4},{"damage":23,"enemies":"Snecko","floor":22,"turns":4},{"damage":40,"enemies":"Gremlin Leader","floor":24,"turns":5},{"damage":14,"enemies":"Shelled Parasite and Fungi","floor":25,"turns":3},{"damage":59,"enemies":"Book of Stabbing","floor":27,"turns":5},{"damage":9,"enemies":"Chosen and Byrds","floor":29,"turns":5},{"damage":14,"enemies":"Cultist and Chosen","floor":30,"turns":4},{"damage":18,"enemies":"3 Cultists","floor":31,"turns":4},{"damage":41,"enemies":"Collector","floor":33,"turns":7},{"damage":22,"enemies":"3 Shapes","floor":35,"turns":4},{"damage":41,"enemies":"3 Darklings","floor":36,"turns":4},{"damage":0,"enemies":"Transient","floor":44,"turns":5},{"damage":18,"enemies":"Spire Growth","floor":45,"turns":2},{"damage":24,"enemies":"Maw","floor":46,"turns":5},{"damage":9,"enemies":"Sphere and 2 Shapes","floor":47,"turns":2},{"damage":85,"enemies":"Awakened One","floor":50,"turns":6}],"seed_played":"7248799004787848643","potions_obtained":[{"floor":2,"key":"SteroidPotion"},{"floor":4,"key":"Swift Potion"},{"floor":6,"key":"Explosive Potion"},{"floor":18,"key":"Fruit Juice"},{"floor":22,"key":"LiquidBronze"},{"floor":25,"key":"BloodPotion"},{"floor":29,"key":"PowerPotion"},{"floor":31,"key":"AttackPotion"},{"floor":44,"key":"FairyPotion"},{"floor":46,"key":"SkillPotion"}],"is_trial":false,"path_per_floor":["M","M","?","M","$","E","$","R","T","E","M","M","R","M","R","B",null,"M","?","M","?","M","R","E","M","T","E","R","M","M","M","R","B",null,"M","M","$","?","?","R","$","R","T","M","M","M","M","?","R","B"],"character_chosen":"IRONCLAD","items_purchased":["Inflame","Armaments","Vajra","Whetstone","Medical Kit","Strength Potion"],"campfire_rested":2,"item_purchase_floors":[5,7,37,37,37,37],"current_hp_per_floor":[80,78,62,67,67,45,45,45,45,34,44,58,58,61,61,34,80,66,66,78,78,80,80,85,77,77,34,34,52,83,71,71,36,85,70,50,50,50,40,65,65,65,65,85,73,59,56,45,71,0],"gold":105,"neow_bonus":"UPGRADE_CARD","is_prod":false,"is_daily":false,"chose_seed":false,"campfire_upgraded":7,"win_rate":0.0,"timestamp":1565630845,"path_taken":["M","M","?","M","$","E","?","R","T","E","M","M","R","?","R","BOSS","M","?","M","?","M","R","E","M","T","E","R","?","M","M","R","BOSS","M","M","$","?","?","R","?","R","T","M","?","M","M","?","R","BOSS"],"build_version":"2019-07-17","purchased_purges":0,"victory":false,"max_hp_per_floor":[80,80,80,80,80,80,80,80,80,80,80,80,80,80,80,80,80,85,85,85,85,85,85,85,85,85,85,85,85,85,85,85,85,85,85,85,85,85,85,85,85,85,85,85,85,89,89,89,89,89],"card_choices":[{"not_picked":["True Grit","Pommel Strike"],"picked":"Battle Trance","floor":1},{"not_picked":["Clothesline","Iron Wave"],"picked":"Thunderclap","floor":2},{"not_picked":["Thunderclap","True Grit"],"picked":"Pommel Strike","floor":4},{"not_picked":["Battle Trance","Rupture"],"picked":"Reaper","floor":6},{"not_picked":["Pommel Strike","Dark Embrace"],"picked":"Sword Boomerang","floor":10},{"not_picked":["Sever Soul","Entrench"],"picked":"Flame Barrier","floor":11},{"not_picked":["True Grit","Battle Trance"],"picked":"Iron Wave","floor":12},{"not_picked":["Dropkick","Warcry"],"picked":"Inflame","floor":14},{"not_picked":["Dark Embrace","Berserk"],"picked":"Limit Break","floor":16},{"not_picked":["Bloodletting","Twin Strike"],"picked":"Sword Boomerang","floor":18},{"not_picked":["Headbutt","Pommel Strike"],"picked":"Dual Wield+1","floor":20},{"not_picked":["Disarm","Sword Boomerang"],"picked":"Heavy Blade","floor":22},{"not_picked":["Twin Strike","Bludgeon"],"picked":"Perfected Strike","floor":24},{"not_picked":["Reckless Charge+1","Heavy Blade"],"picked":"Infernal Blade","floor":25},{"not_picked":["True Grit","Ghostly Armor","Berserk"],"picked":"Flex","floor":27},{"not_picked":["Sword Boomerang","Blood for Blood+1","Heavy Blade+1"],"picked":"Perfected Strike+1","floor":29},{"not_picked":["Spot Weakness","Headbutt","Shockwave"],"picked":"Infernal Blade","floor":30},{"not_picked":["Battle Trance+1","Rampage","Iron Wave"],"picked":"Heavy Blade","floor":31},{"not_picked":["Barricade","Fiend Fire","Impervious"],"picked":"Feed","floor":33},{"not_picked":["Shrug It Off","Inflame+1","Bloodletting"],"picked":"Sword Boomerang+1","floor":35},{"not_picked":["Thunderclap+1","Twin Strike","Infernal Blade"],"picked":"Body Slam+1","floor":36},{"not_picked":["Flash of Steel","Forethought","Bandage Up"],"picked":"Dramatic Entrance","floor":39},{"not_picked":["Dark Shackles","Dramatic Entrance","Blind"],"picked":"Enlightenment","floor":39},{"not_picked":["Purity","HandOfGreed","Discovery"],"picked":"Good Instincts","floor":39},{"not_picked":["Shrug It Off","Flex","Headbutt"],"picked":"Anger","floor":40},{"not_picked":["Flex","Clash+1","Berserk"],"picked":"Perfected Strike+1","floor":44},{"not_picked":["Clash","Dual Wield+1","Twin Strike+1"],"picked":"Anger+1","floor":45},{"not_picked":["Pummel","Entrench+1","Sever Soul+1"],"picked":"Armaments+1","floor":46},{"not_picked":["Sever Soul+1","Heavy Blade","Rage"],"picked":"Dropkick+1","floor":47},{"not_picked":["Intimidate","Armaments","Barricade"],"picked":"Bloodletting+1","floor":49}],"player_experience":16981,"relics_obtained":[{"floor":6,"key":"Matryoshka"},{"floor":9,"key":"Bag of Preparation"},{"floor":9,"key":"Omamori"},{"floor":10,"key":"Bronze Scales"},{"floor":24,"key":"Dream Catcher"},{"floor":24,"key":"Bottled Tornado"},{"floor":26,"key":"War Paint"},{"floor":26,"key":"Question Card"},{"floor":27,"key":"Thread and Needle"},{"floor":27,"key":"Letter Opener"},{"floor":43,"key":"Ancient Tea Set"}],"event_choices":[{"damage_healed":0,"gold_gain":0,"player_choice":"Entered Light","damage_taken":16,"max_hp_gain":0,"max_hp_loss":0,"event_name":"Shining Light","floor":3,"gold_loss":0,"cards_upgraded":["Defend_R","Thunderclap"]},{"damage_healed":0,"gold_gain":0,"player_choice":"Inject Mutagens","damage_taken":0,"relics_obtained":["MutagenicStrength"],"max_hp_gain":0,"max_hp_loss":0,"event_name":"Drug Dealer","floor":19,"gold_loss":0},{"damage_healed":0,"gold_gain":0,"player_choice":"Upgraded","damage_taken":0,"max_hp_gain":0,"max_hp_loss":0,"event_name":"Upgrade Shrine","floor":21,"gold_loss":0,"cards_upgraded":["Limit Break"]},{"cards_removed":["Strike_R"],"damage_healed":0,"gold_gain":0,"player_choice":"Removed Attack","damage_taken":0,"max_hp_gain":0,"max_hp_loss":0,"event_name":"Falling","floor":38,"gold_loss":0},{"damage_healed":0,"gold_gain":0,"player_choice":"Memory 3","damage_taken":10,"max_hp_gain":0,"max_hp_loss":0,"event_name":"SensoryStone","floor":39,"gold_loss":0},{"damage_healed":0,"gold_gain":0,"player_choice":"Embrace Madness","damage_taken":11,"max_hp_gain":0,"max_hp_loss":0,"event_name":"Winding Halls","floor":48,"gold_loss":0,"cards_obtained":["Madness","Madness"]}],"is_beta":false,"boss_relics":[{"not_picked":["Black Blood","Mark of Pain"],"picked":"Black Star"},{"not_picked":["Empty Cage","Philosopher\u0027s Stone"],"picked":"Astrolabe"}],"items_purged_floors":[],"is_endless":false,"potions_floor_spawned":[2,4,6,12,14,18,22,25,27,29,31,44,46],"killed_by":"Awakened One","ascension_level":0}