{"gold_per_floor":[117,133,147,147,72,86,115,115,162,182,195,67,85,98,98,194,194,211,89,102,117,117,117,132,147,147,177,41,56,56],"floor_reached":30,"playtime":1187,"items_purged":[],"score":283,"play_id":"ed55bc57-7c16-4794-9607-fe943c124d41","local_time":"20190822224500","is_ascension_mode":false,"campfire_choices":[{"data":"Streamline","floor":8,"key":"SMITH"},{"data":"White Noise","floor":15,"key":"SMITH"},{"floor":23,"key":"REST"}],"neow_cost":"NONE","seed_source_timestamp":384288257700222,"circlet_count":0,"master_deck":["Strike_B+1","Strike_B","Strike_B","Strike_B","Defend_B","Defend_B","Defend_B","Defend_B","Zap","Dualcast","Conserve Battery","White Noise+1","Ball Lightning","Self Repair","Capacitor","Streamline+1","Reinforced Body","All For One","Chill","Beam Cell","Ball Lightning","BootSequence","Electrodynamics","Coolheaded","Gash","Consume","Glacier","Gash+1","Tempest","Static Discharge","Go for the Eyes","Beam Cell","Capacitor","Glacier","Skim+1","Defragment","Static Discharge+1"],"relics":["Cracked Core","NeowsBlessing","Pantograph","Oddly Smooth Stone","Orrery","Lantern","MawBank","Whetstone"],"potions_floor_usage":[27,27,27],"damage_taken":[{"damage":0,"enemies":"Small Slimes","floor":1,"turns":1},{"damage":0,"enemies":"Cultist","floor":2,"turns":1},{"damage":0,"enemies":"2 Louse","floor":3,"turns":1},{"damage":6,"enemies":"Exordium Thugs","floor":6,"turns":4},{"damage":29,"enemies":"3 Sentries","floor":7,"turns":5},{"damage":5,"enemies":"Red Slaver","floor":10,"turns":3},{"damage":0,"enemies":"2 Fungi Beasts","floor":11,"turns":3},{"damage":12,"enemies":"Blue Slaver","floor":13,"turns":3},{"damage":0,"enemies":"Red Slaver","floor":14,"turns":3},{"damage":23,"enemies":"Slime Boss","floor":16,"turns":8},{"damage":0,"enemies":"3 Byrds","floor":18,"turns":3},{"damage":14,"enemies":"Spheric Guardian","floor":20,"turns":5},{"damage":30,"enemies":"Snecko","floor":21,"turns":6},{"damage":15,"enemies":"Snake Plant","floor":24,"turns":5},{"damage":20,"enemies":"Shelled Parasite and Fungi","floor":25,"turns":6},{"damage":29,"enemies":"Slavers","floor":27,"turns":3},{"damage":13,"enemies":"Sentry and Sphere","floor":29,"turns":5},{"damage":7,"enemies":"Centurion and Healer","floor":30,"turns":4}],"seed_played":"995772551669952606","potions_obtained":[{"floor":3,"key":"Block Potion"},{"floor":4,"key":"Regen Potion"},{"floor":4,"key":"EssenceOfSteel"},{"floor":29,"key":"SteroidPotion"}],"is_trial":false,"path_per_floor":["M","M","M","?","$","M","E","R","T","M","M","$","M","M","R","B",null,"M","$","M","M","?","R","M","M","T","E","$","M","M"],"character_chosen":"DEFECT","items_purchased":["Self Repair","Chill","Beam Cell","Static Discharge","Go for the Eyes","Whetstone"],"campfire_rested":1,"item_purchase_floors":[5,12,12,19,19,28],"current_hp_per_floor":[75,75,75,75,75,75,53,53,53,55,55,55,50,57,57,59,75,75,75,68,38,38,60,52,39,39,19,19,6,0],"gold":56,"neow_bonus":"THREE_ENEMY_KILL","is_prod":false,"is_daily":false,"chose_seed":false,"campfire_upgraded":2,"win_rate":0.0,"timestamp":1566528300,"path_taken":["M","M","M","?","?","M","E","R","T","M","M","$","M","?","R","BOSS","M","?","M","M","?","R","M","M","T","E","$","M","?"],"build_version":"2019-08-15","purchased_purges":0,"victory":false,"max_hp_per_floor":[75,75,75,75,75,75,75,75,75,75,75,75,75,75,75,75,75,75,75,75,75,75,75,75,75,75,75,75,75,75],"card_choices":[{"not_picked":["Barrage","Stack"],"picked":"Conserve Battery","floor":1},{"not_picked":["Gash","Beam Cell"],"picked":"White Noise","floor":2},{"not_picked":["Cold Snap","Reinforced Body"],"picked":"Ball Lightning","floor":3},{"not_picked":["Redo","Streamline"],"picked":"Capacitor","floor":6},{"not_picked":["Cold Snap","Stack"],"picked":"Streamline","floor":7},{"not_picked":["Barrage","Force Field"],"picked":"Reinforced Body","floor":10},{"not_picked":["Beam Cell","Defragment"],"picked":"All For One","floor":11},{"not_picked":["Coolheaded","Conserve Battery"],"picked":"Ball Lightning","floor":13},{"not_picked":["Consume","Hologram"],"picked":"BootSequence","floor":14},{"not_picked":["Amplify","Biased Cognition"],"picked":"Electrodynamics","floor":16},{"not_picked":["Compile Driver","Aggregate"],"picked":"Coolheaded","floor":17},{"not_picked":["Chaos","Steam Power"],"picked":"Gash","floor":17},{"not_picked":["Cold Snap","Coolheaded"],"picked":"Consume","floor":17},{"not_picked":["Double Energy","All For One"],"picked":"Glacier","floor":17},{"not_picked":["White Noise","Compile Driver"],"picked":"Gash","floor":17},{"not_picked":["Reprogram+1","Stack"],"picked":"Tempest","floor":18},{"not_picked":["Leap","Barrage"],"picked":"Beam Cell","floor":20},{"not_picked":["Coolheaded","Redo"],"picked":"Capacitor","floor":21},{"not_picked":["Redo","Sweeping Beam"],"picked":"Glacier","floor":24},{"not_picked":["Doom and Gloom","Compile Driver"],"picked":"Skim+1","floor":25},{"not_picked":["BootSequence+1","Electrodynamics"],"picked":"Defragment","floor":27},{"not_picked":["Cold Snap","Gash"],"picked":"Static Discharge+1","floor":29}],"player_experience":8278,"relics_obtained":[{"floor":7,"key":"Pantograph"},{"floor":9,"key":"Oddly Smooth Stone"},{"floor":26,"key":"Lantern"},{"floor":27,"key":"MawBank"}],"event_choices":[{"damage_healed":0,"gold_gain":0,"player_choice":"Got Potions","damage_taken":0,"max_hp_gain":0,"max_hp_loss":0,"event_name":"Lab","floor":4,"gold_loss":0},{"damage_healed":0,"gold_gain":0,"player_choice":"Ignored","damage_taken":0,"max_hp_gain":0,"max_hp_loss":0,"event_name":"Ghosts","floor":22,"gold_loss":0}],"is_beta":true,"boss_relics":[{"not_picked":["Lizard Tail","Tiny House"],"picked":"Orrery"}],"items_purged_floors":[],"is_endless":false,"potions_floor_spawned":[3,6,11,16,18,29],"killed_by":"Centurion and Healer","ascension_level":0}