{"gold_per_floor":[15,34,34,51,63,98,98,123,123,88,88,108,140,154,154,154],"floor_reached":16,"playtime":656,"items_purged":[],"score":207,"play_id":"5c05885e-d345-4706-b2ce-172e83c19a6d","local_time":"20190921002817","is_ascension_mode":true,"campfire_choices":[{"data":"Loop","floor":11,"key":"SMITH"},{"floor":15,"key":"REST"}],"neow_cost":"NO_GOLD","seed_source_timestamp":48147120375600,"circlet_count":0,"master_deck":["AscendersBane","Strike_B","Strike_B","Strike_B","Defend_B","Defend_B","Defend_B","Defend_B","Zap","Dualcast","Ball Lightning","Gash","Coolheaded","Loop+1","Rainbow","Coolheaded","Consume","Capacitor","Genetic Algorithm"],"relics":["Cracked Core","Dead Branch","Sundial","Vajra","The Courier","Ornamental Fan"],"potions_floor_usage":[8,16],"damage_taken":[{"damage":2,"enemies":"2 Louse","floor":1,"turns":3},{"damage":1,"enemies":"Cultist","floor":2,"turns":3},{"damage":13,"enemies":"Small Slimes","floor":4,"turns":3},{"damage":6,"enemies":"Looter","floor":5,"turns":3},{"damage":18,"enemies":"3 Sentries","floor":6,"turns":8},{"damage":4,"enemies":"Lagavulin","floor":8,"turns":7},{"damage":0,"enemies":"Exordium Wildlife","floor":12,"turns":3},{"damage":7,"enemies":"3 Sentries","floor":13,"turns":5},{"damage":20,"enemies":"3 Louse","floor":14,"turns":5},{"damage":35,"enemies":"Slime Boss","floor":16,"turns":7}],"seed_played":"9221878356207731610","potions_obtained":[{"floor":5,"key":"SkillPotion"},{"floor":12,"key":"SteroidPotion"},{"floor":13,"key":"Energy Potion"}],"is_trial":false,"path_per_floor":["M","M","?","M","M","E","?","E","T","?","R","M","E","M","R","B"],"character_chosen":"DEFECT","items_purchased":[],"campfire_rested":1,"item_purchase_floors":[],"current_hp_per_floor":[62,61,61,48,42,24,24,20,20,37,37,37,30,10,31,0],"gold":154,"neow_bonus":"ONE_RARE_RELIC","is_prod":false,"is_daily":false,"chose_seed":false,"campfire_upgraded":1,"win_rate":0,"timestamp":1569022097,"path_taken":["M","M","?","M","?","E","?","E","T","?","R","M","E","M","R","BOSS"],"build_version":"2019-07-17","purchased_purges":0,"victory":false,"max_hp_per_floor":[71,71,71,71,71,71,71,71,71,71,71,71,71,71,71,71],"card_choices":[{"not_picked":["Sweeping Beam","Compile Driver"],"picked":"Ball Lightning","floor":1},{"not_picked":["Rebound","Ball Lightning"],"picked":"Gash","floor":2},{"not_picked":["Turbo","Rip and Tear"],"picked":"Coolheaded","floor":4},{"not_picked":["Steam","Go for the Eyes"],"picked":"Loop","floor":5},{"not_picked":["Streamline","Redo"],"picked":"Rainbow","floor":6},{"not_picked":["Redo","Hyperbeam"],"picked":"Coolheaded","floor":8},{"not_picked":["Lockon","Blizzard"],"picked":"Consume","floor":12},{"not_picked":["Chill","Redo"],"picked":"Capacitor","floor":13},{"not_picked":["Steam","Compile Driver"],"picked":"Genetic Algorithm","floor":14}],"player_experience":234817,"relics_obtained":[{"floor":6,"key":"Sundial"},{"floor":8,"key":"Vajra"},{"floor":9,"key":"The Courier"},{"floor":13,"key":"Ornamental Fan"}],"event_choices":[{"cards_removed":["Strike_B"],"damage_healed":0,"gold_gain":0,"player_choice":"Offered Basic","damage_taken":0,"max_hp_gain":0,"max_hp_loss":0,"event_name":"Bonfire Elementals","floor":3,"gold_loss":0},{"damage_healed":0,"gold_gain":0,"player_choice":"Ignored","damage_taken":0,"max_hp_gain":0,"max_hp_loss":0,"event_name":"Shining Light","floor":7,"gold_loss":0},{"damage_healed":17,"gold_gain":0,"player_choice":"Healed","damage_taken":0,"max_hp_gain":0,"max_hp_loss":0,"event_name":"The Cleric","floor":10,"gold_loss":35}],"is_beta":false,"boss_relics":[],"items_purged_floors":[],"is_endless":false,"potions_floor_spawned":[5,12,13,14],"killed_by":"Slime Boss","ascension_level":14}