{"gold_per_floor":[113,113,133,147,157,184,196,238,330,370,382],"floor_reached":11,"playtime":359,"items_purged":[],"score":107,"play_id":"186df7cd-3b8d-44f1-bc23-2662fac0f349","local_time":"20190921135940","is_ascension_mode":true,"campfire_choices":[{"data":"Dropkick","floor":7.0,"key":"SMITH"}],"neow_cost":"NONE","seed_source_timestamp":603456970913600,"circlet_count":0,"master_deck":["Strike_R","Strike_R","Strike_R","Strike_R","Defend_R","Defend_R","Defend_R","Defend_R","Bash","Trip","Sword Boomerang","Shrug It Off","Armaments","Rupture","Dropkick+1","Bloodletting","Limit Break"],"special_seed":0,"relics":["Burning Blood","MawBank","TungstenRod","Bottled Tornado","PreservedInsect"],"potions_floor_usage":[],"damage_taken":[{"damage":6.0,"enemies":"2 Louse","floor":1.0,"turns":3.0},{"damage":6.0,"enemies":"Cultist","floor":3.0,"turns":3.0},{"damage":5.0,"enemies":"Small Slimes","floor":4.0,"turns":3.0},{"damage":13.0,"enemies":"Blue Slaver","floor":5.0,"turns":3.0},{"damage":62.0,"enemies":"Lagavulin","floor":6.0,"turns":7.0},{"damage":2.0,"enemies":"Gremlin Nob","floor":8.0,"turns":3.0},{"damage":14.0,"enemies":"Lagavulin","floor":10.0,"turns":6.0},{"damage":13,"enemies":"Exordium Wildlife","floor":11,"turns":2}],"seed_played":"9035791837103208651","potions_obtained":[{"floor":4.0,"key":"AttackPotion"},{"floor":5.0,"key":"SteroidPotion"},{"floor":8.0,"key":"ElixirPotion"}],"is_trial":false,"path_per_floor":["M","?","M","M","M","E","R","E","T","E","M"],"character_chosen":"IRONCLAD","items_purchased":[],"campfire_rested":0,"item_purchase_floors":[],"current_hp_per_floor":[80,80,80,80,73,17,17,21,21,13,0],"gold":382,"neow_bonus":"RANDOM_COLORLESS","is_prod":false,"is_daily":false,"chose_seed":false,"campfire_upgraded":1,"win_rate":0,"timestamp":1569067180,"path_taken":["M","?","M","M","M","E","R","E","T","E","M"],"build_version":"2019-09-20","purchased_purges":0,"victory":false,"max_hp_per_floor":[80,80,80,80,80,80,80,80,80,80,80],"card_choices":[{"not_picked":["Anger","Thunderclap"],"picked":"Sword Boomerang","floor":1.0},{"not_picked":["Iron Wave","Thunderclap"],"picked":"Shrug It Off","floor":3.0},{"not_picked":["Headbutt","Clothesline"],"picked":"Armaments","floor":4.0},{"not_picked":["True Grit","Dropkick"],"picked":"Rupture","floor":5.0},{"not_picked":["Clothesline","Havoc"],"picked":"Dropkick","floor":6.0},{"not_picked":["Carnage","Disarm"],"picked":"Bloodletting","floor":8.0},{"not_picked":["Warcry","Corruption"],"picked":"Limit Break","floor":10.0}],"player_experience":272588,"relics_obtained":[{"floor":6.0,"key":"MawBank"},{"floor":8.0,"key":"TungstenRod"},{"floor":9.0,"key":"Bottled Tornado"},{"floor":10.0,"key":"PreservedInsect"}],"event_choices":[{"cards_removed":["Strike_R"],"damage_healed":0.0,"max_hp_gain":0.0,"max_hp_loss":0.0,"gold_gain":0.0,"event_name":"Purifier","player_choice":"Purged","floor":2.0,"gold_loss":0.0,"damage_taken":0.0}],"is_beta":true,"boss_relics":[],"items_purged_floors":[],"is_endless":false,"potions_floor_spawned":[4,5,8],"killed_by":"Exordium Wildlife","ascension_level":3}