{"gold_per_floor":[118,133,308,308,318,350,362,362],"floor_reached":8,"playtime":319,"items_purged":[],"score":58,"play_id":"d4d2bc3b-3ade-4ec4-b515-4fcc3876e641","local_time":"20190822222458","is_ascension_mode":false,"campfire_choices":[],"neow_cost":"NONE","seed_source_timestamp":383955137644270,"circlet_count":0,"master_deck":["Strike_B","Strike_B","Strike_B","Strike_B","Defend_B","Defend_B","Defend_B","Defend_B","Zap","Dualcast","Consume","Hello World","Doubt","Steam Power","Glacier","Cold Snap"],"relics":["Cracked Core","NeowsBlessing","Centennial Puzzle","Torii"],"potions_floor_usage":[8],"damage_taken":[{"damage":0,"enemies":"Small Slimes","floor":1,"turns":1},{"damage":0,"enemies":"Cultist","floor":2,"turns":1},{"damage":0,"enemies":"2 Louse","floor":5,"turns":1},{"damage":31,"enemies":"Lagavulin","floor":6,"turns":7},{"damage":29,"enemies":"Large Slime","floor":7,"turns":8},{"damage":18,"enemies":"Gremlin Gang","floor":8,"turns":3}],"seed_played":"-47134192590100529","potions_obtained":[{"floor":1,"key":"Strength Potion"},{"floor":5,"key":"Ancient Potion"}],"is_trial":false,"path_per_floor":["M","M","?","?","M","E","M","M"],"character_chosen":"DEFECT","items_purchased":[],"campfire_rested":0,"item_purchase_floors":[],"current_hp_per_floor":[75,75,75,75,75,44,15,0],"gold":362,"neow_bonus":"THREE_ENEMY_KILL","is_prod":false,"is_daily":false,"chose_seed":false,"campfire_upgraded":0,"win_rate":0.0,"timestamp":1566527098,"path_taken":["M","M","?","?","?","E","M","M"],"build_version":"2019-08-15","purchased_purges":0,"victory":false,"max_hp_per_floor":[75,75,75,75,75,75,75,75],"card_choices":[{"not_picked":["Compile Driver","Beam Cell"],"picked":"Consume","floor":1},{"not_picked":["Stack","Reinforced Body"],"picked":"Hello World","floor":2},{"not_picked":["Hello World","Hologram"],"picked":"Steam Power","floor":5},{"not_picked":["Auto Shields","Heatsinks"],"picked":"Glacier","floor":6},{"not_picked":["Barrage","Hologram"],"picked":"Cold Snap","floor":7}],"player_experience":7959,"relics_obtained":[{"floor":6,"key":"Torii"}],"event_choices":[{"damage_healed":0,"gold_gain":175,"player_choice":"AGREE","damage_taken":0,"max_hp_gain":0,"max_hp_loss":0,"event_name":"Liars Game","floor":3,"gold_loss":0,"cards_obtained":["Doubt"]},{"damage_healed":0,"gold_gain":0,"player_choice":"Gave Potion","damage_taken":0,"relics_obtained":["Centennial Puzzle"],"max_hp_gain":0,"max_hp_loss":0,"event_name":"WeMeetAgain","floor":4,"gold_loss":0}],"is_beta":true,"boss_relics":[],"items_purged_floors":[],"is_endless":false,"potions_floor_spawned":[1,5],"killed_by":"Gremlin Gang","ascension_level":0}