{"gold_per_floor":[114,114,131,10,24,50,50,79,79,79,104,144,163,204,204,324,324,340,140,163,187,187,187,187,187,240,263,288,322,322,343,343,473,473,497,513,143,211,229,229,263,277,303,636,636,305,338,14,14,14],"floor_reached":51,"playtime":3592,"items_purged":["Consume","Strike_B"],"score":1120,"play_id":"f24622ce-1f87-4bf1-a9e2-431d2fefab1e","local_time":"20180715030503","is_ascension_mode":true,"campfire_choices":[{"data":"Hyperbeam","floor":7,"key":"SMITH"},{"data":"Streamline","floor":15,"key":"SMITH"},{"data":"Chaos","floor":23,"key":"SMITH"},{"floor":25,"key":"REST"},{"floor":30,"key":"REST"},{"floor":32,"key":"REST"},{"data":"Meteor Strike","floor":40,"key":"SMITH"},{"data":"Meteor Strike","floor":49,"key":"SMITH"}],"neow_cost":"NONE","seed_source_timestamp":352667934121571,"circlet_count":0,"master_deck":["Strike_B","Strike_B","Defend_B","Defend_B","Defend_B","Defend_B","Zap+1","Dualcast","Hyperbeam+1","Auto Shields","Leap","Leap","Streamline+1","Heatsinks+1","Chaos+1","Rebound","Buffer+1","Turbo","Hologram+1","Meteor Strike+1","Barrage","Steam","Leap+1","Rebound","Aggregate+1","Aggregate","Meteor Strike+1","Fusion","Streamline","Compile Driver","Meteor Strike","Glacier+1","Stack+1","Storm+1","Barrage","Double Energy","Buffer+1","Consume","Trip","Panache+1","Meteor Strike+1","Hologram","Defragment+1","Redo+1","Panache+1","Capacitor+1"],"relics":["Cracked Core","Frozen Egg 2","Unceasing Top","Meat on the Bone","Boot","Regal Pillow","Inserter","Matryoshka","Bronze Scales","Dream Catcher","Lantern","Snecko Eye","Mummified Hand","Bird Faced Urn","Turnip","Strawberry","Pen Nib","DollysMirror","War Paint"],"potions_floor_usage":[12,13,13,18,24,24,50,50,50],"damage_taken":[{"damage":0,"enemies":"Small Slimes","floor":1,"turns":2},{"damage":0,"enemies":"2 Louse","floor":3,"turns":1},{"damage":1,"enemies":"Jaw Worm","floor":5,"turns":2},{"damage":4,"enemies":"3 Sentries","floor":6,"turns":5},{"damage":11,"enemies":"Lagavulin","floor":8,"turns":5},{"damage":5,"enemies":"Red Slaver","floor":11,"turns":2},{"damage":18,"enemies":"Gremlin Nob","floor":12,"turns":3},{"damage":7,"enemies":"Large Slime","floor":13,"turns":6},{"damage":13,"enemies":"3 Sentries","floor":14,"turns":4},{"damage":45,"enemies":"Hexaghost","floor":16,"turns":11},{"damage":22,"enemies":"2 Thieves","floor":18,"turns":2},{"damage":16,"enemies":"Chosen","floor":20,"turns":8},{"damage":12,"enemies":"3 Cultists","floor":21,"turns":4},{"damage":39,"enemies":"Slavers","floor":24,"turns":4},{"damage":24,"enemies":"Snake Plant","floor":27,"turns":3},{"damage":11,"enemies":"Slaver and Parasite","floor":28,"turns":9},{"damage":28,"enemies":"Book of Stabbing","floor":29,"turns":7},{"damage":25,"enemies":"Cultist and Chosen","floor":31,"turns":9},{"damage":38,"enemies":"Automaton","floor":33,"turns":9},{"damage":0,"enemies":"3 Darklings","floor":35,"turns":2},{"damage":0,"enemies":"Orb Walker","floor":36,"turns":1},{"damage":10,"floor":38,"turns":3},{"damage":0,"enemies":"Sphere and 2 Shapes","floor":39,"turns":3},{"damage":0,"enemies":"Giant Head","floor":41,"turns":4},{"damage":0,"enemies":"4 Shapes","floor":42,"turns":1},{"damage":0,"enemies":"Nemesis","floor":47,"turns":2},{"damage":0,"enemies":"Time Eater","floor":50,"turns":7}],"seed_played":"-2897626454871684417","potions_obtained":[{"floor":3,"key":"Explosive Potion"},{"floor":8,"key":"FearPotion"},{"floor":12,"key":"Block Potion"},{"floor":14,"key":"SmokeBomb"},{"floor":16,"key":"FocusPotion"},{"floor":20,"key":"EssenceOfSteel"},{"floor":31,"key":"SteroidPotion"},{"floor":38,"key":"GamblersBrew"},{"floor":41,"key":"AttackPotion"}],"is_trial":false,"path_per_floor":["M","?","M","$","M","E","R","E","T","?","M","E","M","E","R","B",null,"M","$","M","M","T","R","E","R","T","M","M","E","R","M","R","B",null,"M","M","$","?","M","R","E","M","T","?","?","$","E","$","R","B"],"character_chosen":"DEFECT","items_purchased":["Leap","Barrage","Steam","Mummified Hand","Storm+1","Block Potion","DollysMirror","Hologram","Defragment+1","Panache+1","Capacitor+1","Strength Potion"],"campfire_rested":3,"item_purchase_floors":[4,19,19,37,37,37,46,46,46,48,48,48],"current_hp_per_floor":[75,75,75,75,74,70,70,59,59,41,48,42,47,46,46,13,75,53,53,49,49,49,49,22,59,59,47,48,32,69,44,75,49,75,75,75,75,65,67,67,73,73,80,80,70,70,78,78,78,82],"gold":14,"neow_bonus":"ONE_RANDOM_RARE_CARD","is_prod":false,"is_daily":false,"chose_seed":false,"campfire_upgraded":5,"win_rate":0,"timestamp":1531638303,"path_taken":["M","?","?","$","M","E","R","E","T","?","?","E","M","E","R","BOSS","M","$","M","M","?","R","E","R","T","?","?","E","R","M","R","BOSS","M","M","$","?","M","R","E","M","T","?","?","$","E","$","R","BOSS"],"build_version":"2018-07-12","purchased_purges":2,"victory":true,"max_hp_per_floor":[75,75,75,75,75,75,75,75,75,75,75,75,75,75,75,75,75,75,75,75,75,75,75,75,75,75,75,75,75,75,75,75,75,75,75,75,75,75,75,75,75,75,82,82,82,82,82,82,82,82],"card_choices":[{"not_picked":["Cold Snap","Static Discharge"],"picked":"Auto Shields","floor":1},{"not_picked":["Blizzard","Go for the Eyes"],"picked":"Leap","floor":3},{"not_picked":["Consume","Rebound"],"picked":"Streamline","floor":5},{"not_picked":["Beam Cell","Redo"],"picked":"Heatsinks","floor":6},{"not_picked":["Coolheaded","Doom and Gloom"],"picked":"Chaos","floor":8},{"not_picked":["Turbo","Loop+1"],"picked":"Rebound","floor":11},{"not_picked":["Reprogram","BootSequence"],"picked":"Buffer+1","floor":12},{"not_picked":["Leap","Hologram"],"picked":"Turbo","floor":13},{"not_picked":["Sweeping Beam","Coolheaded"],"picked":"Hologram","floor":14},{"not_picked":["Multi-Cast","Buffer+1"],"picked":"Meteor Strike","floor":16},{"not_picked":["Glacier","Melter","Redo"],"picked":"SKIP","floor":18},{"not_picked":["Cold Snap+1","Redo"],"picked":"Leap+1","floor":20},{"not_picked":["Ball Lightning","Sweeping Beam"],"picked":"Rebound","floor":21},{"not_picked":["Ball Lightning+1","White Noise"],"picked":"Aggregate+1","floor":27},{"not_picked":["Double Energy+1","Coolheaded"],"picked":"Aggregate","floor":28},{"not_picked":["Loop+1","Heatsinks+1"],"picked":"Meteor Strike","floor":29},{"not_picked":["Streamline","Lockon+1"],"picked":"Fusion","floor":30},{"not_picked":["Compile Driver+1","Doom and Gloom"],"picked":"Streamline","floor":31},{"not_picked":["Glacier+1","Genetic Algorithm"],"picked":"Compile Driver","floor":32},{"not_picked":["Electrodynamics+1","Multi-Cast"],"picked":"Meteor Strike","floor":33},{"not_picked":["Recycle","Auto Shields+1"],"picked":"Glacier+1","floor":35},{"not_picked":["Recycle+1","Conserve Battery+1"],"picked":"Stack+1","floor":36},{"not_picked":["Ball Lightning+1","Turbo"],"picked":"Barrage","floor":38},{"not_picked":["Hologram+1","Cold Snap"],"picked":"Double Energy","floor":39},{"not_picked":["Hologram+1","Genetic Algorithm+1"],"picked":"Buffer+1","floor":41},{"not_picked":["Gash","BootSequence"],"picked":"Consume","floor":42},{"not_picked":["Dramatic Entrance","Flash of Steel"],"picked":"Trip","floor":45},{"not_picked":["Sadistic Nature+1","Enlightenment"],"picked":"Panache+1","floor":45},{"not_picked":["Ball Lightning","Scrape"],"picked":"Redo+1","floor":47}],"player_experience":222334,"relics_obtained":[{"floor":6,"key":"Frozen Egg 2"},{"floor":8,"key":"Unceasing Top"},{"floor":9,"key":"Meat on the Bone"},{"floor":12,"key":"Boot"},{"floor":14,"key":"Regal Pillow"},{"floor":22,"key":"Matryoshka"},{"floor":26,"key":"Bronze Scales"},{"floor":26,"key":"Dream Catcher"},{"floor":29,"key":"Lantern"},{"floor":38,"key":"Bird Faced Urn"},{"floor":41,"key":"Turnip"},{"floor":43,"key":"Strawberry"},{"floor":43,"key":"Pen Nib"},{"floor":47,"key":"War Paint"}],"event_choices":[{"event_name":"Living Wall","player_choice":"Change","floor":2,"damage_taken":0},{"event_name":"Golden Idol","player_choice":"Take Damage","floor":10,"damage_taken":0},{"event_name":"Mysterious Sphere","player_choice":"Fight","floor":38,"damage_taken":0},{"event_name":"The Moai Head","player_choice":"Gave Idol","floor":44,"damage_taken":0},{"event_name":"SensoryStone","player_choice":"Memory 3","floor":45,"damage_taken":0}],"boss_relics":[{"not_picked":["Orrery","Fusion Hammer"],"picked":"Inserter"},{"not_picked":["Busted Crown","Nuclear Battery"],"picked":"Snecko Eye"}],"items_purged_floors":[4,19],"is_endless":false,"potions_floor_spawned":[3,8,12,14,16,20,24,31,38,41],"ascension_level":4}