{"path_per_floor":["M","M","M","?","?","R","?","E","T","E","M","E","M","$","R","B",null,"M","?","?","M","$","R","M","?","T","E","?","E","M","M","R","B",null,"M","M","M","$","?","R","?","$","T","M","M","R","?","?","R","B"],"character_chosen":"IRONCLAD","items_purchased":["Unceasing Top","Finesse","Magic Flower","Strength Potion","Anger","Pummel"],"gold_per_floor":[110,128,142,142,217,217,217,258,333,366,390,433,458,1,1,121,121,137,60,110,129,29,29,54,54,122,166,166,206,230,254,254,374,374,397,416,440,0,0,0,0,0,0,20,33,33,97,97,97,97],"floor_reached":51,"campfire_rested":2,"playtime":2966,"current_hp_per_floor":[32,38,44,44,33,57,57,48,48,40,44,42,44,44,44,43,74,74,74,74,74,74,74,58,58,58,68,68,70,59,74,74,61,74,74,65,74,74,65,65,65,65,78,87,79,79,19,19,45,59],"items_purged":["Strike_R","Battle Trance"],"gold":97,"score":705,"play_id":"a0251873-00cd-4091-a5f1-97f5ee078705","local_time":"20180508154623","is_prod":false,"is_daily":false,"chose_seed":false,"is_ascension_mode":false,"campfire_upgraded":5,"timestamp":1525761983,"path_taken":["M","M","M","?","?","R","?","E","T","E","M","E","M","$","R","BOSS","M","?","?","?","$","R","M","?","T","E","?","E","?","M","R","BOSS","M","M","M","$","?","R","?","$","T","?","M","R","?","?","R","BOSS"],"build_version":"2018-05-03","seed_source_timestamp":23108131855356,"purchased_purges":2,"victory":true,"master_deck":["Strike_R","Defend_R+1","Defend_R+1","Defend_R","Bash","Iron Wave","Iron Wave","Body Slam+1","Spot Weakness+1","Anger+1","Twin Strike","Warcry","Finesse","Reaper","Seeing Red+1","J.A.X.","Anger+1","Dual Wield","Bloodletting+1","Seeing Red+1","Impervious","Shrug It Off","Inflame+1","Bloodletting+1","Anger","Pummel+1","Madness","Madness","Clumsy","Clash","Intimidate","Flex"],"max_hp_per_floor":[80,80,80,80,80,80,74,74,74,74,74,74,74,74,74,74,74,74,74,74,74,74,74,74,74,74,74,74,74,74,74,74,74,74,74,74,74,74,74,74,74,74,87,87,87,87,87,87,87,87],"relics":["Black Blood","Golden Idol","Vajra","Pantograph","Anchor","Happy Flower","Unceasing Top","War Paint","Darkstone Periapt","Shuriken","Ginger","Cursed Key","Magic Flower","Strawberry","Calipers"],"card_choices":[{"not_picked":["Thunderclap","Infernal Blade"],"picked":"Iron Wave","floor":1},{"not_picked":["True Grit","Cleave"],"picked":"Iron Wave","floor":2},{"not_picked":["True Grit","Armaments"],"picked":"Body Slam","floor":3},{"not_picked":["Searing Blow","Combust"],"picked":"Battle Trance","floor":8},{"not_picked":["Dark Embrace","Perfected Strike"],"picked":"Spot Weakness","floor":10},{"not_picked":["Thunderclap","Corruption"],"picked":"Anger","floor":11},{"not_picked":["Heavy Blade","Carnage"],"picked":"Twin Strike","floor":12},{"not_picked":["Fiend Fire","Flex"],"picked":"Warcry","floor":13},{"not_picked":["Berserk","Fiend Fire"],"picked":"Reaper","floor":16},{"not_picked":["Inflame","Body Slam"],"picked":"Seeing Red","floor":18},{"not_picked":["Clash","Spot Weakness"],"picked":"Anger","floor":21},{"not_picked":["Body Slam","Corruption"],"picked":"Dual Wield","floor":27},{"not_picked":["Shrug It Off","True Grit"],"picked":"Bloodletting","floor":29},{"not_picked":["Sword Boomerang","Thunderclap"],"picked":"Seeing Red","floor":30},{"not_picked":["Feed","Double Tap"],"picked":"Impervious","floor":33},{"not_picked":["Cleave","Entrench"],"picked":"Shrug It Off","floor":35},{"not_picked":["Flame Barrier","Combust"],"picked":"Inflame","floor":36},{"not_picked":["Clash","Thunderclap"],"picked":"Bloodletting","floor":37},{"not_picked":["Sever Soul","Twin Strike"],"picked":"Clash","floor":44},{"not_picked":["Shrug It Off","Carnage"],"picked":"Intimidate","floor":45},{"not_picked":["True Grit","Thunderclap"],"picked":"Flex","floor":47}],"player_experience":54625,"potions_floor_usage":[8,24,24,27,33,50,50,50],"damage_taken":[{"damage":14,"enemies":"Small Slimes","floor":1,"turns":5},{"damage":0,"enemies":"Cultist","floor":2,"turns":4},{"damage":0,"enemies":"2 Louse","floor":3,"turns":3},{"damage":15,"enemies":"3 Sentries","floor":8,"turns":9},{"damage":14,"enemies":"Gremlin Nob","floor":10,"turns":4},{"damage":2,"enemies":"Blue Slaver","floor":11,"turns":3},{"damage":8,"enemies":"3 Sentries","floor":12,"turns":6},{"damage":4,"enemies":"Exordium Wildlife","floor":13,"turns":4},{"damage":32,"enemies":"The Guardian","floor":16,"turns":8},{"damage":5,"enemies":"Chosen","floor":18,"turns":3},{"damage":0,"enemies":"3 Byrds","floor":21,"turns":4},{"damage":26,"enemies":"Snecko","floor":24,"turns":4},{"damage":19,"enemies":"Gremlin Leader","floor":27,"turns":7},{"damage":16,"enemies":"Book of Stabbing","floor":29,"turns":4},{"damage":21,"enemies":"Snake Plant","floor":30,"turns":3},{"damage":9,"enemies":"Centurion and Healer","floor":31,"turns":4},{"damage":23,"enemies":"Automaton","floor":33,"turns":4},{"damage":9,"enemies":"Flame Bruiser 1 Orb","floor":35,"turns":3},{"damage":19,"enemies":"Orb Walker","floor":36,"turns":4},{"damage":6,"enemies":"3 Darklings","floor":37,"turns":5},{"damage":6,"enemies":"Spire Growth","floor":44,"turns":3},{"damage":32,"enemies":"4 Shapes","floor":45,"turns":6},{"damage":75,"enemies":"Mysterious Sphere","floor":47,"turns":7},{"damage":74,"enemies":"Time Eater","floor":50,"turns":8}],"event_choices":[{"event_name":"Bonfire Elementals","player_choice":"BASIC","floor":4,"damage_taken":0},{"event_name":"World of Goop","player_choice":"Gather Gold","floor":5,"damage_taken":0},{"event_name":"Golden Idol","player_choice":"Lose Max HP","floor":7,"damage_taken":0},{"event_name":"Drug Dealer","player_choice":"Got JAXXED","floor":19,"damage_taken":0},{"event_name":"The Joust","player_choice":"Bet on Murderer","floor":20,"damage_taken":0},{"event_name":"The Mausoleum","player_choice":"Yes","floor":25,"damage_taken":0},{"event_name":"Vampires","player_choice":"Ignored","floor":28,"damage_taken":0},{"event_name":"Winding Halls","player_choice":"Embrace Madness","floor":39,"damage_taken":0},{"event_name":"Upgrade Shrine","player_choice":"Upgraded","floor":41,"damage_taken":0},{"event_name":"Mysterious Sphere","player_choice":"Fight","floor":47,"damage_taken":0}],"boss_relics":[{"not_picked":["Runic Pyramid","Ectoplasm"],"picked":"Black Blood"},{"not_picked":["Sozu","Tiny House"],"picked":"Cursed Key"}],"potions_floor_spawned":[2,3,10,11,16,27,29,30,31,35,45,47],"seed_played":"2021099107088340386","ascension_level":0,"is_trial":false}