{"gold_per_floor":[114,289,305,317,317,344,344,361,386,412,426,5,25,35,35,137,137,147,160,160,160,177,177,102,102,102,116,116,8,22,39,39,138,138,150,150,70,86,97,97,97,97,97,63,75,94,94,109,109,109],"floor_reached":50,"playtime":7133,"items_purged":["Doubt"],"score":630,"play_id":"a59ffda6-872d-4e70-85d7-66f56ac14e10","local_time":"20190829021854","is_ascension_mode":true,"campfire_choices":[{"floor":7.0,"key":"REST"},{"floor":15,"key":"REST"},{"floor":23,"key":"REST"},{"floor":25,"key":"REST"},{"floor":28,"key":"REST"},{"floor":32,"key":"RECALL"},{"floor":40,"key":"REST"},{"floor":42,"key":"REST"},{"floor":47,"key":"REST"},{"floor":49,"key":"REST"}],"neow_cost":"PERCENT_DAMAGE","seed_source_timestamp":0,"circlet_count":0,"master_deck":["Strike_B+1","Strike_B+1","Defend_B+1","Defend_B+1","Defend_B+1","Defend_B+1","Zap+1","Dualcast+1","Leap+1","Capacitor+1","Hello World+1","Defragment+1","Redo+1","Go for the Eyes+1","Auto Shields+1","Redo+1","Hologram+1","Self Repair+1","Doom and Gloom+1","BootSequence+1","Seek+1","Ball Lightning+1","Streamline+1","Double Energy+1","Self Repair+1","Glacier+1","Static Discharge+1","Glacier+1","Conserve Battery+1","Thunder Strike+1","Consume+1","Capacitor+1","Double Energy+1","Ball Lightning+1","Loop","Static Discharge+1","Sweeping Beam+1"],"special_seed":0,"relics":["Cracked Core","DataDisk","Bronze Scales","Odd Mushroom","Runic Capacitor","Whetstone","Fusion Hammer","Nilry\u0027s Codex","Question Card","Black Star","Mark of the Bloom","Mummified Hand"],"potions_floor_usage":[14,38,50,50],"damage_taken":[{"damage":0.0,"enemies":"Small Slimes","floor":1.0,"turns":3.0},{"damage":8.0,"enemies":"Jaw Worm","floor":3.0,"turns":5.0},{"damage":1.0,"enemies":"Cultist","floor":4.0,"turns":4.0},{"damage":29.0,"enemies":"3 Sentries","floor":6.0,"turns":6.0},{"damage":5.0,"enemies":"Blue Slaver","floor":8.0,"turns":4.0},{"damage":4.0,"enemies":"The Mushroom Lair","floor":10.0,"turns":4.0},{"damage":6.0,"enemies":"2 Fungi Beasts","floor":11.0,"turns":3.0},{"damage":8.0,"enemies":"Exordium Wildlife","floor":13.0,"turns":5.0},{"damage":0,"enemies":"Gremlin Gang","floor":14,"turns":2},{"damage":20,"enemies":"Slime Boss","floor":16,"turns":8},{"damage":0,"enemies":"Chosen","floor":18,"turns":4},{"damage":6,"enemies":"Shell Parasite","floor":19,"turns":4},{"damage":13,"enemies":"Sentry and Sphere","floor":22,"turns":3},{"damage":14,"enemies":"Centurion and Healer","floor":27,"turns":5},{"damage":9,"enemies":"Snecko","floor":30,"turns":5},{"damage":8,"enemies":"Cultist and Chosen","floor":31,"turns":5},{"damage":31,"enemies":"Automaton","floor":33,"turns":11},{"damage":0,"enemies":"3 Shapes","floor":35,"turns":6},{"damage":23,"enemies":"3 Darklings","floor":38,"turns":5},{"damage":18,"enemies":"Transient","floor":39,"turns":5},{"damage":8,"enemies":"Maw","floor":45,"turns":6},{"damage":28,"enemies":"3 Darklings","floor":46,"turns":5},{"damage":30,"enemies":"Jaw Worm Horde","floor":48,"turns":3},{"damage":6,"enemies":"Donu and Deca","floor":50,"turns":4}],"seed_played":"-8484402641278025816","potions_obtained":[{"floor":1.0,"key":"FairyPotion"},{"floor":3.0,"key":"Strength Potion"},{"floor":6.0,"key":"Energy Potion"},{"floor":8.0,"key":"EssenceOfSteel"},{"floor":14,"key":"Ancient Potion"},{"floor":16,"key":"Fire Potion"},{"floor":18,"key":"SteroidPotion"},{"floor":27,"key":"SkillPotion"},{"floor":38,"key":"FairyPotion"},{"floor":48,"key":"SkillPotion"}],"is_trial":false,"path_per_floor":["M","?","M","M","?","E","R","M","T","?","M","$","M","M","R","B",null,"M","M","?","?","M","R","$","R","T","M","R","$","M","M","R","B",null,"M","?","$","M","M","R","?","R","T","$","M","M","R","M","R","B"],"character_chosen":"DEFECT","items_purchased":["Self Repair","Runic Capacitor","Whetstone","Glacier","Static Discharge","Capacitor","Loop"],"campfire_rested":9,"item_purchase_floors":[12,12,12,29,29,37,44],"current_hp_per_floor":[50,50,42,41,26,7,29,24,24,20,14,14,6,13,35,22,62,69,70,54,40,27,51,51,75,75,68,80,80,80,80,80,56,74,80,80,80,57,46,70,70,70,70,70,62,34,34,4,4,0],"gold":109,"neow_bonus":"TRANSFORM_TWO_CARDS","is_prod":false,"is_daily":false,"chose_seed":false,"campfire_upgraded":0,"win_rate":0,"timestamp":1567059534,"path_taken":["M","?","M","M","?","E","R","M","T","?","M","$","?","M","R","BOSS","M","?","?","?","M","R","?","R","T","M","R","$","?","?","R","BOSS","M","?","$","M","M","R","?","R","T","?","M","?","R","M","R","BOSS"],"build_version":"2019-08-26","purchased_purges":1,"victory":false,"max_hp_per_floor":[75,75,75,75,75,75,75,75,75,75,75,75,75,75,75,75,75,75,75,75,80,80,80,80,80,80,80,80,80,80,80,80,80,80,80,80,80,80,80,80,80,80,80,80,80,80,80,80,80,80],"card_choices":[{"not_picked":["Fusion","Barrage"],"picked":"Hello World","floor":1.0},{"not_picked":["Hologram","Recycle"],"picked":"Defragment","floor":3.0},{"not_picked":["Heatsinks","Stack"],"picked":"Redo","floor":4.0},{"not_picked":["Stack","Fusion"],"picked":"Go for the Eyes","floor":6.0},{"not_picked":["Force Field","Rebound"],"picked":"Auto Shields","floor":8.0},{"not_picked":["Gash","All For One"],"picked":"Redo","floor":10.0},{"not_picked":["Blizzard","Steam"],"picked":"Hologram","floor":11.0},{"not_picked":["Go for the Eyes","Turbo"],"picked":"Doom and Gloom","floor":13.0},{"not_picked":["Rebound","Reinforced Body"],"picked":"BootSequence","floor":14},{"not_picked":["Hyperbeam","Reboot"],"picked":"Seek","floor":16},{"not_picked":["Scrape","Turbo"],"picked":"Ball Lightning+1","floor":18},{"not_picked":["Steam","Cold Snap"],"picked":"Streamline+1","floor":19},{"not_picked":["Reprogram+1","Redo"],"picked":"Double Energy","floor":22},{"not_picked":["Go for the Eyes","Reinforced Body","Recycle+1"],"picked":"Self Repair","floor":27},{"not_picked":["Gash","Aggregate+1","Steam"],"picked":"Glacier+1","floor":30},{"not_picked":["Auto Shields+1","Stack","Turbo"],"picked":"Conserve Battery+1","floor":31},{"not_picked":["Meteor Strike","Reboot","Fission"],"picked":"Thunder Strike","floor":33},{"not_picked":["Streamline","Beam Cell","Compile Driver"],"picked":"Consume+1","floor":35},{"not_picked":["Go for the Eyes+1","Scrape+1","Compile Driver+1"],"picked":"Double Energy+1","floor":38},{"not_picked":["Redo","Conserve Battery","Gash"],"picked":"Ball Lightning+1","floor":39},{"not_picked":["Chill","Melter","Turbo"],"picked":"Static Discharge+1","floor":45},{"not_picked":["Sweeping Beam","Genetic Algorithm","Cold Snap","Barrage"],"picked":"SKIP","floor":46},{"not_picked":["Reboot","Beam Cell","Rebound+1"],"picked":"Sweeping Beam+1","floor":48}],"player_experience":142140,"relics_obtained":[{"floor":6.0,"key":"DataDisk"},{"floor":9.0,"key":"Bronze Scales"},{"floor":10.0,"key":"Odd Mushroom"},{"floor":20,"key":"Nilry\u0027s Codex"},{"floor":26,"key":"Question Card"},{"floor":43,"key":"Mummified Hand"}],"event_choices":[{"damage_healed":0.0,"max_hp_gain":0.0,"max_hp_loss":0.0,"gold_gain":175.0,"event_name":"Liars Game","player_choice":"AGREE","floor":2.0,"gold_loss":0.0,"damage_taken":0.0,"cards_obtained":["Doubt"]},{"damage_healed":0.0,"max_hp_gain":0.0,"max_hp_loss":0.0,"gold_gain":0.0,"event_name":"Shining Light","player_choice":"Entered Light","floor":5.0,"gold_loss":0.0,"damage_taken":15.0,"cards_upgraded":["Defragment","Defend_B"]},{"damage_healed":0.0,"max_hp_gain":0.0,"max_hp_loss":0.0,"gold_gain":0.0,"event_name":"Mushrooms","player_choice":"Fought Mushrooms","floor":10.0,"gold_loss":0.0,"damage_taken":0.0},{"damage_healed":0,"gold_gain":0,"player_choice":"Obtained Book","damage_taken":16,"max_hp_gain":0,"max_hp_loss":0,"event_name":"Cursed Tome","floor":20,"gold_loss":0},{"damage_healed":0,"gold_gain":0,"player_choice":"Shed Blood","damage_taken":19,"max_hp_gain":5,"max_hp_loss":0,"event_name":"Forgotten Altar","floor":21,"gold_loss":0},{"damage_healed":0,"gold_gain":0,"player_choice":"Ignored","damage_taken":0,"max_hp_gain":0,"max_hp_loss":0,"event_name":"Tomb of Lord Red Mask","floor":36,"gold_loss":0},{"damage_healed":0,"gold_gain":0,"player_choice":"Upgrade","damage_taken":0,"relics_obtained":["Mark of the Bloom"],"max_hp_gain":0,"max_hp_loss":0,"event_name":"MindBloom","floor":41,"gold_loss":0,"cards_upgraded":["Strike_B","Defend_B","Defend_B","Defend_B","Zap","Dualcast","Leap","Capacitor","Hello World","Redo","Auto Shields","Redo","Hologram","Self Repair","Doom and Gloom","BootSequence","Seek","Double Energy","Self Repair","Glacier","Static Discharge","Thunder Strike","Capacitor"]}],"is_beta":true,"boss_relics":[{"not_picked":["Orrery","Eternal Feather"],"picked":"Fusion Hammer"},{"not_picked":["Coffee Dripper","Empty Cage"],"picked":"Black Star"}],"items_purged_floors":[24],"is_endless":false,"potions_floor_spawned":[1,3,6,8,14,16,18,27,31,33,38,48],"killed_by":"Donu and Deca","ascension_level":7}