{"path_per_floor":["M","?","M","M","?","E","R","M","T","$","?","M","E","M","R","B",null,"M","M","?","$","M","R","E","$","T","M","R","$","M","M","R"],"character_chosen":"IRONCLAD","items_purchased":["Paper Frog","Metallicize","Bandage Up","Regen Potion","Bandage Up"],"gold_per_floor":[114,114,132,151,326,352,352,367,391,62,12,27,88,102,102,207,207,224,242,242,67,86,86,113,62,86,105,105,10,27,44,44,44],"floor_reached":33,"campfire_rested":2,"playtime":1974,"current_hp_per_floor":[80,80,80,80,80,67,67,73,73,73,73,75,72,69,69,38,70,69,64,48,48,57,57,26,26,26,21,45,45,22,22,46,4],"items_purged":["Doubt"],"gold":44,"score":349,"play_id":"29fd7866-2c07-4c1b-bc89-5b4350f31514","local_time":"20180401094941","is_prod":false,"is_daily":false,"is_ascension_mode":true,"campfire_upgraded":3,"timestamp":1522543781,"path_taken":["M","?","M","?","?","E","R","M","T","?","?","M","E","M","R","BOSS","M","M","?","$","M","R","E","$","T","M","R","?","M","M","R","BOSS"],"build_version":"2018-03-29v2","purchased_purges":2,"victory":false,"master_deck":["Strike_R","Strike_R","Strike_R","Strike_R","Defend_R","Defend_R+1","Defend_R+1","Defend_R","Bash+1","Metallicize+1","Bloodletting","Carnage+1","Infernal Blade","Metallicize","Hemokinesis","Rampage+1","Flex","Offering","Clothesline","Metallicize","Bandage Up","Flex+1","Disarm+1","Bandage Up","Carnage+1"],"max_hp_per_floor":[80,80,80,80,80,80,80,80,80,80,80,80,80,80,80,80,80,80,80,80,80,80,80,83,83,83,83,83,83,83,83,83,83],"relics":["Black Blood","NeowsBlessing","Gambling Chip","War Paint","Paper Frog","Tiny Chest","Nilry\u0027s Codex","Matryoshka","Omamori","Pen Nib"],"card_choices":[{"not_picked":["Power Through","Sword Boomerang"],"picked":"Metallicize","floor":1},{"not_picked":["Intimidate","Body Slam"],"picked":"Bloodletting","floor":3},{"not_picked":["Warcry","Feel No Pain"],"picked":"Carnage","floor":4},{"not_picked":["True Grit","Havoc"],"picked":"Infernal Blade","floor":6},{"not_picked":["Searing Blow","Wild Strike"],"picked":"Metallicize","floor":8},{"not_picked":["Clash","Second Wind"],"picked":"Hemokinesis","floor":12},{"not_picked":["Fire Breathing","Clash"],"picked":"Rampage","floor":13},{"not_picked":["Perfected Strike","Sword Boomerang"],"picked":"Flex","floor":14},{"not_picked":["Berserk","Fiend Fire"],"picked":"Offering","floor":16},{"not_picked":["Entrench","True Grit"],"picked":"Clothesline","floor":18},{"not_picked":["Sword Boomerang","Feel No Pain"],"picked":"Flex","floor":22},{"not_picked":["Havoc","Iron Wave"],"picked":"Disarm","floor":24},{"not_picked":["Thunderclap","Evolve"],"picked":"Carnage","floor":30}],"player_experience":114100,"potions_floor_usage":[13,16,18,24,30,31,33],"damage_taken":[{"damage":0,"enemies":"Jaw Worm","floor":1,"turns":1},{"damage":0,"enemies":"Cultist","floor":3,"turns":1},{"damage":0,"enemies":"Small Slimes","floor":4,"turns":1},{"damage":19,"enemies":"Gremlin Nob","floor":6,"turns":4},{"damage":0,"enemies":"Exordium Wildlife","floor":8,"turns":4},{"damage":4,"enemies":"Looter","floor":12,"turns":3},{"damage":9,"enemies":"3 Sentries","floor":13,"turns":6},{"damage":9,"enemies":"Large Slime","floor":14,"turns":7},{"damage":37,"enemies":"Hexaghost","floor":16,"turns":9},{"damage":11,"enemies":"Spheric Guardian","floor":18,"turns":3},{"damage":15,"enemies":"2 Thieves","floor":19,"turns":4},{"damage":17,"enemies":"Centurion and Healer","floor":22,"turns":12},{"damage":48,"enemies":"Book of Stabbing","floor":24,"turns":5},{"damage":19,"enemies":"Snake Plant","floor":27,"turns":2},{"damage":41,"enemies":"Chosen and Byrds","floor":30,"turns":7},{"damage":33,"enemies":"Cultist and Chosen","floor":31,"turns":10},{"damage":50,"enemies":"Collector","floor":33,"turns":5}],"event_choices":[{"event_name":"Living Wall","player_choice":"Grow","floor":2,"damage_taken":0},{"event_name":"Liars Game","player_choice":"agreed","floor":5,"damage_taken":0},{"event_name":"The Cleric","player_choice":"Card Removal","floor":11,"damage_taken":0},{"event_name":"Cursed Tome","player_choice":"Obtained Book","floor":20,"damage_taken":0}],"boss_relics":[{"not_picked":["Velvet Choker","White Beast Statue"],"picked":"Black Blood"}],"potions_floor_spawned":[1,3,12,14,16,19,22,27],"seed_played":"-2370993836680205628","killed_by":"Collector","ascension_level":5,"is_trial":false}