{"gold_per_floor":[113,124,49,63,63,63,63,63,63,63,77,40,51,64,64,168,218,232,232,18,18,18,18,18,18,18,28,59,59,70,18,18,117,117,137,137,2,19],"floor_reached":38,"playtime":2214,"items_purged":["Defend_B"],"score":382,"play_id":"8e7ac74c-49a7-4402-8830-8e1eab757483","local_time":"20181201133119","is_ascension_mode":false,"campfire_choices":[{"data":"Zap","floor":6.0,"key":"SMITH"},{"data":"Capacitor","floor":8.0,"key":"SMITH"},{"data":"Dualcast","floor":10.0,"key":"SMITH"},{"data":"Steam","floor":15.0,"key":"SMITH"},{"data":"Fusion","floor":23.0,"key":"SMITH"},{"data":"Conserve Battery","floor":25.0,"key":"SMITH"},{"data":"Ball Lightning","floor":29.0,"key":"SMITH"},{"floor":32.0,"key":"REST"}],"neow_cost":"PERCENT_DAMAGE","seed_source_timestamp":0,"circlet_count":0,"master_deck":["Strike_B+1","Defend_B","Defend_B","Zap+1","Dualcast+1","Defragment+1","Capacitor+1","Gash","Capacitor","Scrape","Conserve Battery+1","Steam+1","Echo Form","Beam Cell","Steam+1","Ball Lightning+1","Fusion+1","Go for the Eyes","Reprogram","Chill","Compile Driver+1","Hello World","Gash","Cold Snap","Buffer","Conserve Battery+1","Thunder Strike","Forethought"],"special_seed":0,"relics":["Cracked Core","Bottled Lightning","Tiny House","MutagenicStrength","Dream Catcher","PreservedInsect","Nuclear Battery"],"potions_floor_usage":[],"damage_taken":[{"damage":0.0,"enemies":"2 Louse","floor":1.0,"turns":2.0},{"damage":4.0,"enemies":"Small Slimes","floor":2.0,"turns":4.0},{"damage":6.0,"enemies":"Jaw Worm","floor":4.0,"turns":3.0},{"damage":4.0,"enemies":"Blue Slaver","floor":11.0,"turns":3.0},{"damage":5.0,"enemies":"Looter","floor":13.0,"turns":2.0},{"damage":0.0,"enemies":"Exordium Thugs","floor":14.0,"turns":4.0},{"damage":17.0,"enemies":"The Guardian","floor":16.0,"turns":10.0},{"damage":14.0,"enemies":"Spheric Guardian","floor":18.0,"turns":5.0},{"damage":7.0,"enemies":"Shell Parasite","floor":27.0,"turns":6.0},{"damage":20.0,"enemies":"Gremlin Leader","floor":28.0,"turns":9.0},{"damage":4.0,"enemies":"Shelled Parasite and Fungi","floor":30.0,"turns":5.0},{"damage":31.0,"enemies":"Automaton","floor":33.0,"turns":10.0},{"damage":24.0,"enemies":"Orb Walker","floor":35.0,"turns":5.0},{"damage":31.0,"enemies":"3 Darklings","floor":38.0,"turns":7.0}],"seed_played":"-727024118249419819","potions_obtained":[{"floor":2.0,"key":"Dexterity Potion"},{"floor":11.0,"key":"SteroidPotion"},{"floor":14.0,"key":"SmokeBomb"},{"floor":17.0,"key":"SmokeBomb"},{"floor":18.0,"key":"FocusPotion"},{"floor":27.0,"key":"SkillPotion"},{"floor":28.0,"key":"Poison Potion"},{"floor":30.0,"key":"LiquidBronze"},{"floor":35.0,"key":"FocusPotion"}],"is_trial":false,"path_per_floor":["M","M","$","M","?","R","?","R","T","R","M","$","M","M","R","B",null,"M","?","$","?","?","R","$","R","T","M","E","R","M","$","R","B",null,"M","?","$","M","?"],"character_chosen":"DEFECT","items_purchased":["Scrape","Ball Lightning","Fusion","Go for the Eyes","Reprogram","Gash","Thunder Strike"],"campfire_rested":1,"item_purchase_floors":[12,20,20,20,20,31,37],"current_hp_per_floor":[54,50,50,44,37,37,37,37,37,37,33,33,28,28,28,11,80,66,66,66,66,66,66,66,66,66,59,39,39,35,35,59,28,80,56,48,48,17],"gold":19,"neow_bonus":"REMOVE_TWO","is_prod":false,"is_daily":false,"chose_seed":false,"campfire_upgraded":7,"win_rate":0,"timestamp":1543689079,"path_taken":["M","M","$","M","?","R","?","R","T","R","M","?","M","M","R","BOSS","M","?","$","?","?","R","?","R","T","?","E","R","M","$","R","BOSS","M","?","?","?"],"build_version":"2018-11-15","purchased_purges":1,"victory":false,"max_hp_per_floor":[75,75,75,75,75,75,75,75,75,75,75,75,75,75,75,75,80,80,80,80,80,80,80,80,80,80,80,80,80,80,80,80,80,80,80,80,80,80],"card_choices":[{"not_picked":["Gash","Coolheaded"],"picked":"Defragment","floor":1.0},{"not_picked":["Leap","Ball Lightning"],"picked":"Capacitor","floor":2.0},{"not_picked":["Rebound","Compile Driver"],"picked":"Gash","floor":4.0},{"not_picked":["Leap","Rebound"],"picked":"Capacitor","floor":11.0},{"not_picked":["Undo","Sweeping Beam"],"picked":"Conserve Battery","floor":13.0},{"not_picked":["Turbo","Compile Driver"],"picked":"Steam","floor":14.0},{"not_picked":["Hyperbeam","Multi-Cast"],"picked":"Echo Form","floor":16.0},{"not_picked":["Redo","Steam Power"],"picked":"Beam Cell","floor":17.0},{"not_picked":["Rebound","Beam Cell"],"picked":"Steam+1","floor":18.0},{"not_picked":["Compile Driver","FTL"],"picked":"Chill","floor":27.0},{"not_picked":["Conserve Battery","Hello World"],"picked":"Compile Driver+1","floor":28.0},{"not_picked":["Force Field","Fusion+1"],"picked":"Hello World","floor":30.0},{"not_picked":["Turbo+1","Thunder Strike"],"picked":"Cold Snap","floor":32.0},{"not_picked":["Core Surge","Hyperbeam"],"picked":"Buffer","floor":33.0},{"not_picked":["Redo+1","Turbo"],"picked":"Conserve Battery+1","floor":35.0},{"not_picked":["Swift Strike","Purity"],"picked":"Forethought","floor":38}],"player_experience":335259,"relics_obtained":[{"floor":9.0,"key":"Bottled Lightning"},{"floor":26.0,"key":"Dream Catcher"},{"floor":28.0,"key":"PreservedInsect"}],"event_choices":[{"cards_removed":["Strike_B"],"damage_healed":0.0,"max_hp_gain":0.0,"max_hp_loss":0.0,"gold_gain":0.0,"event_name":"Golden Wing","player_choice":"Card Removal","floor":5.0,"gold_loss":0.0,"damage_taken":7.0},{"damage_healed":0.0,"max_hp_gain":0.0,"max_hp_loss":0.0,"gold_gain":0.0,"event_name":"Living Wall","player_choice":"Grow","floor":7.0,"gold_loss":0.0,"damage_taken":0.0,"cards_upgraded":["Defragment"]},{"cards_removed":["Defend_B"],"damage_healed":0.0,"max_hp_gain":0.0,"max_hp_loss":0.0,"gold_gain":0.0,"event_name":"Back to Basics","player_choice":"Elegance","floor":19.0,"gold_loss":0.0,"damage_taken":0.0},{"damage_healed":0.0,"max_hp_gain":0.0,"max_hp_loss":0.0,"gold_gain":0.0,"event_name":"Beggar","player_choice":"Ignored","floor":21.0,"gold_loss":0.0,"damage_taken":0.0},{"damage_healed":0.0,"max_hp_gain":0.0,"max_hp_loss":0.0,"gold_gain":0.0,"event_name":"Drug Dealer","player_choice":"Inject Mutagens","floor":22.0,"gold_loss":0.0,"damage_taken":0.0,"relics_obtained":["MutagenicStrength"]},{"damage_healed":0.0,"max_hp_gain":0.0,"max_hp_loss":0.0,"gold_gain":0.0,"event_name":"Wheel of Change","player_choice":"Damaged","floor":36.0,"gold_loss":0.0,"damage_taken":8.0},{"damage_healed":0,"gold_gain":0,"player_choice":"Memory 1","damage_taken":0,"max_hp_gain":0,"max_hp_loss":0,"event_name":"SensoryStone","floor":38,"gold_loss":0}],"is_beta":false,"boss_relics":[{"not_picked":["Ectoplasm","Orrery"],"picked":"Tiny House"},{"not_picked":["Black Star","White Beast Statue"],"picked":"Nuclear Battery"}],"items_purged_floors":[3],"is_endless":false,"potions_floor_spawned":[2,11,14,18,27,28,30,35,38],"ascension_level":0}