{"gold_per_floor":[113,124,134,55,72,72,84,110,146,226,238,276,288,317,329,446,458,483,495,352,372,113,113,129,129,129,129,143,143,162,162,162,263,263,280,280,280,380,91,91],"floor_reached":40,"playtime":3464,"items_purged":[],"score":571,"play_id":"e0208c66-2a58-4950-9f8a-577ad48ddadb","local_time":"20190830133137","is_ascension_mode":true,"campfire_choices":[{"data":"Sunder","floor":6.0,"key":"SMITH"},{"floor":11.0,"key":"REST"},{"data":"Zap","floor":13.0,"key":"SMITH"},{"data":"Dualcast","floor":15.0,"key":"SMITH"},{"data":"Rainbow","floor":23.0,"key":"SMITH"},{"floor":25.0,"key":"REST"},{"data":"Ball Lightning","floor":27.0,"key":"SMITH"},{"data":"Streamline","floor":29.0,"key":"SMITH"},{"floor":32.0,"key":"REST"}],"neow_cost":"NONE","seed_source_timestamp":0,"circlet_count":0,"master_deck":["Strike_B+1","Strike_B+1","Strike_B+1","Strike_B+1","Defend_B+1","Defend_B+1","Defend_B+1","Defend_B+1","Zap+1","Dualcast+1","Ball Lightning+1","Sunder+1","Streamline+1","Darkness","Capacitor","Coolheaded","Ball Lightning","Go for the Eyes","Beam Cell","Coolheaded","Rainbow+1","Hologram+1","Compile Driver+1","Leap+1","Streamline+1","Self Repair","Electrodynamics","Cold Snap+1","Consume"],"special_seed":0,"relics":["Cracked Core","MawBank","Regal Pillow","Pantograph","Anchor","Inserter","PreservedInsect","Matryoshka","Runic Dome","Bird Faced Urn","WingedGreaves"],"potions_floor_usage":[],"damage_taken":[{"damage":1.0,"enemies":"Cultist","floor":1.0,"turns":3.0},{"damage":0.0,"enemies":"Small Slimes","floor":2.0,"turns":3.0},{"damage":0.0,"enemies":"2 Louse","floor":3.0,"turns":1.0},{"damage":0.0,"enemies":"2 Fungi Beasts","floor":5.0,"turns":2.0},{"damage":19.0,"enemies":"Exordium Thugs","floor":7.0,"turns":4.0},{"damage":20.0,"enemies":"3 Sentries","floor":8.0,"turns":4.0},{"damage":25.0,"enemies":"Gremlin Nob","floor":12.0,"turns":4.0},{"damage":0.0,"enemies":"Exordium Wildlife","floor":14.0,"turns":1.0},{"damage":34.0,"enemies":"Slime Boss","floor":16.0,"turns":6.0},{"damage":9.0,"enemies":"Spheric Guardian","floor":18.0,"turns":3.0},{"damage":8.0,"enemies":"3 Byrds","floor":21.0,"turns":5.0},{"damage":20.0,"enemies":"Snake Plant","floor":24.0,"turns":4.0},{"damage":19.0,"enemies":"Shelled Parasite and Fungi","floor":28.0,"turns":7.0},{"damage":0.0,"enemies":"Cultist and Chosen","floor":30.0,"turns":5.0},{"damage":62.0,"enemies":"Collector","floor":33.0,"turns":6.0},{"damage":0.0,"enemies":"3 Shapes","floor":35.0,"turns":3.0},{"damage":28,"enemies":"Mind Bloom Boss Battle","floor":38,"turns":8},{"damage":70,"enemies":"Giant Head","floor":40,"turns":8}],"seed_played":"2988871477823099072","potions_obtained":[{"floor":2.0,"key":"PowerPotion"},{"floor":8.0,"key":"Ancient Potion"},{"floor":12.0,"key":"AttackPotion"},{"floor":18.0,"key":"PowerPotion"},{"floor":28.0,"key":"EntropicBrew"},{"floor":33.0,"key":"Poison Potion"}],"is_trial":false,"path_per_floor":["M","M","M","$","M","R","M","E","T","T","R","E","R","M","R","B",null,"M","?","$","M","$","R","M","R","T","R","M","R","M","?","R","B",null,"M","?","$","?","$","E"],"character_chosen":"DEFECT","items_purchased":["Capacitor","PreservedInsect","Matryoshka","WingedGreaves"],"campfire_rested":3,"item_purchase_floors":[4,20,22,39],"current_hp_per_floor":[67,67,67,67,67,67,48,28,28,28,65,40,40,40,40,31,64,55,55,55,47,47,47,27,64,64,64,45,45,45,31,70,25,66,66,66,66,59,59,0],"gold":91,"neow_bonus":"THREE_CARDS","is_prod":false,"is_daily":false,"chose_seed":false,"campfire_upgraded":6,"win_rate":0,"timestamp":1567186297,"path_taken":["M","M","M","$","M","R","M","E","T","?","R","E","R","M","R","BOSS","M","?","$","M","$","R","M","R","T","R","M","R","M","?","R","BOSS","M","?","$","?","$","E"],"build_version":"2019-08-26","purchased_purges":0,"victory":false,"max_hp_per_floor":[75,75,75,75,75,75,75,75,75,75,75,75,75,75,75,75,75,75,75,75,75,75,75,75,75,75,75,75,75,75,80,80,80,80,80,80,80,80,80,80],"card_choices":[{"not_picked":["Go for the Eyes","Redo"],"picked":"Ball Lightning","floor":0.0},{"not_picked":["Stack","Rebound"],"picked":"Sunder","floor":1.0},{"not_picked":["Stack","Sunder"],"picked":"Streamline","floor":2.0},{"not_picked":["Lockon","Compile Driver"],"picked":"Darkness","floor":3.0},{"not_picked":["Ball Lightning","Double Energy"],"picked":"Coolheaded","floor":5.0},{"not_picked":["Cold Snap","Double Energy"],"picked":"Ball Lightning","floor":7.0},{"not_picked":["Skim","Fusion"],"picked":"Go for the Eyes","floor":8.0},{"not_picked":["Go for the Eyes","Redo"],"picked":"Beam Cell","floor":12.0},{"not_picked":["Compile Driver","Redo"],"picked":"Coolheaded","floor":14.0},{"not_picked":["Amplify","Core Surge"],"picked":"Rainbow","floor":16.0},{"not_picked":["Coolheaded","Compile Driver"],"picked":"Hologram+1","floor":18.0},{"not_picked":["Lockon","Fusion"],"picked":"Compile Driver+1","floor":21.0},{"not_picked":["Redo","Compile Driver"],"picked":"Leap+1","floor":24.0},{"not_picked":["Blizzard","Turbo"],"picked":"Streamline+1","floor":28.0},{"not_picked":["Stack","Darkness"],"picked":"Self Repair","floor":30.0},{"not_picked":["Rainbow","Creative AI"],"picked":"Electrodynamics","floor":33.0},{"not_picked":["Tempest+1","Capacitor"],"picked":"Cold Snap+1","floor":35},{"not_picked":["Compile Driver","Steam Power+1"],"picked":"Consume","floor":38}],"player_experience":169182,"relics_obtained":[{"floor":8.0,"key":"MawBank"},{"floor":9.0,"key":"Regal Pillow"},{"floor":10.0,"key":"Pantograph"},{"floor":12.0,"key":"Anchor"},{"floor":38,"key":"Bird Faced Urn"}],"event_choices":[{"damage_healed":0.0,"max_hp_gain":0.0,"max_hp_loss":0.0,"gold_gain":0.0,"event_name":"Back to Basics","player_choice":"Simplicity","floor":19.0,"gold_loss":0.0,"damage_taken":0.0,"cards_upgraded":["Strike_B","Strike_B","Strike_B","Strike_B","Defend_B","Defend_B","Defend_B","Defend_B"]},{"damage_healed":0.0,"max_hp_gain":5.0,"max_hp_loss":0.0,"gold_gain":0.0,"event_name":"Forgotten Altar","player_choice":"Shed Blood","floor":31.0,"gold_loss":0.0,"damage_taken":19.0},{"damage_healed":0,"gold_gain":0,"player_choice":"Ignored","damage_taken":0,"max_hp_gain":0,"max_hp_loss":0,"event_name":"Tomb of Lord Red Mask","floor":36,"gold_loss":0},{"damage_healed":0,"gold_gain":0,"player_choice":"Fight","damage_taken":0,"max_hp_gain":0,"max_hp_loss":0,"event_name":"MindBloom","floor":38,"gold_loss":0}],"is_beta":true,"boss_relics":[{"not_picked":["Sozu","Astrolabe"],"picked":"Inserter"},{"not_picked":["Empty Cage","Lizard Tail"],"picked":"Runic Dome"}],"items_purged_floors":[],"is_endless":false,"potions_floor_spawned":[2,8,12,14,18,21,28,33,38],"killed_by":"Giant Head","ascension_level":9}