{"gold_per_floor":[115,115,76,96,57,82,82,92,144,156,156,168,183,183,183,260,260,271,321,321,145,70,70,105,121,121,121,121,150,162,180,180,253,253,267,267,281,120,137,137,164,164],"floor_reached":42,"playtime":1738,"items_purged":[],"score":980,"play_id":"81af64b0-1001-4e95-86ce-21dde7652b03","local_time":"20190922221729","is_ascension_mode":true,"campfire_choices":[{"data":"Consume","floor":7.0,"key":"SMITH"},{"floor":15.0,"key":"REST"},{"floor":23.0,"key":"REST"},{"floor":28,"key":"REST"},{"floor":32,"key":"REST"},{"floor":40,"key":"REST"}],"neow_cost":"NONE","seed_source_timestamp":0,"circlet_count":0,"master_deck":["AscendersBane","Strike_B","Strike_B","Defend_B","Defend_B","Defend_B+1","Defend_B","Zap","Dualcast","Sunder","Rainbow+1","Consume+1","Static Discharge","Loop","Rip and Tear","Melter","Conserve Battery","Stack","Redo","Electrodynamics","Coolheaded","Buffer+1","Streamline","Streamline","Undo+1","Leap+1","Self Repair","Reboot","Double Energy","Turbo","Capacitor","Seek","Multi-Cast","Conserve Battery+1","Hologram","Chaos+1","Beam Cell+1"],"special_seed":0,"relics":["Cracked Core","NeowsBlessing","Lantern","Bronze Scales","Ornamental Fan","Snecko Eye","Regal Pillow","War Paint","Orichalcum","Sozu","Orrery","Ice Cream"],"potions_floor_usage":[33,41,41],"damage_taken":[{"damage":0.0,"enemies":"Jaw Worm","floor":1.0,"turns":1.0},{"damage":0.0,"enemies":"Cultist","floor":4.0,"turns":1.0},{"damage":0.0,"enemies":"Gremlin Nob","floor":6.0,"turns":1.0},{"damage":2.0,"enemies":"2 Louse","floor":8.0,"turns":3.0},{"damage":6.0,"enemies":"2 Fungi Beasts","floor":10.0,"turns":2.0},{"damage":0.0,"enemies":"Large Slime","floor":12.0,"turns":5.0},{"damage":26.0,"enemies":"Exordium Thugs","floor":13.0,"turns":4.0},{"damage":12.0,"enemies":"Hexaghost","floor":16.0,"turns":8.0},{"damage":27.0,"enemies":"2 Thieves","floor":18.0,"turns":3.0},{"damage":43.0,"enemies":"Slavers","floor":24.0,"turns":3.0},{"damage":0.0,"enemies":"Spheric Guardian","floor":25.0,"turns":2.0},{"damage":0,"enemies":"Gremlin Leader","floor":29,"turns":4},{"damage":23,"enemies":"3 Cultists","floor":30,"turns":5},{"damage":0,"enemies":"Sentry and Sphere","floor":31,"turns":3},{"damage":8,"enemies":"Automaton","floor":33,"turns":9},{"damage":6,"enemies":"3 Shapes","floor":35,"turns":4},{"damage":0,"enemies":"3 Darklings","floor":37,"turns":3},{"damage":32,"enemies":"Jaw Worm Horde","floor":39,"turns":4},{"damage":61,"enemies":"Giant Head","floor":41,"turns":10},{"damage":20,"enemies":"Transient","floor":42,"turns":3}],"seed_played":"-7614272897109297732","potions_obtained":[{"floor":1.0,"key":"Block Potion"},{"floor":6.0,"key":"Block Potion"},{"floor":8.0,"key":"Weak Potion"},{"floor":12.0,"key":"Swift Potion"},{"floor":16.0,"key":"AttackPotion"},{"floor":25,"key":"Dexterity Potion"},{"floor":33,"key":"Swift Potion"}],"is_trial":false,"path_per_floor":["M","?","$","M","$","E","R","M","T","M","?","M","M","$","R","B",null,"M","?","?","$","?","R","E","M","T","?","R","E","M","M","R","B",null,"M","?","M","$","M","R","E","M"],"character_chosen":"DEFECT","items_purchased":["Consume","Loop","Buffer","Orrery"],"campfire_rested":5,"item_purchase_floors":[3,5,21,38],"current_hp_per_floor":[64,64,64,64,64,64,64,62,62,56,56,56,30,30,51,39,63,36,36,50,50,50,71,28,28,28,28,64,64,41,41,71,70,71,65,65,65,65,40,71,17,0],"gold":164,"neow_bonus":"THREE_ENEMY_KILL","is_prod":false,"is_daily":false,"chose_seed":false,"campfire_upgraded":1,"win_rate":0,"timestamp":1569205049,"path_taken":["M","?","$","M","$","E","R","?","T","M","?","M","M","$","R","BOSS","M","?","?","$","?","R","E","M","T","?","R","E","?","M","R","BOSS","M","?","?","$","M","R","E","M"],"build_version":"2019-09-20","purchased_purges":0,"victory":false,"max_hp_per_floor":[71,71,71,71,71,71,71,71,71,71,71,71,71,71,71,71,71,71,71,71,71,71,71,71,71,71,71,71,71,71,71,71,71,71,71,71,71,71,71,71,71,71],"card_choices":[{"not_picked":["Leap","Beam Cell"],"picked":"Sunder","floor":1.0},{"not_picked":["Reinforced Body","Conserve Battery"],"picked":"Static Discharge","floor":4.0},{"not_picked":["Compile Driver","Conserve Battery"],"picked":"Rip and Tear","floor":6.0},{"not_picked":["Gash","Fission"],"picked":"Melter","floor":8.0},{"not_picked":["Rebound","Steam"],"picked":"Conserve Battery","floor":10.0},{"not_picked":["Turbo","Barrage"],"picked":"Stack","floor":12.0},{"not_picked":["Genetic Algorithm","Stack"],"picked":"Redo","floor":13.0},{"not_picked":["Amplify","Buffer"],"picked":"Electrodynamics","floor":16.0},{"not_picked":["Hologram","Hello World"],"picked":"Coolheaded","floor":18.0},{"not_picked":["Storm+1","Steam"],"picked":"Streamline","floor":24.0},{"not_picked":["Melter","BootSequence"],"picked":"Streamline","floor":25},{"not_picked":["Aggregate","Machine Learning"],"picked":"Undo+1","floor":29},{"not_picked":["Barrage+1","Ball Lightning"],"picked":"Leap+1","floor":30},{"not_picked":["Barrage","Beam Cell"],"picked":"Self Repair","floor":31},{"not_picked":["Meteor Strike","Buffer"],"picked":"Reboot","floor":33},{"not_picked":["Beam Cell","Redo"],"picked":"Double Energy","floor":35},{"not_picked":["Genetic Algorithm","Barrage"],"picked":"Turbo","floor":37},{"not_picked":["Undo+1","Streamline"],"picked":"Capacitor","floor":38},{"not_picked":["Coolheaded+1","Sweeping Beam"],"picked":"Seek","floor":38},{"not_picked":["Reinforced Body","Beam Cell+1"],"picked":"Multi-Cast","floor":38},{"not_picked":["Barrage","Leap"],"picked":"Conserve Battery+1","floor":38},{"not_picked":["Gash+1","Go for the Eyes"],"picked":"Hologram","floor":38},{"not_picked":["Conserve Battery","Compile Driver"],"picked":"Chaos+1","floor":39},{"not_picked":["Go for the Eyes","Consume"],"picked":"Beam Cell+1","floor":41}],"player_experience":655654,"relics_obtained":[{"floor":6.0,"key":"Lantern"},{"floor":9.0,"key":"Bronze Scales"},{"floor":24.0,"key":"Regal Pillow"},{"floor":26,"key":"War Paint"},{"floor":29,"key":"Orichalcum"},{"floor":41,"key":"Ice Cream"}],"event_choices":[{"damage_healed":0.0,"max_hp_gain":0.0,"max_hp_loss":0.0,"gold_gain":0.0,"cards_transformed":["Strike_B"],"event_name":"Transmorgrifier","player_choice":"Transformed","floor":2.0,"gold_loss":0.0,"damage_taken":0.0,"cards_obtained":["Rainbow"]},{"damage_healed":0.0,"max_hp_gain":0.0,"max_hp_loss":0.0,"gold_gain":0.0,"event_name":"WeMeetAgain","player_choice":"Gave Potion","floor":11.0,"gold_loss":0.0,"damage_taken":0.0,"relics_obtained":["Ornamental Fan"]},{"damage_healed":0.0,"max_hp_gain":0.0,"max_hp_loss":0.0,"gold_gain":50.0,"event_name":"Nest","player_choice":"Stole From Cult","floor":19.0,"gold_loss":0.0,"damage_taken":0.0},{"damage_healed":14.0,"max_hp_gain":0.0,"max_hp_loss":0.0,"gold_gain":0.0,"event_name":"The Library","player_choice":"Heal","floor":20.0,"gold_loss":0.0,"damage_taken":0.0},{"cards_removed":["Strike_B"],"damage_healed":0.0,"max_hp_gain":0.0,"max_hp_loss":0.0,"gold_gain":0.0,"event_name":"Beggar","player_choice":"Gave Gold","floor":22.0,"gold_loss":75.0,"damage_taken":0.0},{"damage_healed":0,"gold_gain":0,"player_choice":"Upgraded","damage_taken":0,"max_hp_gain":0,"max_hp_loss":0,"event_name":"Upgrade Shrine","floor":27,"gold_loss":0,"cards_upgraded":["Buffer"]},{"damage_healed":0,"gold_gain":0,"player_choice":"Got Potions","damage_taken":0,"max_hp_gain":0,"max_hp_loss":0,"event_name":"Lab","floor":36,"gold_loss":0}],"is_beta":true,"boss_relics":[{"not_picked":["FrozenCore","Philosopher\u0027s Stone"],"picked":"Snecko Eye"},{"not_picked":["Nuclear Battery","Astrolabe"],"picked":"Sozu"}],"items_purged_floors":[],"is_endless":false,"potions_floor_spawned":[1,6,8,12,16,18,25,31,33,35,37,41],"killed_by":"Transient","ascension_level":17}