{"path_per_floor":["M","M","M","M","M","E","M","?","T","E","$","?","?","M","R"],"character_chosen":"THE_SILENT","items_purchased":["Pear"],"gold_per_floor":[118,137,149,168,180,209,223,223,248,277,17,17,17,29,29,29],"floor_reached":16,"campfire_rested":0,"playtime":1028,"current_hp_per_floor":[60,59,59,56,56,37,37,37,37,39,49,42,42,44,44,29],"items_purged":[],"gold":29,"score":139,"play_id":"ccbf2891-c3b0-4ee1-8357-26677ce0cd33","local_time":"20180508162836","is_prod":false,"is_daily":false,"chose_seed":false,"is_ascension_mode":false,"campfire_upgraded":1,"timestamp":1525764516,"path_taken":["M","M","M","M","M","E","M","?","T","E","$","?","?","M","R","BOSS"],"build_version":"2018-05-03","seed_source_timestamp":27595412300826,"purchased_purges":0,"victory":false,"master_deck":["Defend_G","Defend_G","Defend_G","Defend_G","Defend_G","Strike_G","Strike_G+1","Strike_G","Strike_G","Survivor","Neutralize+1","Slice","Deflect","Quick Slash","Dagger Throw","Dagger Throw","Backstab","Prepared+1","Tactician","Regret","PiercingWail"],"max_hp_per_floor":[63,63,63,63,63,63,63,63,63,63,73,73,73,73,73,73],"relics":["Ring of the Snake","Tingsha","Whetstone","Anchor","Blood Vial","Ancient Tea Set","Pear","Lantern"],"card_choices":[{"not_picked":["Dagger Spray","Choke"],"picked":"Slice","floor":1},{"not_picked":["PiercingWail","Terror"],"picked":"Deflect","floor":2},{"not_picked":["Poisoned Stab","Blade Dance"],"picked":"Quick Slash","floor":3},{"not_picked":["Expertise","Poisoned Stab"],"picked":"Dagger Throw","floor":4},{"not_picked":["Dash","Expertise"],"picked":"Dagger Throw","floor":5},{"not_picked":["Poisoned Stab","Riddle With Holes"],"picked":"Backstab","floor":6},{"not_picked":["Backflip","Acrobatics"],"picked":"Prepared","floor":7},{"not_picked":["Deadly Poison","Flying Knee"],"picked":"Tactician","floor":10},{"not_picked":["Flying Knee","Outmaneuver"],"picked":"PiercingWail","floor":14}],"player_experience":57591,"potions_floor_usage":[10,16,16],"damage_taken":[{"damage":3,"enemies":"2 Louse","floor":1,"turns":3},{"damage":1,"enemies":"Cultist","floor":2,"turns":4},{"damage":0,"enemies":"Jaw Worm","floor":3,"turns":5},{"damage":3,"enemies":"Large Slime","floor":4,"turns":7},{"damage":0,"enemies":"Looter","floor":5,"turns":3},{"damage":19,"enemies":"Lagavulin","floor":6,"turns":5},{"damage":0,"enemies":"3 Louse","floor":7,"turns":2},{"damage":0,"enemies":"3 Sentries","floor":10,"turns":3},{"damage":0,"enemies":"2 Fungi Beasts","floor":14,"turns":2},{"damage":17,"enemies":"Slime Boss","floor":16,"turns":9}],"event_choices":[{"event_name":"Accursed Blacksmith","player_choice":"Rummage","floor":8,"damage_taken":0},{"event_name":"Golden Wing","player_choice":"Card Removal","floor":12,"damage_taken":0},{"event_name":"Big Fish","player_choice":"Box","floor":13,"damage_taken":0}],"boss_relics":[],"potions_floor_spawned":[5,6,7,14],"seed_played":"-7430320942080728537","killed_by":"Slime Boss","ascension_level":0,"is_trial":false}