{"gold_per_floor":[116,126,126,146,321,321,321,321,321,321,38,68,81,110,110,213,213,233,183,203,214,114,114,114,114,137,150,249,249,263,263,263,263],"floor_reached":33,"playtime":2391,"items_purged":["Doubt","Regret"],"score":278,"play_id":"f161ca03-7338-4991-92f1-a1309949a15d","local_time":"20190812230325","is_ascension_mode":false,"campfire_choices":[{"data":"Rampage","floor":6,"key":"SMITH"},{"data":"Thunderclap","floor":8,"key":"SMITH"},{"floor":15,"key":"REST"},{"floor":23,"key":"REST"},{"floor":25,"key":"REST"},{"data":"Armaments","floor":32,"key":"SMITH"}],"neow_cost":"NONE","seed_source_timestamp":281773751250400,"circlet_count":0,"master_deck":["Defend_R","Defend_R","Defend_R","Defend_R","Bash+1","Thunderclap+1","Thunderclap","Rampage+1","Transmutation","Inflame","Metallicize","Dropkick","Feed","Juggernaut","Decay","Clumsy","Wild Strike+1","Ghostly Armor+1","Armaments+1","Writhe","Dual Wield+1","Wild Strike","Bite","Bite","Bite","Bite","Bite"],"relics":["Burning Blood","WingedGreaves","Self Forming Clay","Boot","Gremlin Horn","Calling Bell","Red Skull","Paper Frog","Gambling Chip","Ornamental Fan","Ancient Tea Set"],"potions_floor_usage":[16,16,33,33,33],"damage_taken":[{"damage":6,"enemies":"Jaw Worm","floor":1,"turns":3},{"damage":13,"enemies":"2 Louse","floor":2,"turns":3},{"damage":5,"enemies":"Small Slimes","floor":4,"turns":3},{"damage":41,"enemies":"Lagavulin","floor":12,"turns":7},{"damage":7,"enemies":"3 Louse","floor":13,"turns":3},{"damage":19,"enemies":"Gremlin Nob","floor":14,"turns":4},{"damage":34,"enemies":"Hexaghost","floor":16,"turns":9},{"damage":36,"enemies":"2 Thieves","floor":18,"turns":4},{"damage":21,"enemies":"3 Byrds","floor":20,"turns":5},{"damage":42,"enemies":"Snake Plant","floor":21,"turns":6},{"damage":29,"enemies":"Centurion and Healer","floor":27,"turns":8},{"damage":14,"enemies":"Shelled Parasite and Fungi","floor":30,"turns":3},{"damage":73,"enemies":"Champ","floor":33,"turns":8}],"seed_played":"7263279827977897472","potions_obtained":[{"floor":1,"key":"Fire Potion"},{"floor":4,"key":"Explosive Potion"},{"floor":13,"key":"Weak Potion"},{"floor":16,"key":"Weak Potion"},{"floor":21,"key":"AttackPotion"},{"floor":30,"key":"Block Potion"}],"is_trial":false,"path_per_floor":["M","M","?","M","?","R","?","R","T","?","$","E","M","E","R","B",null,"M","?","M","M","$","R","?","R","T","M","?","?","M","?","R","B"],"character_chosen":"IRONCLAD","items_purchased":["Transmutation","Inflame"],"campfire_rested":3,"item_purchase_floors":[11,11],"current_hp_per_floor":[80,73,73,74,74,74,71,71,71,76,76,41,40,27,52,24,85,58,58,46,10,10,37,37,64,64,44,44,44,39,39,39,0],"gold":263,"neow_bonus":"UPGRADE_CARD","is_prod":false,"is_daily":false,"chose_seed":false,"campfire_upgraded":3,"win_rate":0.0,"timestamp":1565643805,"path_taken":["M","M","?","M","?","R","?","R","T","?","?","E","?","E","R","BOSS","M","?","?","M","$","R","?","R","T","M","?","?","M","?","R","BOSS"],"build_version":"2019-07-17","purchased_purges":2,"victory":false,"max_hp_per_floor":[80,80,80,80,80,80,80,80,80,85,85,85,85,85,85,85,85,88,88,91,91,91,91,91,91,91,94,94,94,97,67,67,67],"card_choices":[{"not_picked":["Feel No Pain","Headbutt"],"picked":"Thunderclap","floor":1},{"not_picked":["Cleave","Shockwave"],"picked":"Thunderclap","floor":2},{"not_picked":["Flex","Intimidate"],"picked":"Rampage","floor":4},{"not_picked":["Evolve","Dark Embrace"],"picked":"Metallicize","floor":12},{"not_picked":["Anger","Body Slam"],"picked":"Dropkick","floor":13},{"not_picked":["Iron Wave","Body Slam"],"picked":"Feed","floor":14},{"not_picked":["Brutality","Feed"],"picked":"Juggernaut","floor":16},{"not_picked":["Power Through","True Grit+1"],"picked":"Wild Strike+1","floor":18},{"not_picked":["Perfected Strike","Anger"],"picked":"Ghostly Armor+1","floor":20},{"not_picked":["Wild Strike+1","Shrug It Off"],"picked":"Armaments","floor":21},{"not_picked":["True Grit","Armaments"],"picked":"Dual Wield+1","floor":27},{"not_picked":["Sword Boomerang","Burning Pact"],"picked":"Wild Strike","floor":30}],"player_experience":24830,"relics_obtained":[{"floor":9,"key":"Self Forming Clay"},{"floor":12,"key":"Boot"},{"floor":14,"key":"Gremlin Horn"},{"floor":17,"key":"Red Skull"},{"floor":17,"key":"Paper Frog"},{"floor":17,"key":"Gambling Chip"},{"floor":26,"key":"Ancient Tea Set"}],"event_choices":[{"damage_healed":0,"gold_gain":0,"player_choice":"Leave","damage_taken":0,"max_hp_gain":0,"max_hp_loss":0,"event_name":"The Cleric","floor":3,"gold_loss":0},{"damage_healed":0,"gold_gain":175,"player_choice":"AGREE","damage_taken":0,"max_hp_gain":0,"max_hp_loss":0,"event_name":"Liars Game","floor":5,"gold_loss":0,"cards_obtained":["Doubt"]},{"damage_healed":0,"gold_gain":0,"player_choice":"Success","damage_taken":3,"relics_obtained":["WingedGreaves"],"max_hp_gain":0,"max_hp_loss":0,"event_name":"Scrap Ooze","floor":7,"gold_loss":0},{"damage_healed":0,"gold_gain":0,"player_choice":"Donut","damage_taken":0,"max_hp_gain":5,"max_hp_loss":0,"event_name":"Big Fish","floor":10,"gold_loss":0},{"damage_healed":0,"gold_gain":0,"player_choice":"Bet on Murderer","damage_taken":0,"max_hp_gain":0,"max_hp_loss":0,"event_name":"The Joust","floor":19,"gold_loss":50},{"damage_healed":0,"gold_gain":0,"player_choice":"Opened","damage_taken":0,"relics_obtained":["Ornamental Fan"],"max_hp_gain":0,"max_hp_loss":0,"event_name":"The Mausoleum","floor":24,"gold_loss":0,"cards_obtained":["Writhe"]},{"damage_healed":0,"gold_gain":99,"player_choice":"Stole From Cult","damage_taken":0,"max_hp_gain":0,"max_hp_loss":0,"event_name":"Nest","floor":28,"gold_loss":0},{"damage_healed":0,"gold_gain":0,"player_choice":"Ignored","damage_taken":0,"max_hp_gain":0,"max_hp_loss":0,"event_name":"Ghosts","floor":29,"gold_loss":0},{"damage_healed":0,"gold_gain":0,"player_choice":"Became a vampire","damage_taken":0,"max_hp_gain":0,"max_hp_loss":30,"event_name":"Vampires","floor":31,"gold_loss":0,"cards_obtained":["Bite","Bite","Bite","Bite","Bite"]}],"is_beta":false,"boss_relics":[{"not_picked":["Black Blood","Fusion Hammer"],"picked":"Calling Bell"}],"items_purged_floors":[11,22],"is_endless":false,"potions_floor_spawned":[1,4,13,16,21,30],"killed_by":"Champ","ascension_level":0}