{"path_per_floor":["M","?","$","?","M","E","$","E","T","E","M","?","E","?","R","B",null,"M","?","$","?","M","M","M","E","T","R","?","R","?","E","R"],"character_chosen":"THE_SILENT","items_purchased":["Flash of Steel","Flying Knee","Omamori","Frozen Eye"],"gold_per_floor":[149,149,11,186,200,232,4,32,32,66,76,76,110,179,179,305,305,326,326,21,21,42,55,79,112,112,112,112,112,112,151,151,151],"floor_reached":33,"campfire_rested":2,"playtime":4160,"current_hp_per_floor":[67,64,64,64,60,48,48,36,50,38,38,38,24,10,36,12,89,87,87,87,87,73,73,57,26,26,55,48,48,32,34,34,11],"items_purged":["Doubt","Regret"],"gold":151,"score":393,"play_id":"d53bedea-14da-402e-81aa-9f9a542a96e8","local_time":"20180408083044","is_prod":false,"is_daily":false,"is_ascension_mode":true,"campfire_upgraded":0,"timestamp":1523143844,"path_taken":["M","?","$","?","?","E","?","E","T","E","M","?","E","?","R","BOSS","M","?","$","?","M","M","M","E","T","R","?","R","?","E","R","BOSS"],"build_version":"2018-04-05v2","purchased_purges":2,"victory":false,"master_deck":["Defend_G","Defend_G","Defend_G","Defend_G","Defend_G","Strike_G+1","Strike_G","Strike_G","Strike_G","Strike_G","Survivor","Neutralize","Finisher","Leg Sweep","Flash of Steel","Flying Knee","Skewer","Storm of Steel","Dagger Spray","Outmaneuver","Acrobatics","Finisher","Endless Agony","Unload","Writhe","Outmaneuver","Terror+1","Ghostly","Ghostly","Ghostly","Ghostly","Ghostly"],"max_hp_per_floor":[75,75,75,75,75,75,75,75,89,89,89,89,89,89,89,89,89,91,91,91,91,93,93,95,97,97,97,48,48,48,50,50,50],"relics":["Tiny House","Orichalcum","Gambling Chip","Omamori","Dodecahedron","Mango","Vajra","Golden Idol","Oddly Smooth Stone","Mummified Hand","Calling Bell","Anchor","Singing Bowl","Sundial","Frozen Eye","Art of War","Girya","Enchiridion","Pen Nib"],"card_choices":[{"not_picked":["Sucker Punch","Outmaneuver"],"picked":"Finisher","floor":0},{"not_picked":["Bouncing Flask","Flying Knee"],"picked":"Leg Sweep","floor":1},{"not_picked":["Accuracy","Underhanded Strike"],"picked":"Skewer","floor":5},{"not_picked":["Malaise","Dagger Throw"],"picked":"Storm of Steel","floor":6},{"not_picked":["PiercingWail","Deadly Poison"],"picked":"Dagger Spray","floor":8},{"not_picked":["Prepared","Calculated Gamble"],"picked":"Outmaneuver","floor":10},{"not_picked":["Bane","Backflip"],"picked":"Acrobatics","floor":11},{"not_picked":["Choke","Predator"],"picked":"Finisher","floor":13},{"not_picked":["Deflect","Dagger Spray"],"picked":"Endless Agony","floor":14},{"not_picked":["Glass Knife","Night Terror"],"picked":"Unload","floor":16},{"not_picked":["Sucker Punch","Expertise"],"picked":"Terror","floor":23}],"player_experience":148823,"potions_floor_usage":[6,13,14,24,25,33,33],"damage_taken":[{"damage":8,"enemies":"2 Louse","floor":1,"turns":3},{"damage":4,"enemies":"Jaw Worm","floor":5,"turns":4},{"damage":21,"enemies":"Lagavulin","floor":6,"turns":8},{"damage":12,"enemies":"Gremlin Nob","floor":8,"turns":5},{"damage":12,"enemies":"3 Sentries","floor":10,"turns":8},{"damage":0,"enemies":"Small Slimes","floor":11,"turns":2},{"damage":14,"enemies":"Lagavulin","floor":13,"turns":5},{"damage":14,"enemies":"Gremlin Nob","floor":14,"turns":4},{"damage":24,"enemies":"Slime Boss","floor":16,"turns":10},{"damage":4,"enemies":"Shell Parasite","floor":18,"turns":3},{"damage":16,"enemies":"Spheric Guardian","floor":22,"turns":5},{"damage":0,"enemies":"Centurion and Healer","floor":23,"turns":7},{"damage":27,"enemies":"Slaver and Parasite","floor":24,"turns":5},{"damage":33,"enemies":"Slavers","floor":25,"turns":5},{"damage":0,"enemies":"Book of Stabbing","floor":31,"turns":5},{"damage":23,"enemies":"Champ","floor":33,"turns":10}],"event_choices":[{"event_name":"Scrap Ooze","player_choice":"success","floor":2,"damage_taken":3},{"event_name":"Liars Game","player_choice":"agreed","floor":4,"damage_taken":0},{"event_name":"Golden Idol","player_choice":"Take Wound","floor":12,"damage_taken":0},{"event_name":"Dead Adventurer","player_choice":"Searched \u00272\u0027 times","floor":14,"damage_taken":0},{"event_name":"The Library","player_choice":"Read","floor":19,"damage_taken":0},{"event_name":"Drug Dealer","player_choice":"Ignored","floor":21,"damage_taken":0},{"event_name":"Ghosts","player_choice":"Became a Ghost","floor":28,"damage_taken":0},{"event_name":"Cursed Tome","player_choice":"Obtained Book","floor":30,"damage_taken":0}],"boss_relics":[{"not_picked":["Orrery","Ectoplasm"],"picked":"Calling Bell"}],"potions_floor_spawned":[5,10,13,16,18,23,25,31],"seed_played":"-1940323724399393273","killed_by":"Champ","ascension_level":2,"is_trial":false}