{"gold_per_floor":[117,117,130,142,109,141,141,141,168,118,118,145,164,181,181,260,260,272,291,291,216,216],"floor_reached":22,"playtime":728,"items_purged":["Strike_B"],"score":330,"play_id":"caa6db2a-1439-4bb0-8e61-e7ecc993212e","local_time":"20190919161510","is_ascension_mode":true,"campfire_choices":[{"floor":7,"key":"REST"},{"floor":11,"key":"REST"},{"floor":15,"key":"REST"}],"neow_cost":"NONE","seed_source_timestamp":0,"circlet_count":0,"master_deck":["AscendersBane","Strike_B","Defend_B","Defend_B","Defend_B","Defend_B","Zap","Dualcast","Doom and Gloom","Barrage","White Noise","Melter","Rip and Tear","Compile Driver","Auto Shields","Rainbow","Decay"],"special_seed":0,"relics":["Inserter","Smiling Mask","MealTicket","Singing Bowl","Coffee Dripper"],"potions_floor_usage":[],"damage_taken":[{"damage":6.0,"enemies":"Cultist","floor":1.0,"turns":4.0},{"damage":5.0,"enemies":"2 Louse","floor":3.0,"turns":3.0},{"damage":12.0,"enemies":"Small Slimes","floor":4.0,"turns":3.0},{"damage":30,"enemies":"Lagavulin","floor":6,"turns":5},{"damage":20,"enemies":"3 Sentries","floor":12,"turns":3},{"damage":6,"enemies":"2 Fungi Beasts","floor":13,"turns":2},{"damage":11,"enemies":"Looter","floor":14,"turns":3},{"damage":41,"enemies":"Slime Boss","floor":16,"turns":8},{"damage":29,"enemies":"3 Byrds","floor":18,"turns":4},{"damage":28,"enemies":"2 Thieves","floor":19,"turns":4},{"damage":10,"enemies":"Snake Plant","floor":22,"turns":1}],"seed_played":"1479591537282333949","potions_obtained":[{"floor":1.0,"key":"Poison Potion"},{"floor":4.0,"key":"Swift Potion"},{"floor":18,"key":"AttackPotion"}],"is_trial":false,"path_per_floor":["M","?","M","M","$","E","R","?","T","$","R","E","M","M","R","B",null,"M","M","?","?","M"],"character_chosen":"DEFECT","items_purchased":["Melter"],"campfire_rested":3,"item_purchase_floors":[5],"current_hp_per_floor":[58,51,46,34,34,4,25,25,25,40,61,43,37,28,50,9,59,32,6,6,6,0],"gold":216,"neow_bonus":"BOSS_RELIC","is_prod":false,"is_daily":false,"chose_seed":false,"campfire_upgraded":0,"win_rate":0,"timestamp":1568924110,"path_taken":["M","?","?","M","$","E","R","?","T","$","R","E","M","M","R","BOSS","M","?","?","?","M"],"build_version":"2019-09-18","purchased_purges":1,"victory":false,"max_hp_per_floor":[71,71,71,71,71,71,71,71,71,71,71,73,73,75,75,75,75,77,79,79,79,79],"card_choices":[{"not_picked":["Compile Driver","Self Repair"],"picked":"Doom and Gloom","floor":1.0},{"not_picked":["Gash","Turbo"],"picked":"Barrage","floor":3.0},{"not_picked":["Lockon","Steam"],"picked":"White Noise","floor":4.0},{"not_picked":["Multi-Cast","Leap"],"picked":"Rip and Tear","floor":6},{"not_picked":["Streamline","Doom and Gloom","Compile Driver"],"picked":"Singing Bowl","floor":12},{"not_picked":["Redo","Sweeping Beam"],"picked":"Auto Shields","floor":13},{"not_picked":["Reinforced Body","Tempest","Stack"],"picked":"Singing Bowl","floor":14},{"not_picked":["Amplify","Hyperbeam"],"picked":"Rainbow","floor":16},{"not_picked":["Sweeping Beam","Lockon","Reinforced Body"],"picked":"Singing Bowl","floor":18},{"not_picked":["Scrape","Stack","Steam"],"picked":"Singing Bowl","floor":19}],"player_experience":573917,"relics_obtained":[{"floor":6,"key":"Smiling Mask"},{"floor":9,"key":"MealTicket"},{"floor":12,"key":"Singing Bowl"}],"event_choices":[{"damage_healed":0.0,"max_hp_gain":0.0,"max_hp_loss":0.0,"gold_gain":0.0,"event_name":"Wheel of Change","player_choice":"Damaged","floor":2.0,"gold_loss":0.0,"damage_taken":7.0},{"damage_healed":0,"gold_gain":0,"cards_transformed":["Strike_B"],"player_choice":"Transformed","damage_taken":0,"max_hp_gain":0,"max_hp_loss":0,"event_name":"Transmorgrifier","floor":8,"gold_loss":0,"cards_obtained":["Compile Driver"]},{"damage_healed":0,"gold_gain":0,"player_choice":"Smashed Altar","damage_taken":0,"max_hp_gain":0,"max_hp_loss":0,"event_name":"Forgotten Altar","floor":20,"gold_loss":0,"cards_obtained":["Decay"]},{"cards_removed":["Strike_B"],"damage_healed":0,"gold_gain":0,"player_choice":"Gave Gold","damage_taken":0,"max_hp_gain":0,"max_hp_loss":0,"event_name":"Beggar","floor":21,"gold_loss":75}],"is_beta":true,"boss_relics":[{"not_picked":["Black Star","Astrolabe"],"picked":"Coffee Dripper"}],"items_purged_floors":[10],"is_endless":false,"potions_floor_spawned":[1,4,6,12,16,18],"killed_by":"Snake Plant","ascension_level":14}