{"gold_per_floor":[110,285,10,10,20,50,50,75,75,95,20,20,20,33,33,131,131,146,7,7,7,20,20,52,52,52,52,86,98,98,108,108,205,205,222,1221,924,934,51,80,91,91,160,172,172,172,201,201,201,201,201,201,56,83,83],"floor_reached":56,"playtime":2660,"items_purged":["Doubt","Dualcast","Normality","Normality"],"score":1453,"play_id":"65781e63-5fb0-4f8c-9c0a-d9bdc125107b","local_time":"20190503011652","is_ascension_mode":true,"campfire_choices":[{"data":"Chaos","floor":7,"key":"SMITH"},{"data":"Defragment","floor":13,"key":"SMITH"},{"data":"Zap","floor":15,"key":"SMITH"},{"data":"Loop","floor":23,"key":"SMITH"},{"data":"Buffer","floor":27,"key":"SMITH"},{"floor":30,"key":"REST"},{"data":"Barrage","floor":32,"key":"SMITH"},{"floor":42,"key":"RECALL"},{"floor":45,"key":"REST"},{"floor":49,"key":"REST"},{"floor":52,"key":"REST"}],"neow_cost":"NONE","seed_source_timestamp":1649382697738200,"circlet_count":0,"master_deck":["Zap+1","Cold Snap","Defragment+1","Go for the Eyes","Chaos+1","Machine Learning","Compile Driver","Buffer+1","Leap+1","Loop+1","Barrage+1","Steam","Steam+1","Rainbow","Coolheaded+1","Coolheaded","Machine Learning","Capacitor+1","Reinforced Body+1","Reboot","Go for the Eyes+1"],"relics":["Cracked Core","NeowsBlessing","Runic Capacitor","WingedGreaves","Centennial Puzzle","Pocketwatch","Pandora\u0027s Box","Happy Flower","Nilry\u0027s Codex","Anchor","Regal Pillow","Fusion Hammer","Orichalcum","Chemical X","Potion Belt","War Paint","Torii","Question Card","Nunchaku","Bag of Preparation","Lantern"],"potions_floor_usage":[14,28,50,54,55,55,55],"damage_taken":[{"damage":0,"enemies":"2 Louse","floor":1,"turns":1},{"damage":0,"enemies":"Small Slimes","floor":5,"turns":1},{"damage":0,"enemies":"Gremlin Nob","floor":6,"turns":1},{"damage":12,"enemies":"Lagavulin","floor":8,"turns":8},{"damage":0,"enemies":"Cultist","floor":10,"turns":3},{"damage":0,"enemies":"Lots of Slimes","floor":14,"turns":1},{"damage":13,"enemies":"Slime Boss","floor":16,"turns":8},{"damage":6,"enemies":"Shell Parasite","floor":18,"turns":3},{"damage":14,"enemies":"3 Byrds","floor":22,"turns":3},{"damage":10,"enemies":"Book of Stabbing","floor":24,"turns":5},{"damage":25,"enemies":"Slavers","floor":28,"turns":5},{"damage":9,"enemies":"Snake Plant","floor":29,"turns":4},{"damage":8,"enemies":"Centurion and Healer","floor":31,"turns":5},{"damage":0,"enemies":"Collector","floor":33,"turns":8},{"damage":16,"enemies":"3 Darklings","floor":35,"turns":4},{"damage":0,"enemies":"Orb Walker","floor":38,"turns":4},{"damage":0,"enemies":"Giant Head","floor":40,"turns":8},{"damage":0,"enemies":"Sphere and 2 Shapes","floor":41,"turns":4},{"damage":9,"enemies":"Transient","floor":44,"turns":5},{"damage":0,"enemies":"Nemesis","floor":47,"turns":9},{"damage":9,"enemies":"Time Eater","floor":50,"turns":7},{"damage":21,"enemies":"Shield and Spear","floor":54,"turns":8},{"damage":25,"enemies":"The Heart","floor":55,"turns":11}],"seed_played":"-2048419394672422231","potions_obtained":[{"floor":1,"key":"Explosive Potion"},{"floor":8,"key":"SkillPotion"},{"floor":10,"key":"Regen Potion"},{"floor":18,"key":"Weak Potion"},{"floor":33,"key":"Dexterity Potion"}],"is_trial":false,"path_per_floor":["M","?","$","?","M","E","R","E","T","M","$","?","R","M","R","B",null,"M","$","?","?","M","R","E","?","T","R","E","M","R","M","R","B",null,"M","?","$","M","$","E","M","R","T","M","R","T","E","?","R","B",null,"R","$","E","B",null],"character_chosen":"DEFECT","items_purchased":["Runic Capacitor","Defragment","Loop","Coolheaded","Orichalcum","Coolheaded","Machine Learning","Chemical X","Potion Belt","PowerPotion","SkillPotion","War Paint","Bag of Preparation"],"campfire_rested":4,"item_purchase_floors":[3,3,19,37,37,39,39,39,39,39,39,39,53],"current_hp_per_floor":[75,75,75,75,75,75,75,63,63,63,63,56,56,56,56,43,75,69,69,69,69,55,55,45,29,29,29,18,9,46,38,38,38,75,59,59,59,59,59,59,59,59,59,50,75,75,75,75,75,66,75,75,75,54,29],"gold":83,"neow_bonus":"THREE_ENEMY_KILL","is_prod":false,"is_daily":false,"chose_seed":false,"campfire_upgraded":6,"win_rate":0,"timestamp":1556842612,"path_taken":["M","?","$","?","?","E","R","E","T","M","?","?","R","M","R","BOSS","M","$","?","?","M","R","E","?","T","R","E","M","R","M","R","BOSS","M","?","$","M","$","E","M","R","T","M","R","?","E","?","R","BOSS","R","$","E","BOSS"],"build_version":"2019-01-23","purchased_purges":4,"victory":true,"max_hp_per_floor":[75,75,75,75,75,75,75,75,75,75,75,75,75,75,75,75,75,75,75,75,75,75,75,75,75,75,75,75,75,75,75,75,75,75,75,75,75,75,75,75,75,75,75,75,75,75,75,75,75,75,75,75,75,75,75],"card_choices":[{"not_picked":["Consume","Beam Cell"],"picked":"Cold Snap","floor":1},{"not_picked":["Stack","Force Field"],"picked":"Go for the Eyes","floor":5},{"not_picked":["Steam Power","Stack"],"picked":"Chaos","floor":6},{"not_picked":["Rebound","Compile Driver","Streamline"],"picked":"SKIP","floor":8},{"not_picked":["Skim","Leap"],"picked":"Machine Learning","floor":10},{"not_picked":["Sunder","Redo"],"picked":"Compile Driver","floor":14},{"not_picked":["Amplify","All For One"],"picked":"Buffer","floor":16},{"not_picked":["Stack","Lockon"],"picked":"Leap","floor":18},{"not_picked":["Ball Lightning","Stack","Blizzard"],"picked":"SKIP","floor":22},{"not_picked":["Genetic Algorithm+1","Barrage+1","All For One"],"picked":"SKIP","floor":24},{"not_picked":["Fusion","Barrage","Force Field"],"picked":"SKIP","floor":28},{"not_picked":["Fusion","Force Field"],"picked":"Barrage","floor":28},{"not_picked":["Gash","Cold Snap+1"],"picked":"Steam","floor":29},{"not_picked":["Barrage","Rebound"],"picked":"Steam+1","floor":31},{"not_picked":["Hyperbeam","Thunder Strike"],"picked":"Rainbow","floor":33},{"not_picked":["Beam Cell","Go for the Eyes","Redo+1"],"picked":"SKIP","floor":35},{"not_picked":["Gash","Rebound","Go for the Eyes"],"picked":"SKIP","floor":38},{"not_picked":["Hologram+1","Compile Driver+1"],"picked":"Capacitor+1","floor":40},{"not_picked":["Undo+1","Double Energy"],"picked":"Reinforced Body+1","floor":41},{"not_picked":["Rebound+1","Stack","Storm"],"picked":"SKIP","floor":44},{"not_picked":["Gash+1","Steam Power","Static Discharge+1"],"picked":"Reboot","floor":47},{"not_picked":["Gash","Coolheaded+1","Sweeping Beam"],"picked":"Go for the Eyes+1","floor":54}],"player_experience":56364,"relics_obtained":[{"floor":6,"key":"WingedGreaves"},{"floor":8,"key":"Centennial Puzzle"},{"floor":9,"key":"Pocketwatch"},{"floor":24,"key":"Happy Flower"},{"floor":25,"key":"Nilry\u0027s Codex"},{"floor":26,"key":"Anchor"},{"floor":28,"key":"Regal Pillow"},{"floor":40,"key":"Torii"},{"floor":46,"key":"Question Card"},{"floor":47,"key":"Nunchaku"},{"floor":54,"key":"Lantern"}],"event_choices":[{"damage_healed":0,"gold_gain":175,"player_choice":"AGREE","damage_taken":0,"max_hp_gain":0,"max_hp_loss":0,"event_name":"Liars Game","floor":2,"gold_loss":0,"cards_obtained":["Doubt"]},{"damage_healed":0,"gold_gain":0,"cards_transformed":["Strike_B"],"player_choice":"Transformed","damage_taken":0,"max_hp_gain":0,"max_hp_loss":0,"event_name":"Transmorgrifier","floor":4,"gold_loss":0,"cards_obtained":["Undo"]},{"cards_removed":["Strike_B"],"damage_healed":0,"gold_gain":0,"player_choice":"Card Removal","damage_taken":7,"max_hp_gain":0,"max_hp_loss":0,"event_name":"Golden Wing","floor":12,"gold_loss":0},{"damage_healed":0,"gold_gain":0,"player_choice":"Ignored","damage_taken":0,"max_hp_gain":0,"max_hp_loss":0,"event_name":"Ghosts","floor":20,"gold_loss":0},{"cards_removed":["Undo"],"damage_healed":0,"gold_gain":0,"player_choice":"Elegance","damage_taken":0,"max_hp_gain":0,"max_hp_loss":0,"event_name":"Back to Basics","floor":21,"gold_loss":0},{"damage_healed":0,"gold_gain":0,"player_choice":"Obtained Book","damage_taken":16,"max_hp_gain":0,"max_hp_loss":0,"event_name":"Cursed Tome","floor":25,"gold_loss":0},{"damage_healed":0,"gold_gain":999,"player_choice":"Gold","damage_taken":0,"max_hp_gain":0,"max_hp_loss":0,"event_name":"MindBloom","floor":36,"gold_loss":0,"cards_obtained":["Normality","Normality"]},{"damage_healed":0,"gold_gain":0,"player_choice":"Bought 0 Potions","damage_taken":0,"max_hp_gain":0,"max_hp_loss":0,"event_name":"The Woman in Blue","floor":48,"gold_loss":0}],"is_beta":false,"boss_relics":[{"not_picked":["Astrolabe","Runic Dome"],"picked":"Pandora\u0027s Box"},{"not_picked":["Eternal Feather","Calling Bell"],"picked":"Fusion Hammer"}],"items_purged_floors":[11,19,37,39],"is_endless":false,"potions_floor_spawned":[1,8,10,18,24,33,41,47],"ascension_level":1}