{"gold_per_floor":[111,111,111,121,74,105,116,116],"floor_reached":8,"playtime":216,"items_purged":[],"score":95,"play_id":"6b70656d-7648-468f-be46-58a51011f2f5","local_time":"20190918230834","is_ascension_mode":true,"campfire_choices":[],"neow_cost":"NONE","seed_source_timestamp":22328639199639,"circlet_count":0,"master_deck":["AscendersBane","Strike_B","Strike_B","Strike_B","Strike_B","Defend_B","Defend_B","Defend_B+1","Defend_B+1","Zap+1","Dualcast","Compile Driver","Hello World","Ball Lightning","Doom and Gloom","Glacier"],"relics":["SlaversCollar","Boot"],"potions_floor_usage":[],"damage_taken":[{"damage":13,"enemies":"Jaw Worm","floor":1,"turns":4},{"damage":0,"enemies":"Small Slimes","floor":4,"turns":3},{"damage":19,"enemies":"Lagavulin","floor":6,"turns":5},{"damage":6,"enemies":"Cultist","floor":7,"turns":3},{"damage":12,"enemies":"Gremlin Nob","floor":8,"turns":3}],"seed_played":"5145474160288414259","potions_obtained":[{"floor":6,"key":"Strength Potion"},{"floor":7,"key":"LiquidBronze"}],"is_trial":false,"path_per_floor":["M","?","?","M","$","E","M","E"],"character_chosen":"DEFECT","items_purchased":["Ball Lightning"],"campfire_rested":0,"item_purchase_floors":[5],"current_hp_per_floor":[51,37,37,37,37,18,12,0],"gold":116,"neow_bonus":"BOSS_RELIC","is_prod":false,"is_daily":false,"chose_seed":false,"campfire_upgraded":0,"win_rate":0,"timestamp":1568862514,"path_taken":["M","?","?","M","$","E","?","E"],"build_version":"2019-09-18","purchased_purges":0,"victory":false,"max_hp_per_floor":[71,71,71,71,71,71,71,71],"card_choices":[{"not_picked":["Barrage","Reprogram"],"picked":"Compile Driver","floor":1},{"not_picked":["Steam Power","Leap"],"picked":"Hello World","floor":4},{"not_picked":["Streamline","Compile Driver"],"picked":"Doom and Gloom","floor":6},{"not_picked":["Cold Snap","Turbo"],"picked":"Glacier","floor":7}],"player_experience":567932,"relics_obtained":[{"floor":6,"key":"Boot"}],"event_choices":[{"damage_healed":0,"gold_gain":0,"player_choice":"Entered Light","damage_taken":14,"max_hp_gain":0,"max_hp_loss":0,"event_name":"Shining Light","floor":2,"gold_loss":0,"cards_upgraded":["Defend_B","Defend_B"]},{"damage_healed":0,"gold_gain":0,"player_choice":"Upgraded","damage_taken":0,"max_hp_gain":0,"max_hp_loss":0,"event_name":"Upgrade Shrine","floor":3,"gold_loss":0,"cards_upgraded":["Zap"]}],"is_beta":true,"boss_relics":[],"items_purged_floors":[],"is_endless":false,"potions_floor_spawned":[6,7],"killed_by":"Gremlin Nob","ascension_level":14}