{"path_per_floor":["M","?","?","?","M","R","E","R","T","M","M","M","$","?","R","B",null,"M","?","?","$","M","R","E","M","T","M","T","M","M"],"character_chosen":"THE_SILENT","items_purchased":["Shuriken","Dagger Spray","Swift Strike","Deflect"],"gold_per_floor":[111,286,286,361,371,371,397,397,397,414,434,450,55,35,35,135,135,148,148,63,13,32,32,59,79,79,98,98,114,128,128],"floor_reached":31,"campfire_rested":2,"playtime":1857,"current_hp_per_floor":[65,65,65,54,45,45,9,30,30,26,26,20,20,20,41,6,70,70,70,70,70,59,59,52,25,25,15,15,15,13,13],"items_purged":[],"gold":128,"score":283,"play_id":"f682fba6-0bf1-4366-a9da-58f41afdcab0","local_time":"20180407165656","is_prod":false,"is_daily":false,"is_ascension_mode":true,"campfire_upgraded":2,"timestamp":1523087816,"path_taken":["M","?","?","?","M","R","E","R","T","M","?","M","$","?","R","BOSS","M","?","?","?","M","R","E","M","T","M","?","M","?","M"],"build_version":"2018-04-05v2","purchased_purges":0,"victory":false,"master_deck":["Survivor","Neutralize+1","Prepared","Terror","Phantasmal Killer","Deflect","Footwork","Slice","Dagger Spray","Swift Strike","Night Terror","Noxious Fumes","Deflect","Riddle With Holes","Dagger Throw","Calculated Gamble","Calculated Gamble","Flying Knee","PiercingWail","Flying Knee","Flying Knee","Backflip","Deflect","Blade Dance+1","Blur","Cloak And Dagger","Cloak And Dagger","Heel Hook+1","Blur"],"max_hp_per_floor":[70,70,70,70,70,70,70,70,70,70,70,70,70,70,70,70,70,70,70,70,70,70,70,70,70,70,70,70,70,70,70],"relics":["Ring of the Snake","Bag of Preparation","Happy Flower","Shuriken","Pandora\u0027s Box","Regal Pillow","Omamori","Lantern","Bag of Marbles","Centennial Puzzle"],"card_choices":[{"not_picked":["Eviscerate","Bane"],"picked":"Prepared","floor":1},{"not_picked":["Dodge and Roll","Blur"],"picked":"Terror","floor":5},{"not_picked":["Calculated Gamble","Setup"],"picked":"Phantasmal Killer","floor":7},{"not_picked":["Dodge and Roll","Acrobatics"],"picked":"Deflect","floor":10},{"not_picked":["Backflip","Concentrate"],"picked":"Footwork","floor":11},{"not_picked":["Acrobatics","Deadly Poison"],"picked":"Slice","floor":12},{"not_picked":["A Thousand Cuts","Wraith Form"],"picked":"Night Terror","floor":16},{"not_picked":["Heel Hook","Outmaneuver"],"picked":"Backflip","floor":18},{"not_picked":["Prepared","Dodge and Roll"],"picked":"Blade Dance","floor":22},{"not_picked":["Dagger Throw","Escape Plan"],"picked":"Blur","floor":24},{"not_picked":["Bouncing Flask","Crippling Poison"],"picked":"Cloak And Dagger","floor":25},{"not_picked":["Poisoned Stab","Distraction"],"picked":"Cloak And Dagger","floor":27},{"not_picked":["Caltrops","Dagger Throw"],"picked":"Heel Hook","floor":29},{"not_picked":["Dodge and Roll","Bouncing Flask"],"picked":"Blur","floor":30}],"player_experience":146966,"potions_floor_usage":[12,24],"damage_taken":[{"damage":5,"enemies":"Cultist","floor":1,"turns":6},{"damage":9,"enemies":"Small Slimes","floor":5,"turns":4},{"damage":36,"enemies":"Gremlin Nob","floor":7,"turns":6},{"damage":4,"enemies":"2 Louse","floor":10,"turns":3},{"damage":0,"enemies":"2 Fungi Beasts","floor":11,"turns":4},{"damage":6,"enemies":"Exordium Thugs","floor":12,"turns":7},{"damage":35,"enemies":"Hexaghost","floor":16,"turns":12},{"damage":0,"enemies":"Chosen","floor":18,"turns":4},{"damage":11,"enemies":"Shell Parasite","floor":22,"turns":4},{"damage":22,"enemies":"Book of Stabbing","floor":24,"turns":6},{"damage":27,"enemies":"Chosen and Byrds","floor":25,"turns":6},{"damage":10,"enemies":"Centurion and Healer","floor":27,"turns":5},{"damage":0,"enemies":"Snecko","floor":29,"turns":3},{"damage":2,"enemies":"Snake Plant","floor":30,"turns":3},{"damage":0,"enemies":"Sentry and Sphere","floor":31,"turns":3}],"event_choices":[{"event_name":"Liars Game","player_choice":"agreed","floor":2,"damage_taken":0},{"event_name":"Fountain of Cleansing","player_choice":"Removed Curse","floor":3,"damage_taken":0},{"event_name":"World of Goop","player_choice":"Gather Gold","floor":4,"damage_taken":0},{"event_name":"The Woman in Blue","player_choice":"Bought 1 Potion","floor":14,"damage_taken":0},{"event_name":"The Mausoleum","player_choice":"Yes","floor":19,"damage_taken":0},{"event_name":"Addict","player_choice":"Obtained Relic","floor":20,"damage_taken":0}],"boss_relics":[{"not_picked":["Velvet Choker","Tiny House"],"picked":"Pandora\u0027s Box"}],"potions_floor_spawned":[1,11,12,16,18,24,27,30],"seed_played":"2551514029670996721","killed_by":"Sentry and Sphere","ascension_level":2,"is_trial":false}