{"gold_per_floor":[114,114,127,139,139,139,168,168,195,230,245,245],"floor_reached":12,"playtime":268,"items_purged":[],"score":132,"play_id":"95345dbc-f0b6-4452-ab84-d2bb978c1ae0","local_time":"20190616072524","is_ascension_mode":true,"campfire_choices":[{"data":"Sunder","floor":6,"key":"SMITH"},{"floor":8,"key":"REST"}],"neow_cost":"TEN_PERCENT_HP_LOSS","seed_source_timestamp":225837567277600,"circlet_count":0,"master_deck":["AscendersBane","Strike_B","Strike_B","Strike_B","Defend_B","Defend_B+1","Defend_B","Defend_B+1","Zap","Dualcast+1","Echo Form+1","Streamline","Genetic Algorithm","Sunder+1","Defragment","Conserve Battery"],"relics":["Cracked Core","Strawberry","War Paint","Mummified Hand"],"potions_floor_usage":[],"damage_taken":[{"damage":0,"enemies":"2 Louse","floor":1,"turns":2},{"damage":6,"enemies":"Small Slimes","floor":3,"turns":3},{"damage":6,"enemies":"Cultist","floor":4,"turns":4},{"damage":32,"enemies":"3 Sentries","floor":7,"turns":7},{"damage":32,"enemies":"Gremlin Nob","floor":10,"turns":4},{"damage":0,"enemies":"Exordium Wildlife","floor":11,"turns":3},{"damage":9,"enemies":"Red Slaver","floor":12,"turns":1}],"seed_played":"-4126062150699939797","potions_obtained":[{"floor":3,"key":"FocusPotion"},{"floor":7,"key":"LiquidBronze"},{"floor":10,"key":"SpeedPotion"},{"floor":11,"key":"FocusPotion"}],"is_trial":false,"path_per_floor":["M","?","M","M","?","R","E","R","T","E","M","M"],"character_chosen":"DEFECT","items_purchased":[],"campfire_rested":1,"item_purchase_floors":[],"current_hp_per_floor":[68,54,48,42,42,42,17,39,39,7,7,0],"gold":245,"neow_bonus":"THREE_RARE_CARDS","is_prod":false,"is_daily":false,"chose_seed":false,"campfire_upgraded":1,"win_rate":0,"timestamp":1560666324,"path_taken":["M","?","M","M","?","R","E","R","T","E","M","M"],"build_version":"2019-01-23","purchased_purges":0,"victory":false,"max_hp_per_floor":[68,68,68,68,68,68,75,75,75,75,75,75],"card_choices":[{"not_picked":["Amplify","Seek"],"picked":"Echo Form","floor":0},{"not_picked":["Hologram","Consume"],"picked":"Streamline","floor":1},{"not_picked":["Sweeping Beam","Stack"],"picked":"Genetic Algorithm","floor":3},{"not_picked":["Cold Snap","Auto Shields"],"picked":"Sunder","floor":4},{"not_picked":["Rebound","Fusion","Aggregate"],"picked":"SKIP","floor":7},{"not_picked":["Cold Snap","Beam Cell"],"picked":"Defragment","floor":10},{"not_picked":["Stack","Static Discharge"],"picked":"Conserve Battery","floor":11}],"player_experience":154128,"relics_obtained":[{"floor":7,"key":"Strawberry"},{"floor":9,"key":"War Paint"},{"floor":10,"key":"Mummified Hand"}],"event_choices":[{"damage_healed":0,"gold_gain":0,"player_choice":"Entered Light","damage_taken":14,"max_hp_gain":0,"max_hp_loss":0,"event_name":"Shining Light","floor":2,"gold_loss":0,"cards_upgraded":["Defend_B","Echo Form"]},{"cards_removed":["Strike_B"],"damage_healed":0,"gold_gain":0,"player_choice":"Forget","damage_taken":0,"max_hp_gain":0,"max_hp_loss":0,"event_name":"Living Wall","floor":5,"gold_loss":0}],"is_beta":false,"boss_relics":[],"items_purged_floors":[],"is_endless":false,"potions_floor_spawned":[3,7,10,11],"killed_by":"Red Slaver","ascension_level":10}