{"path_per_floor":["M","M","?","?","M","E","R","M","T","E","R","T","R","E","R","B",null,"M","M","M","?","M","E","R","E","T","E","$","?","?","M","R","B",null,"M","$","M","?","M","T","R","$","T","R","E","M","?","M","R","B"],"character_chosen":"THE_SILENT","items_purchased":["Ginger","Apotheosis","Ice Cream"],"gold_per_floor":[109,124,124,124,136,168,168,188,213,242,242,242,242,272,272,375,375,392,402,417,417,433,459,459,486,516,845,264,189,189,204,204,300,300,316,5,17,0,15,15,15,15,40,40,65,82,182,194,194,194],"floor_reached":51,"campfire_rested":2,"playtime":3617,"current_hp_per_floor":[69,69,69,69,66,57,57,51,51,45,45,45,45,37,37,52,70,61,56,47,47,44,44,65,69,69,54,54,54,54,50,50,19,77,64,64,60,60,53,53,53,53,53,53,45,45,45,49,72,47],"items_purged":["Strike_G"],"gold":194,"score":842,"play_id":"9dc6028b-c40e-4df4-af23-6c2408986545","local_time":"20180329091701","is_prod":false,"is_daily":false,"is_ascension_mode":true,"campfire_upgraded":7,"timestamp":1522282621,"path_taken":["M","M","?","?","M","E","R","M","T","E","R","?","R","E","R","BOSS","M","M","M","?","?","E","R","E","T","E","$","?","?","?","R","BOSS","M","$","M","?","M","?","R","?","T","R","E","M","?","?","R","BOSS"],"build_version":"2018-03-22v2","purchased_purges":1,"victory":true,"master_deck":["Defend_G","Defend_G","Defend_G","Defend_G","Defend_G","Strike_G+1","Strike_G","Strike_G","Survivor","Neutralize","Sucker Punch+1","Malaise+1","Quick Slash+1","Heel Hook+1","Skewer+1","Blur+1","Wraith Form+1","Dagger Spray+1","Eviscerate+1","Flying Knee","Riddle With Holes+1","Phantasmal Killer","Apotheosis","Malaise+1","Underhanded Strike","Wraith Form+1","Malaise+1","Dodge and Roll+1","Outmaneuver","Distraction+1"],"max_hp_per_floor":[70,70,70,70,70,70,70,70,70,70,70,70,70,70,70,70,70,70,70,70,70,70,70,70,77,77,77,77,77,77,77,77,77,77,77,77,77,77,77,77,77,77,77,77,77,77,77,77,77,77],"relics":["Velvet Choker","Meat on the Bone","Bronze Scales","Oddly Smooth Stone","Sundial","Gremlin Horn","Snecko Eye","Omamori","Strawberry","Tiny Chest","Old Coin","Ginger","Lizard Tail","Ice Cream","Red Mask","Anchor","Whetstone","Orichalcum"],"card_choices":[{"not_picked":["PiercingWail","Setup"],"picked":"Sucker Punch","floor":1},{"not_picked":["Deflect","Flying Knee"],"picked":"Malaise","floor":2},{"not_picked":["Flying Knee","Deflect"],"picked":"Quick Slash","floor":5},{"not_picked":["Deflect","Tools of the Trade"],"picked":"Heel Hook","floor":6},{"not_picked":["Masterful Stab","Dodge and Roll"],"picked":"Skewer","floor":8},{"not_picked":["Slice","Prepared"],"picked":"Blur","floor":10},{"not_picked":["Adrenaline","After Image"],"picked":"Wraith Form","floor":16},{"not_picked":["Bane","Underhanded Strike"],"picked":"Dagger Spray","floor":18},{"not_picked":["Masterful Stab","Slice"],"picked":"Eviscerate","floor":19},{"not_picked":["Flechettes","Deadly Poison"],"picked":"Flying Knee","floor":22},{"not_picked":["Escape Plan","Reflex"],"picked":"Riddle With Holes","floor":23},{"not_picked":["Well Laid Plans","Slice"],"picked":"Phantasmal Killer","floor":27},{"not_picked":["All Out Attack","Acrobatics"],"picked":"Underhanded Strike","floor":31},{"not_picked":["Storm of Steel","Bullet Time"],"picked":"Wraith Form","floor":33},{"not_picked":["Blade Dance","Well Laid Plans"],"picked":"Malaise","floor":35},{"not_picked":["Slice","Bane"],"picked":"Dodge and Roll","floor":37},{"not_picked":["Flying Knee","Slice"],"picked":"Outmaneuver","floor":46},{"not_picked":["Dagger Throw","Masterful Stab"],"picked":"Distraction","floor":48}],"player_experience":97650,"potions_floor_usage":[10,16,19,23,31,33,50,50,50],"damage_taken":[{"damage":1,"enemies":"Jaw Worm","floor":1,"turns":4},{"damage":0,"enemies":"Cultist","floor":2,"turns":5},{"damage":3,"enemies":"Small Slimes","floor":5,"turns":7},{"damage":9,"enemies":"Lagavulin","floor":6,"turns":10},{"damage":6,"enemies":"Blue Slaver","floor":8,"turns":4},{"damage":6,"enemies":"Gremlin Nob","floor":10,"turns":4},{"damage":8,"enemies":"3 Sentries","floor":14,"turns":5},{"damage":0,"enemies":"Hexaghost","floor":16,"turns":10},{"damage":9,"enemies":"3 Byrds","floor":18,"turns":3},{"damage":5,"enemies":"2 Thieves","floor":19,"turns":3},{"damage":9,"enemies":"Snake Plant","floor":20,"turns":3},{"damage":3,"enemies":"Cultist and Chosen","floor":22,"turns":5},{"damage":0,"enemies":"Gremlin Leader","floor":23,"turns":6},{"damage":3,"enemies":"Book of Stabbing","floor":25,"turns":4},{"damage":15,"enemies":"Slavers","floor":27,"turns":4},{"damage":4,"enemies":"Slaver and Parasite","floor":31,"turns":4},{"damage":43,"enemies":"Automaton","floor":33,"turns":9},{"damage":13,"enemies":"Orb Walker","floor":35,"turns":5},{"damage":4,"enemies":"3 Shapes","floor":37,"turns":5},{"damage":7,"enemies":"Sphere and 2 Shapes","floor":39,"turns":8},{"damage":20,"enemies":"Nemesis","floor":45,"turns":7},{"damage":0,"enemies":"Maw","floor":46,"turns":9},{"damage":8,"enemies":"4 Shapes","floor":48,"turns":7},{"damage":48,"enemies":"Donu and Deca","floor":50,"turns":11}],"event_choices":[{"event_name":"Upgrade Shrine","player_choice":"Upgraded","floor":3,"damage_taken":0},{"event_name":"Living Wall","player_choice":"Grow","floor":4,"damage_taken":0},{"event_name":"Vampires","player_choice":"Ignored","floor":21,"damage_taken":0},{"event_name":"Beggar","player_choice":"Gave Gold","floor":29,"damage_taken":0},{"event_name":"Duplicator","player_choice":"One dupe","floor":30,"damage_taken":0},{"event_name":"Tomb of Lord Red Mask","player_choice":"Paid","floor":38,"damage_taken":0},{"event_name":"Golden Shrine","player_choice":"Pray","floor":47,"damage_taken":0}],"boss_relics":[{"not_picked":["Cursed Key","Runic Pyramid"],"picked":"Snecko Eye"},{"not_picked":["Eternal Feather","Orrery"],"picked":"Lizard Tail"}],"potions_floor_spawned":[2,6,8,10,20,22,25,37,45],"seed_played":"2741327763465686434","ascension_level":1,"is_trial":false}