{"gold_per_floor":[113,133,133,133,144,144,171,181,181,181],"floor_reached":10,"playtime":229,"items_purged":[],"score":82,"play_id":"847adaf9-910a-497a-8cb5-baee72d60f05","local_time":"20190506224645","is_ascension_mode":true,"campfire_choices":[{"data":"Zap","floor":6,"key":"SMITH"}],"neow_cost":"NONE","seed_source_timestamp":203733793804800,"circlet_count":0,"master_deck":["Strike_B","Strike_B","Strike_B","Strike_B","Defend_B","Defend_B","Defend_B","Defend_B","Zap+1","Dualcast+1","Beam Cell+1","Hologram","Zap","Biased Cognition","Discovery","Beam Cell"],"special_seed":0,"relics":["Busted Crown","Sundial","Emotion Chip"],"potions_floor_usage":[10],"damage_taken":[{"damage":4.0,"enemies":"Small Slimes","floor":1.0,"turns":4.0},{"damage":1.0,"enemies":"Cultist","floor":2.0,"turns":4.0},{"damage":1,"enemies":"Jaw Worm","floor":5,"turns":2},{"damage":40,"enemies":"Gremlin Nob","floor":7,"turns":4},{"damage":9,"enemies":"Looter","floor":8,"turns":3},{"damage":5,"enemies":"Exordium Thugs","floor":10,"turns":3}],"seed_played":"2059433205808218232","potions_obtained":[{"floor":2.0,"key":"SteroidPotion"},{"floor":8,"key":"Explosive Potion"}],"is_trial":false,"path_per_floor":["M","M","?","?","M","R","E","M","T","M"],"character_chosen":"DEFECT","items_purchased":[],"campfire_rested":0,"item_purchase_floors":[],"current_hp_per_floor":[71,70,55,55,54,54,14,5,5,0],"gold":181,"neow_bonus":"BOSS_RELIC","is_prod":false,"is_daily":false,"chose_seed":false,"campfire_upgraded":1,"win_rate":0,"timestamp":1557179205,"path_taken":["M","M","?","?","?","R","E","M","T","M"],"build_version":"2019-01-23","purchased_purges":0,"victory":false,"max_hp_per_floor":[75,75,75,75,75,75,75,75,75,75],"card_choices":[{"not_picked":[],"picked":"Beam Cell","floor":1.0},{"not_picked":[],"picked":"Hologram","floor":2.0},{"not_picked":["Steam"],"picked":"SKIP","floor":5},{"not_picked":["Redo"],"picked":"SKIP","floor":7},{"not_picked":[],"picked":"Beam Cell","floor":8}],"player_experience":71619,"relics_obtained":[{"floor":7,"key":"Sundial"},{"floor":9,"key":"Emotion Chip"}],"event_choices":[{"damage_healed":0.0,"max_hp_gain":0.0,"max_hp_loss":0.0,"gold_gain":0.0,"event_name":"Shining Light","player_choice":"Entered Light","floor":3.0,"gold_loss":0.0,"damage_taken":15.0,"cards_upgraded":["Dualcast","Beam Cell"]},{"damage_healed":0,"gold_gain":0,"player_choice":"3 cards matched","damage_taken":0,"max_hp_gain":0,"max_hp_loss":0,"event_name":"Match and Keep!","floor":4,"gold_loss":0,"cards_obtained":["Zap","Biased Cognition","Discovery"]}],"is_beta":false,"boss_relics":[],"items_purged_floors":[],"is_endless":false,"potions_floor_spawned":[2,8],"killed_by":"Exordium Thugs","ascension_level":4}