{"gold_per_floor":[118,118,49,49,64,99,99,140,140,140,156,20,39,54,54,179,179,204,303,324,343,343],"floor_reached":22,"playtime":694,"items_purged":["Strike_B"],"score":332,"play_id":"e847eccf-c03b-4c68-a307-e9b96b2b2e62","local_time":"20190619020752","is_ascension_mode":true,"campfire_choices":[{"data":"Creative AI","floor":7,"key":"SMITH"},{"data":"Streamline","floor":10,"key":"SMITH"},{"data":"Zap","floor":15,"key":"SMITH"}],"neow_cost":"NONE","seed_source_timestamp":465561721634100,"circlet_count":0,"master_deck":["AscendersBane","Strike_B","Strike_B","Strike_B","Defend_B","Defend_B","Defend_B","Defend_B","Zap+1","Dualcast","Streamline+1","BootSequence","FTL","Creative AI+1","Conserve Battery","Leap+1","Cold Snap","Turbo+1","Tempest+1","Echo Form","Coolheaded+1","Reinforced Body+1","Double Energy+1"],"relics":["Cracked Core","NeowsBlessing","Golden Idol","FaceOfCleric","The Courier","Letter Opener","Toxic Egg 2","Cursed Key"],"potions_floor_usage":[16,22],"damage_taken":[{"damage":0,"enemies":"Jaw Worm","floor":1,"turns":1},{"damage":0,"enemies":"2 Louse","floor":5,"turns":1},{"damage":0,"enemies":"3 Sentries","floor":6,"turns":1},{"damage":34,"enemies":"Gremlin Nob","floor":8,"turns":5},{"damage":1,"enemies":"Cultist","floor":11,"turns":3},{"damage":1,"enemies":"Blue Slaver","floor":13,"turns":2},{"damage":0,"enemies":"Large Slime","floor":14,"turns":7},{"damage":24,"enemies":"Hexaghost","floor":16,"turns":10},{"damage":12,"enemies":"Chosen","floor":18,"turns":7},{"damage":32,"enemies":"3 Byrds","floor":20,"turns":5},{"damage":3,"enemies":"Snecko","floor":21,"turns":6},{"damage":29,"enemies":"Masked Bandits","floor":22,"turns":2}],"seed_played":"-4464753823598246335","potions_obtained":[{"floor":6,"key":"FocusPotion"},{"floor":8,"key":"Weak Potion"},{"floor":14,"key":"Ancient Potion"},{"floor":16,"key":"Regen Potion"}],"is_trial":false,"path_per_floor":["M","?","$","?","M","E","R","E","T","R","M","$","M","M","R","B",null,"M","?","M","M","?"],"character_chosen":"DEFECT","items_purchased":["BootSequence","Cold Snap","Turbo+1"],"campfire_rested":0,"item_purchase_floors":[3,12,12],"current_hp_per_floor":[68,68,68,68,69,70,70,37,37,37,37,37,37,38,38,15,61,50,50,19,17,0],"gold":343,"neow_bonus":"THREE_ENEMY_KILL","is_prod":false,"is_daily":false,"chose_seed":false,"campfire_upgraded":3,"win_rate":0,"timestamp":1560906472,"path_taken":["M","?","$","?","M","E","R","E","T","R","M","$","?","M","R","BOSS","M","?","M","M","?"],"build_version":"2019-01-23","purchased_purges":1,"victory":false,"max_hp_per_floor":[75,69,69,69,70,71,71,72,72,72,73,73,74,75,75,76,76,77,77,78,79,79],"card_choices":[{"not_picked":["Leap","Cold Snap"],"picked":"Streamline","floor":1},{"not_picked":["Skim","Rebound"],"picked":"FTL","floor":5},{"not_picked":["Fusion","Stack"],"picked":"Creative AI","floor":6},{"not_picked":["Sunder","Biased Cognition"],"picked":"Conserve Battery","floor":8},{"not_picked":["Turbo+1","Gash"],"picked":"Leap+1","floor":11},{"not_picked":["Double Energy+1","Cold Snap"],"picked":"Tempest+1","floor":13},{"not_picked":["Gash","Skim+1","Chaos+1"],"picked":"SKIP","floor":14},{"not_picked":["Creative AI","Seek+1"],"picked":"Echo Form","floor":16},{"not_picked":["Darkness+1","Turbo+1"],"picked":"Coolheaded+1","floor":18},{"not_picked":["Sweeping Beam","Chill+1"],"picked":"Reinforced Body+1","floor":20},{"not_picked":["Steam+1","BootSequence+1"],"picked":"Double Energy+1","floor":21}],"player_experience":161811,"relics_obtained":[{"floor":6,"key":"The Courier"},{"floor":8,"key":"Letter Opener"},{"floor":9,"key":"Toxic Egg 2"}],"event_choices":[{"damage_healed":0,"gold_gain":0,"player_choice":"Lose Max HP","damage_taken":0,"relics_obtained":["Golden Idol"],"max_hp_gain":0,"max_hp_loss":6,"event_name":"Golden Idol","floor":2,"gold_loss":0},{"damage_healed":0,"gold_gain":0,"player_choice":"Trade","damage_taken":0,"relics_obtained":["FaceOfCleric"],"max_hp_gain":0,"max_hp_loss":0,"event_name":"FaceTrader","floor":4,"gold_loss":0},{"damage_healed":0,"gold_gain":99,"player_choice":"Stole From Cult","damage_taken":0,"max_hp_gain":0,"max_hp_loss":0,"event_name":"Nest","floor":19,"gold_loss":0},{"damage_healed":0,"gold_gain":0,"player_choice":"Fought Bandits","damage_taken":0,"max_hp_gain":0,"max_hp_loss":0,"event_name":"Masked Bandits","floor":22,"gold_loss":0}],"is_beta":false,"boss_relics":[{"not_picked":["White Beast Statue","Inserter"],"picked":"Cursed Key"}],"items_purged_floors":[12],"is_endless":false,"potions_floor_spawned":[6,8,14,16],"killed_by":"Masked Bandits","ascension_level":10}