{"gold_per_floor":[116,127,143,143,160,185,185,242,321,339,349,349,314,340,340,412,412,424,438,220,135,135,135,160,173,247,247,247,281,281,281,281,360,360,373,373,373],"floor_reached":37,"playtime":2809,"items_purged":[],"score":773,"play_id":"58e46d40-6cac-4eca-818c-8cc39637a4db","local_time":"20190918223435","is_ascension_mode":true,"campfire_choices":[{"floor":7,"key":"REST"},{"floor":12,"key":"REST"},{"floor":15,"key":"REST"},{"floor":23,"key":"REST"},{"floor":30,"key":"REST"},{"data":"Defragment","floor":32,"key":"SMITH"}],"neow_cost":"NONE","seed_source_timestamp":17696007996052,"circlet_count":0,"master_deck":["AscendersBane","Defend_B+1","Defend_B+1","Defend_B+1","Defend_B+1","Zap","Dualcast","Double Energy","Streamline+1","Conserve Battery","Storm","Sunder","Consume","Compile Driver","Turbo+1","Creative AI","Conserve Battery+1","Coolheaded+1","Defragment+1","Bite","Bite","Bite","Bite","Bite","Streamline","Self Repair","Creative AI","Static Discharge","Amplify+1","White Noise+1","Barrage"],"relics":["Snecko Eye","Meat on the Bone","Art of War","Tiny Chest","Toxic Egg 2","Velvet Choker","PreservedInsect","Bag of Preparation","Bottled Flame","Shuriken","Darkstone Periapt","Dream Catcher","Black Star"],"potions_floor_usage":[8,14],"damage_taken":[{"damage":3,"enemies":"2 Louse","floor":1,"turns":3},{"damage":3,"enemies":"Small Slimes","floor":2,"turns":3},{"damage":7,"enemies":"Jaw Worm","floor":3,"turns":3},{"damage":4,"enemies":"Exordium Thugs","floor":5,"turns":3},{"damage":20,"enemies":"Lagavulin","floor":6,"turns":6},{"damage":29,"enemies":"3 Sentries","floor":8,"turns":7},{"damage":18,"enemies":"Gremlin Gang","floor":10,"turns":3},{"damage":0,"enemies":"2 Fungi Beasts","floor":11,"turns":2},{"damage":28,"enemies":"3 Sentries","floor":14,"turns":6},{"damage":62,"enemies":"Slime Boss","floor":16,"turns":10},{"damage":7,"enemies":"Chosen","floor":18,"turns":5},{"damage":43,"enemies":"3 Byrds","floor":19,"turns":3},{"damage":27,"enemies":"Slavers","floor":24,"turns":6},{"damage":41,"enemies":"Sentry and Sphere","floor":25,"turns":6},{"damage":0,"enemies":"Gremlin Leader","floor":29,"turns":3},{"damage":46,"enemies":"Automaton","floor":33,"turns":11},{"damage":30,"enemies":"Orb Walker","floor":35,"turns":6},{"damage":46,"enemies":"3 Darklings","floor":37,"turns":3}],"seed_played":"7481820026615177276","potions_obtained":[{"floor":2,"key":"Block Potion"},{"floor":5,"key":"SpeedPotion"},{"floor":8,"key":"Strength Potion"},{"floor":16,"key":"LiquidBronze"}],"is_trial":false,"path_per_floor":["M","M","M","?","M","E","R","?","T","M","M","R","?","E","R","B",null,"M","M","$","?","?","R","E","M","T","?","T","E","R","$","R","B",null,"M","?","M"],"character_chosen":"DEFECT","items_purchased":["Defragment","PreservedInsect"],"campfire_rested":5,"item_purchase_floors":[20,20],"current_hp_per_floor":[61,58,51,51,47,27,48,31,31,25,37,58,71,43,64,14,57,50,19,19,19,19,33,30,13,13,13,13,38,49,49,49,27,44,34,34,0],"gold":373,"neow_bonus":"BOSS_RELIC","is_prod":false,"is_daily":false,"chose_seed":false,"campfire_upgraded":1,"win_rate":0,"timestamp":1568860475,"path_taken":["M","M","M","?","M","E","R","?","T","M","M","R","?","E","R","BOSS","M","M","$","?","?","R","E","M","T","?","?","E","R","$","R","BOSS","M","?","?"],"build_version":"2019-09-18","purchased_purges":0,"victory":false,"max_hp_per_floor":[71,71,71,71,71,71,71,71,71,71,71,71,71,71,71,71,71,71,71,71,71,49,49,49,49,49,49,49,49,49,49,49,49,49,49,49,49],"card_choices":[{"not_picked":["Stack","Compile Driver"],"picked":"Double Energy","floor":1},{"not_picked":["Hologram","BootSequence"],"picked":"Streamline","floor":2},{"not_picked":["Go for the Eyes","Leap"],"picked":"Conserve Battery","floor":3},{"not_picked":["Loop","Rebound"],"picked":"Storm","floor":5},{"not_picked":["Stack","Fusion"],"picked":"Sunder","floor":6},{"not_picked":["Coolheaded","Conserve Battery"],"picked":"Consume","floor":8},{"not_picked":["Beam Cell","Scrape"],"picked":"Compile Driver","floor":10},{"not_picked":["Barrage","Tempest"],"picked":"White Noise","floor":11},{"not_picked":["Fission","Steam Power"],"picked":"Turbo","floor":14},{"not_picked":["Multi-Cast+1","Reboot+1"],"picked":"Creative AI","floor":16},{"not_picked":["Hologram+1","Turbo+1"],"picked":"Conserve Battery+1","floor":18},{"not_picked":["Steam+1","Sweeping Beam"],"picked":"Coolheaded+1","floor":19},{"not_picked":["Gash+1","Aggregate+1"],"picked":"Streamline","floor":24},{"not_picked":["Conserve Battery+1","Reprogram+1"],"picked":"Self Repair","floor":25},{"not_picked":["Go for the Eyes+1","Turbo+1"],"picked":"Creative AI","floor":29},{"not_picked":["Compile Driver","Undo+1"],"picked":"Static Discharge","floor":30},{"not_picked":["Reboot+1","Biased Cognition"],"picked":"Amplify+1","floor":33},{"not_picked":["Leap+1","Cold Snap+1"],"picked":"White Noise+1","floor":35}],"player_experience":563471,"relics_obtained":[{"floor":6,"key":"Meat on the Bone"},{"floor":8,"key":"Art of War"},{"floor":9,"key":"Tiny Chest"},{"floor":14,"key":"Toxic Egg 2"},{"floor":24,"key":"Bottled Flame"},{"floor":26,"key":"Shuriken"},{"floor":28,"key":"Darkstone Periapt"},{"floor":29,"key":"Dream Catcher"}],"event_choices":[{"damage_healed":0,"gold_gain":0,"player_choice":"Grow","damage_taken":0,"max_hp_gain":0,"max_hp_loss":0,"event_name":"Living Wall","floor":4,"gold_loss":0,"cards_upgraded":["Streamline"]},{"damage_healed":0,"gold_gain":0,"player_choice":"Searched \u00272\u0027 times","damage_taken":0,"max_hp_gain":0,"max_hp_loss":0,"event_name":"Dead Adventurer","floor":8,"gold_loss":0},{"damage_healed":17,"gold_gain":0,"player_choice":"Healed","damage_taken":0,"max_hp_gain":0,"max_hp_loss":0,"event_name":"The Cleric","floor":13,"gold_loss":35},{"damage_healed":0,"gold_gain":0,"player_choice":"Obtained Relic","damage_taken":0,"relics_obtained":["Bag of Preparation"],"max_hp_gain":0,"max_hp_loss":0,"event_name":"Addict","floor":21,"gold_loss":85},{"damage_healed":0,"gold_gain":0,"player_choice":"Became a vampire","damage_taken":0,"max_hp_gain":0,"max_hp_loss":22,"event_name":"Vampires","floor":22,"gold_loss":0,"cards_obtained":["Bite","Bite","Bite","Bite","Bite"]},{"damage_healed":0,"gold_gain":0,"player_choice":"Simplicity","damage_taken":0,"max_hp_gain":0,"max_hp_loss":0,"event_name":"Back to Basics","floor":27,"gold_loss":0,"cards_upgraded":["Defend_B","Defend_B","Defend_B","Defend_B"]},{"damage_healed":0,"gold_gain":0,"cards_transformed":["White Noise"],"player_choice":"Transformed","damage_taken":0,"max_hp_gain":0,"max_hp_loss":0,"event_name":"Transmorgrifier","floor":36,"gold_loss":0,"cards_obtained":["Barrage"]}],"is_beta":true,"boss_relics":[{"not_picked":["Philosopher\u0027s Stone","Coffee Dripper"],"picked":"Velvet Choker"},{"not_picked":["Runic Dome","Tiny House"],"picked":"Black Star"}],"items_purged_floors":[],"is_endless":false,"potions_floor_spawned":[2,5,8,16,25,33],"killed_by":"3 Darklings","ascension_level":14}