{"gold_per_floor":[11,11,11,11,22,52,72,72,96,96,112,147,147,157,157,258,258,246,246,259,65,65,100,100,200,226,252,272,272,284,300,300,403,403,423,441,460,480,492,517,537,547,596,49,49,64,64,76,76,76],"floor_reached":51,"playtime":3874,"items_purged":["Strike_R"],"score":833,"play_id":"19685081-ffd5-45ad-be2a-ec1dd794e4c4","local_time":"20190125182004","is_ascension_mode":false,"campfire_choices":[{"data":"Armaments","floor":8,"key":"SMITH"},{"floor":15,"key":"REST"},{"data":"Juggernaut","floor":24,"key":"SMITH"},{"data":"Barricade","floor":29,"key":"SMITH"},{"data":"Juggernaut","floor":32,"key":"SMITH"},{"floor":47,"key":"REST"},{"data":"Chrysalis","floor":49,"key":"SMITH"}],"neow_cost":"NO_GOLD","seed_source_timestamp":745753462310294,"circlet_count":0,"master_deck":["Strike_R","Strike_R","Strike_R","Strike_R+1","Defend_R","Defend_R","Defend_R","Bash","Juggernaut+1","Power Through","Ghostly Armor","Offering+1","Armaments+1","Iron Wave","Clothesline","True Grit","True Grit","Bludgeon","Shrug It Off","Shrug It Off","Offering","Iron Wave","Shrug It Off","Fiend Fire","Immolate","Wild Strike+1","Juggernaut+1","Shame","Havoc","Shockwave+1","Sentinel+1","Barricade+1","Shrug It Off","Second Wind+1","Pommel Strike+1","Entrench","Feel No Pain","Body Slam","Pommel Strike+1","Shockwave+1","Metallicize","Chrysalis+1","Impervious","Writhe","True Grit","Dual Wield","Shrug It Off"],"relics":["Burning Blood","Dream Catcher","Gambling Chip","PreservedInsect","Anchor","Bronze Scales","Orrery","DollysMirror","StoneCalendar","Ancient Tea Set","Peace Pipe","Blue Candle","Boot","Regal Pillow","Mark of Pain","Blood Vial","Happy Flower"],"potions_floor_usage":[11,25,36,39,42,46,50,50,50],"damage_taken":[{"damage":6,"enemies":"Jaw Worm","floor":1,"turns":4},{"damage":2,"enemies":"Small Slimes","floor":5,"turns":4},{"damage":44,"enemies":"Gremlin Nob","floor":6,"turns":6},{"damage":6,"enemies":"2 Louse","floor":7,"turns":3},{"damage":11,"enemies":"Large Slime","floor":11,"turns":8},{"damage":9,"enemies":"Lagavulin","floor":12,"turns":6},{"damage":0,"enemies":"Gremlin Gang","floor":14,"turns":5},{"damage":29,"enemies":"Hexaghost","floor":16,"turns":11},{"damage":6,"enemies":"2 Thieves","floor":18,"turns":4},{"damage":6,"enemies":"3 Byrds","floor":20,"turns":3},{"damage":6,"enemies":"Book of Stabbing","floor":23,"turns":5},{"damage":12,"enemies":"Colosseum Slavers","floor":25,"turns":3},{"damage":31,"enemies":"Colosseum Nobs","floor":25,"turns":4},{"damage":6,"enemies":"Slavers","floor":27,"turns":6},{"damage":6,"enemies":"Centurion and Healer","floor":28,"turns":7},{"damage":1,"enemies":"Snecko","floor":30,"turns":4},{"damage":13,"enemies":"3 Cultists","floor":31,"turns":4},{"damage":13,"enemies":"Champ","floor":33,"turns":12},{"damage":6,"enemies":"3 Shapes","floor":35,"turns":3},{"damage":16,"enemies":"3 Darklings","floor":36,"turns":3},{"damage":6,"enemies":"Maw","floor":37,"turns":7},{"damage":13,"enemies":"Writhing Mass","floor":38,"turns":7},{"damage":7,"enemies":"Spire Growth","floor":39,"turns":6},{"damage":20,"enemies":"Reptomancer","floor":40,"turns":4},{"damage":11,"enemies":"Jaw Worm Horde","floor":41,"turns":3},{"damage":8,"enemies":"3 Darklings","floor":42,"turns":3},{"damage":50,"enemies":"Transient","floor":46,"turns":5},{"damage":8,"enemies":"4 Shapes","floor":48,"turns":6},{"damage":49,"enemies":"Awakened One","floor":50,"turns":9}],"seed_played":"-7882173801170146809","potions_obtained":[{"floor":1,"key":"Swift Potion"},{"floor":7,"key":"FearPotion"},{"floor":12,"key":"SneckoOil"},{"floor":18,"key":"SteroidPotion"},{"floor":27,"key":"Fire Potion"},{"floor":36,"key":"Dexterity Potion"},{"floor":38,"key":"Swift Potion"},{"floor":40,"key":"AttackPotion"},{"floor":48,"key":"SkillPotion"}],"is_trial":false,"path_per_floor":["M","?","$","?","M","E","M","R","T","?","M","E","?","M","R","B",null,"M","?","M","$","?","E","R","?","T","E","M","R","M","M","R","B",null,"M","M","M","M","M","E","M","M","T","$","?","M","R","M","R","B",null],"character_chosen":"IRONCLAD","items_purchased":["DollysMirror","Metallicize","Chrysalis","Impervious","Dexterity Potion"],"campfire_rested":2,"item_purchase_floors":[21,44,44,44,44],"current_hp_per_floor":[80,80,80,73,77,39,39,39,39,32,27,24,8,14,38,15,80,80,80,80,80,80,80,80,49,49,49,49,49,54,47,47,40,80,80,70,70,63,62,48,45,45,45,45,65,23,62,62,62,21],"gold":76,"neow_bonus":"THREE_RARE_CARDS","is_prod":false,"is_daily":false,"chose_seed":false,"campfire_upgraded":5,"win_rate":0,"timestamp":1548458404,"path_taken":["M","?","$","?","M","E","M","R","T","?","M","E","?","M","R","BOSS","M","?","?","$","?","E","R","?","T","E","?","R","M","M","R","BOSS","M","?","M","M","M","E","M","M","T","$","?","M","R","M","R","BOSS"],"build_version":"2019-01-23","purchased_purges":1,"victory":true,"max_hp_per_floor":[80,80,80,80,80,80,80,80,80,80,80,80,80,80,80,80,80,80,80,80,80,80,80,80,80,80,80,80,80,80,80,80,80,80,80,80,80,80,80,80,80,80,80,80,80,80,80,80,80,80],"card_choices":[{"not_picked":["Reaper","Limit Break"],"picked":"Juggernaut","floor":0},{"not_picked":["Pummel","Disarm"],"picked":"Power Through","floor":1},{"not_picked":["Warcry","Whirlwind"],"picked":"Ghostly Armor","floor":5},{"not_picked":["Seeing Red","Thunderclap"],"picked":"Offering","floor":6},{"not_picked":["Sentinel","Body Slam"],"picked":"Armaments","floor":7},{"not_picked":["Power Through","Warcry"],"picked":"Iron Wave","floor":11},{"not_picked":["Flex","Impervious"],"picked":"Clothesline","floor":12},{"not_picked":["Havoc","Heavy Blade"],"picked":"True Grit","floor":14},{"not_picked":["Burning Pact","Havoc"],"picked":"True Grit","floor":15},{"not_picked":["Exhume","Reaper"],"picked":"Bludgeon","floor":16},{"not_picked":["Combust","Clothesline"],"picked":"Shrug It Off","floor":17},{"not_picked":["Twin Strike","Fire Breathing"],"picked":"Shrug It Off","floor":17},{"not_picked":["Heavy Blade","Perfected Strike"],"picked":"Offering","floor":17},{"not_picked":["Whirlwind","Seeing Red"],"picked":"Iron Wave","floor":17},{"not_picked":["Infernal Blade","Whirlwind"],"picked":"Shrug It Off","floor":17},{"not_picked":["Flex","Shrug It Off"],"picked":"Fiend Fire","floor":18},{"not_picked":["Heavy Blade+1","Burning Pact+1"],"picked":"Wild Strike+1","floor":20},{"not_picked":["Dropkick","Hemokinesis+1"],"picked":"Havoc","floor":23},{"not_picked":["Havoc","Seeing Red"],"picked":"Shockwave+1","floor":25},{"not_picked":["Shrug It Off","Hemokinesis+1"],"picked":"Sentinel+1","floor":27},{"not_picked":["Pummel","Clash"],"picked":"Barricade","floor":28},{"not_picked":["Heavy Blade","Headbutt"],"picked":"Shrug It Off","floor":30},{"not_picked":["Warcry","Perfected Strike"],"picked":"Second Wind+1","floor":31},{"not_picked":["Wild Strike","Anger+1"],"picked":"Pommel Strike+1","floor":35},{"not_picked":["Shrug It Off","Heavy Blade"],"picked":"Entrench","floor":36},{"not_picked":["Rage","Bludgeon"],"picked":"Feel No Pain","floor":37},{"not_picked":["Thunderclap","Flex+1","Heavy Blade"],"picked":"SKIP","floor":38},{"not_picked":["Clothesline","Cleave"],"picked":"Body Slam","floor":39},{"not_picked":["Reaper","Perfected Strike+1"],"picked":"Pommel Strike+1","floor":40},{"not_picked":["Anger+1","Pommel Strike+1","Thunderclap"],"picked":"SKIP","floor":41},{"not_picked":["Thunderclap+1","Intimidate+1"],"picked":"Shockwave+1","floor":42},{"not_picked":["Inflame","Dropkick+1"],"picked":"True Grit","floor":46},{"not_picked":["Twin Strike+1","True Grit"],"picked":"Dual Wield","floor":47},{"not_picked":["Clash+1","Perfected Strike"],"picked":"Shrug It Off","floor":48}],"player_experience":394246,"relics_obtained":[{"floor":6,"key":"Gambling Chip"},{"floor":9,"key":"PreservedInsect"},{"floor":12,"key":"Bronze Scales"},{"floor":23,"key":"Ancient Tea Set"},{"floor":25,"key":"Peace Pipe"},{"floor":25,"key":"Blue Candle"},{"floor":26,"key":"Boot"},{"floor":27,"key":"Regal Pillow"},{"floor":40,"key":"Blood Vial"},{"floor":43,"key":"Happy Flower"}],"event_choices":[{"damage_healed":0,"gold_gain":0,"player_choice":"Box","damage_taken":0,"relics_obtained":["Dream Catcher"],"max_hp_gain":0,"max_hp_loss":0,"event_name":"Big Fish","floor":2,"gold_loss":0,"cards_obtained":["Regret"]},{"cards_removed":["Regret"],"damage_healed":0,"gold_gain":0,"player_choice":"Card Removal","damage_taken":7,"max_hp_gain":0,"max_hp_loss":0,"event_name":"Golden Wing","floor":4,"gold_loss":0},{"damage_healed":0,"gold_gain":0,"player_choice":"Success","damage_taken":7,"relics_obtained":["Anchor"],"max_hp_gain":0,"max_hp_loss":0,"event_name":"Scrap Ooze","floor":10,"gold_loss":0},{"damage_healed":0,"gold_gain":0,"player_choice":"Entered Light","damage_taken":16,"max_hp_gain":0,"max_hp_loss":0,"event_name":"Shining Light","floor":13,"gold_loss":0,"cards_upgraded":["Strike_R","Offering"]},{"damage_healed":0,"gold_gain":0,"cards_transformed":["Defend_R"],"player_choice":"Transformed","damage_taken":0,"max_hp_gain":0,"max_hp_loss":0,"event_name":"Transmorgrifier","floor":19,"gold_loss":0,"cards_obtained":["Immolate"]},{"damage_healed":0,"gold_gain":0,"player_choice":"Stole Relic","damage_taken":0,"relics_obtained":["StoneCalendar"],"max_hp_gain":0,"max_hp_loss":0,"event_name":"Addict","floor":22,"gold_loss":0,"cards_obtained":["Shame"]},{"damage_healed":0,"gold_gain":0,"player_choice":"Fight","damage_taken":0,"max_hp_gain":0,"max_hp_loss":0,"event_name":"Colosseum","floor":25,"gold_loss":0},{"damage_healed":0,"gold_gain":0,"player_choice":"Fought Nobs","damage_taken":0,"max_hp_gain":0,"max_hp_loss":0,"event_name":"Colosseum","floor":25,"gold_loss":0},{"damage_healed":20,"gold_gain":0,"player_choice":"Writhe","damage_taken":0,"max_hp_gain":0,"max_hp_loss":0,"event_name":"Winding Halls","floor":45,"gold_loss":0,"cards_obtained":["Writhe"]}],"is_beta":false,"boss_relics":[{"not_picked":["Eternal Feather","Fusion Hammer"],"picked":"Orrery"},{"not_picked":["Snecko Eye","Empty Cage"],"picked":"Mark of Pain"}],"items_purged_floors":[44],"is_endless":false,"potions_floor_spawned":[1,7,12,18,27,28,33,35,36,38,40,48],"ascension_level":0}