{"path_per_floor":["M","M","M","M","M","E","M","?","T","M","?","M","R","E","R","B",null,"M","?","$","M","M","R","E","R","T","M","R","M","M","E","R","B",null,"M","?","?","M","?","R"],"character_chosen":"DEFECT","items_purchased":["Cold Snap","Turbo","Calipers","Dramatic Entrance"],"gold_per_floor":[115,127,138,152,142,167,186,151,151,166,166,178,178,204,204,308,308,328,598,24,40,58,58,90,90,90,106,106,125,145,180,180,279,279,290,290,290,305,355,355,355],"floor_reached":41,"campfire_rested":5,"playtime":3330,"current_hp_per_floor":[75,68,68,59,44,28,20,38,38,36,21,20,42,42,42,36,75,66,34,34,30,30,52,32,32,42,38,63,52,44,10,35,15,85,83,72,72,71,45,70,0],"items_purged":["Strike_B"],"gold":355,"score":522,"play_id":"b9b4d38d-653d-4e17-9e16-e7887ee6a0b5","local_time":"20180504104902","is_prod":false,"is_daily":false,"chose_seed":false,"is_ascension_mode":false,"campfire_upgraded":2,"timestamp":1525398542,"path_taken":["M","M","M","M","M","E","M","?","T","?","?","M","R","E","R","BOSS","M","?","$","M","M","R","E","R","T","M","R","?","M","E","R","BOSS","M","?","?","M","?","R","E"],"build_version":"2018-05-02","seed_source_timestamp":1852129619164345,"purchased_purges":1,"victory":false,"master_deck":["Strike_B","Strike_B","Defend_B+1","Defend_B","Defend_B+1","Defend_B","Zap","Dualcast","Amplify","Sunder","Capacitor+1","Blizzard","Auto Shields","Ball Lightning","Ball Lightning","Coolheaded","Auto Shields","Cold Snap","Beam Cell","Creative AI+1","Leap","Cold Snap","Turbo","Dramatic Entrance","Chill","Skim+1","BootSequence","Regret","Rip and Tear+1","Cold Snap","Coolheaded","Cold Snap+1","Fusion","Blizzard+1","Madness","Madness","Stack","Double Energy+1"],"max_hp_per_floor":[75,75,75,75,75,75,75,75,75,75,75,75,75,75,75,75,75,75,75,75,75,75,75,75,75,85,85,85,85,85,85,85,85,85,85,85,85,85,85,85,85],"relics":["Cracked Core","Happy Flower","Orichalcum","Torii","Cursed Key","Calipers","Oddly Smooth Stone","Pear","Gremlin Horn","Inserter","Ginger"],"card_choices":[{"not_picked":["Hologram","Rip and Tear"],"picked":"Sunder","floor":1},{"not_picked":["Reprogram","Skim"],"picked":"Capacitor","floor":2},{"not_picked":["Steam Power","Tempest"],"picked":"Blizzard","floor":3},{"not_picked":["Ball Lightning","Barrage"],"picked":"Auto Shields","floor":4},{"not_picked":["Skim","Darkness"],"picked":"Ball Lightning","floor":5},{"not_picked":["Double Energy","Static Discharge"],"picked":"Ball Lightning","floor":6},{"not_picked":["Machine Learning","Impulse"],"picked":"Coolheaded","floor":7},{"not_picked":["Impulse","Hologram"],"picked":"Auto Shields","floor":10},{"not_picked":["Undo","Rebound"],"picked":"Cold Snap","floor":12},{"not_picked":["BootSequence","Streamline"],"picked":"Beam Cell","floor":14},{"not_picked":["Fission","Rainbow"],"picked":"Creative AI","floor":16},{"not_picked":["Darkness","Capacitor"],"picked":"Leap","floor":18},{"not_picked":["Sweeping Beam","Darkness"],"picked":"Chill","floor":21},{"not_picked":["Beam Cell","Force Field"],"picked":"Skim","floor":22},{"not_picked":["Sweeping Beam","Hello World"],"picked":"BootSequence","floor":24},{"not_picked":["All For One","Conserve Battery"],"picked":"Rip and Tear","floor":27},{"not_picked":["Force Field","Beam Cell"],"picked":"Cold Snap","floor":29},{"not_picked":["Reprogram","Stack"],"picked":"Coolheaded","floor":30},{"not_picked":["Turbo","Sweeping Beam"],"picked":"Cold Snap","floor":31},{"not_picked":["Hyperbeam","Reboot"],"picked":"Fusion","floor":33},{"not_picked":["Axe Kick","Recycle"],"picked":"Blizzard","floor":35},{"not_picked":["Scrape","Sweeping Beam"],"picked":"Stack","floor":38},{"not_picked":["Sweeping Beam","Scrape"],"picked":"Double Energy","floor":39}],"player_experience":24138,"potions_floor_usage":[6,7,14,18,21,24,31,31,35],"damage_taken":[{"damage":0,"enemies":"Small Slimes","floor":1,"turns":2},{"damage":7,"enemies":"2 Louse","floor":2,"turns":3},{"damage":0,"enemies":"Cultist","floor":3,"turns":3},{"damage":9,"enemies":"Blue Slaver","floor":4,"turns":4},{"damage":15,"enemies":"Exordium Thugs","floor":5,"turns":4},{"damage":16,"enemies":"Gremlin Nob","floor":6,"turns":4},{"damage":8,"enemies":"Red Slaver","floor":7,"turns":2},{"damage":2,"enemies":"3 Louse","floor":10,"turns":2},{"damage":1,"enemies":"Exordium Thugs","floor":12,"turns":5},{"damage":0,"enemies":"3 Sentries","floor":14,"turns":5},{"damage":6,"enemies":"Hexaghost","floor":16,"turns":10},{"damage":9,"enemies":"2 Thieves","floor":18,"turns":4},{"damage":16,"enemies":"Chosen","floor":21,"turns":5},{"damage":0,"enemies":"Centurion and Healer","floor":22,"turns":10},{"damage":20,"enemies":"Book of Stabbing","floor":24,"turns":6},{"damage":4,"enemies":"Snake Plant","floor":27,"turns":5},{"damage":11,"enemies":"3 Cultists","floor":29,"turns":5},{"damage":8,"enemies":"Centurion and Healer","floor":30,"turns":6},{"damage":34,"enemies":"Slavers","floor":31,"turns":7},{"damage":20,"enemies":"Champ","floor":33,"turns":14},{"damage":2,"enemies":"3 Darklings","floor":35,"turns":5},{"damage":1,"enemies":"Orb Walker","floor":38,"turns":4},{"damage":26,"enemies":"Mysterious Sphere","floor":39,"turns":7},{"damage":77,"enemies":"2 Orb Walkers","floor":41,"turns":5}],"event_choices":[{"event_name":"The Cleric","player_choice":"Healed","floor":8,"damage_taken":0},{"event_name":"Shining Light","player_choice":"Entered Light","floor":11,"damage_taken":0},{"event_name":"Knowing Skull","player_choice":"GOLD GOLD GOLD ","floor":19,"damage_taken":0},{"event_name":"Winding Halls","player_choice":"Embrace Madness","floor":36,"damage_taken":0},{"event_name":"Mysterious Sphere","player_choice":"Fight","floor":39,"damage_taken":0}],"boss_relics":[{"not_picked":["Snecko Eye","Velvet Choker"],"picked":"Cursed Key"},{"not_picked":["Orrery","Lizard Tail"],"picked":"Inserter"}],"potions_floor_spawned":[3,4,6,12,16,21,22,27,30,33,39],"seed_played":"-561968683230588682","killed_by":"2 Orb Walkers","ascension_level":0,"is_trial":false}