{"gold_per_floor":[118,118,118,135,147,147,163,193,193,193,213,213,239,257,257,360,360,370,53,0,0,10,10,23,23,48,48,48,79,89,105,105,105],"floor_reached":33,"playtime":1068,"items_purged":["Strike_B"],"score":408,"play_id":"91f9cef2-bfdb-484d-b47b-a881fd53d539","local_time":"20190609015101","is_ascension_mode":true,"campfire_choices":[{"data":"Hologram","floor":6,"key":"SMITH"},{"data":"Buffer","floor":10,"key":"SMITH"},{"data":"Streamline","floor":12,"key":"SMITH"},{"floor":15,"key":"REST"},{"floor":23,"key":"REST"},{"data":"All For One","floor":25,"key":"SMITH"},{"floor":32,"key":"REST"}],"neow_cost":"NONE","seed_source_timestamp":1600535754672400,"circlet_count":0,"master_deck":["Defend_B","Defend_B+1","Defend_B","Zap+1","Dualcast","Buffer+1","Cold Snap","Hologram+1","Streamline+1","Rainbow","Leap+1","All For One+1","Ball Lightning","Seek","BootSequence","Electrodynamics","Dramatic Entrance","Sunder+1","Coolheaded+1","Decay","White Noise","Capacitor","Stack","Loop"],"relics":["Cracked Core","Centennial Puzzle","Lantern","Dodecahedron","Empty Cage","War Paint","Blue Candle"],"potions_floor_usage":[29,29,29,33],"damage_taken":[{"damage":8,"enemies":"Small Slimes","floor":1,"turns":4},{"damage":0,"enemies":"Cultist","floor":4,"turns":3},{"damage":6,"enemies":"2 Louse","floor":5,"turns":3},{"damage":7,"enemies":"Red Slaver","floor":7,"turns":3},{"damage":8,"enemies":"Gremlin Nob","floor":8,"turns":4},{"damage":0,"enemies":"Exordium Wildlife","floor":11,"turns":2},{"damage":0,"enemies":"Lagavulin","floor":13,"turns":6},{"damage":0,"enemies":"2 Fungi Beasts","floor":14,"turns":4},{"damage":15,"enemies":"Slime Boss","floor":16,"turns":9},{"damage":40,"enemies":"3 Byrds","floor":18,"turns":5},{"damage":11,"enemies":"Shell Parasite","floor":22,"turns":4},{"damage":0,"enemies":"Sentry and Sphere","floor":24,"turns":4},{"damage":38,"enemies":"Book of Stabbing","floor":29,"turns":5},{"damage":0,"enemies":"3 Cultists","floor":30,"turns":4},{"damage":2,"enemies":"Snecko","floor":31,"turns":8},{"damage":38,"enemies":"Collector","floor":33,"turns":6}],"seed_played":"-8427913159573484554","potions_obtained":[{"floor":4,"key":"Fruit Juice"},{"floor":8,"key":"Energy Potion"},{"floor":14,"key":"AttackPotion"},{"floor":31,"key":"Weak Potion"}],"is_trial":false,"path_per_floor":["M","?","?","M","M","R","M","E","T","R","M","R","E","M","R","B",null,"M","$","?","?","M","R","M","R","T","?","?","E","M","M","R","B"],"character_chosen":"DEFECT","items_purchased":["Electrodynamics","Dramatic Entrance"],"campfire_rested":3,"item_purchase_floors":[19,19],"current_hp_per_floor":[60,53,53,53,47,47,40,32,32,32,32,32,32,32,54,39,66,26,26,26,26,15,37,37,37,37,37,37,4,4,2,26,0],"gold":105,"neow_bonus":"ONE_RANDOM_RARE_CARD","is_prod":false,"is_daily":false,"chose_seed":false,"campfire_upgraded":4,"win_rate":0,"timestamp":1560041461,"path_taken":["M","?","?","M","?","R","M","E","T","R","M","R","E","M","R","BOSS","M","$","?","?","?","R","M","R","T","?","?","E","M","M","R","BOSS"],"build_version":"2019-01-23","purchased_purges":1,"victory":false,"max_hp_per_floor":[75,75,75,75,75,75,75,75,75,75,75,75,75,75,75,75,75,75,75,75,75,75,75,75,75,75,75,75,80,80,80,80,80],"card_choices":[{"not_picked":["Hologram","Barrage"],"picked":"Cold Snap","floor":1},{"not_picked":["Heatsinks","Turbo","Double Energy"],"picked":"SKIP","floor":4},{"not_picked":["Aggregate","Barrage"],"picked":"Hologram","floor":5},{"not_picked":["Steam","Stack"],"picked":"Streamline","floor":7},{"not_picked":["Go for the Eyes","Leap"],"picked":"Rainbow","floor":8},{"not_picked":["Barrage","Force Field"],"picked":"Leap","floor":11},{"not_picked":["Go for the Eyes","Leap"],"picked":"All For One","floor":13},{"not_picked":["Fusion","Hologram"],"picked":"Ball Lightning","floor":14},{"not_picked":["All For One","Multi-Cast"],"picked":"Seek","floor":16},{"not_picked":["Sweeping Beam","Doom and Gloom"],"picked":"BootSequence","floor":18},{"not_picked":["Hologram","Chaos+1"],"picked":"Sunder+1","floor":22},{"not_picked":["Reprogram+1","Hello World"],"picked":"Coolheaded+1","floor":24},{"not_picked":["Go for the Eyes+1","Chill"],"picked":"Capacitor","floor":29},{"not_picked":["Turbo","Cold Snap"],"picked":"Stack","floor":30},{"not_picked":["Conserve Battery","Ball Lightning"],"picked":"Loop","floor":31}],"player_experience":136624,"relics_obtained":[{"floor":8,"key":"Centennial Puzzle"},{"floor":9,"key":"Lantern"},{"floor":13,"key":"Dodecahedron"},{"floor":26,"key":"War Paint"},{"floor":29,"key":"Blue Candle"}],"event_choices":[{"cards_removed":["Strike_B"],"damage_healed":0,"gold_gain":0,"player_choice":"Card Removal","damage_taken":7,"max_hp_gain":0,"max_hp_loss":0,"event_name":"Golden Wing","floor":2,"gold_loss":0},{"damage_healed":0,"gold_gain":0,"player_choice":"Upgraded","damage_taken":0,"max_hp_gain":0,"max_hp_loss":0,"event_name":"Upgrade Shrine","floor":3,"gold_loss":0,"cards_upgraded":["Zap"]},{"damage_healed":0,"gold_gain":0,"player_choice":"Paid Fearfully","damage_taken":0,"max_hp_gain":0,"max_hp_loss":0,"event_name":"Masked Bandits","floor":20,"gold_loss":53},{"cards_removed":["Defend_B"],"damage_healed":0,"gold_gain":0,"player_choice":"Purged","damage_taken":0,"max_hp_gain":0,"max_hp_loss":0,"event_name":"Purifier","floor":21,"gold_loss":0},{"damage_healed":0,"gold_gain":0,"player_choice":"Smashed Altar","damage_taken":0,"max_hp_gain":0,"max_hp_loss":0,"event_name":"Forgotten Altar","floor":27,"gold_loss":0,"cards_obtained":["Decay"]},{"damage_healed":0,"gold_gain":0,"player_choice":"Read","damage_taken":0,"max_hp_gain":0,"max_hp_loss":0,"event_name":"The Library","floor":28,"gold_loss":0,"cards_obtained":["White Noise"]}],"is_beta":false,"boss_relics":[{"not_picked":["Lizard Tail","Tiny House"],"picked":"Empty Cage"}],"items_purged_floors":[19],"is_endless":false,"potions_floor_spawned":[4,8,14,24,31],"killed_by":"Collector","ascension_level":7}