{"gold_per_floor":[116,116,41,56,66,94,112,112,168,183,218,230,35,70,70,168,168,178,453,453,507,34,34,62,62,88,100,100,115,128,146,146,146],"floor_reached":33,"playtime":2122,"items_purged":["Normality"],"score":374,"play_id":"f4e7c68b-be85-4cab-8118-b362539e247a","local_time":"20180825204113","is_ascension_mode":true,"campfire_choices":[{"data":"Choke","floor":8,"key":"SMITH"},{"floor":15,"key":"REST"},{"floor":23,"key":"REST"},{"floor":25,"key":"REST"},{"data":"Storm of Steel","floor":32,"key":"SMITH"}],"neow_cost":"NONE","seed_source_timestamp":926734778100819,"circlet_count":0,"master_deck":["Defend_G+1","Defend_G+1","Defend_G","Defend_G","Strike_G","Strike_G","Strike_G","Survivor","Neutralize","Choke+1","Tactician","Finisher","Slice","Flying Knee","Storm of Steel+1","Accuracy","Slice","Flechettes","Bullet Time","Tactician+1","Dagger Spray+1","Heel Hook+1","Blade Dance","Regret","Concentrate","Footwork+1","Escape Plan","Sucker Punch","Outmaneuver","Prepared+1","Leg Sweep","Cloak And Dagger","PiercingWail"],"relics":["Runic Pyramid","Regal Pillow","War Paint","Tiny Chest","Bottled Lightning","Pen Nib","Bronze Scales","Astrolabe","Lantern","Frozen Egg 2","Art of War","Vajra"],"potions_floor_usage":[6,11,11,16,16,24,33,33],"damage_taken":[{"damage":0,"enemies":"Jaw Worm","floor":1,"turns":4},{"damage":7,"enemies":"Cultist","floor":4,"turns":4},{"damage":0,"enemies":"Small Slimes","floor":5,"turns":3},{"damage":18,"enemies":"Gremlin Nob","floor":6,"turns":4},{"damage":0,"enemies":"Red Slaver","floor":7,"turns":4},{"damage":13,"enemies":"Large Slime","floor":10,"turns":3},{"damage":0,"enemies":"Lagavulin","floor":11,"turns":4},{"damage":0,"enemies":"Blue Slaver","floor":12,"turns":2},{"damage":13,"enemies":"3 Sentries","floor":14,"turns":8},{"damage":23,"enemies":"The Guardian","floor":16,"turns":9},{"damage":23,"enemies":"Shell Parasite","floor":18,"turns":4},{"damage":49,"enemies":"Slavers","floor":24,"turns":5},{"damage":6,"enemies":"Spheric Guardian","floor":27,"turns":3},{"damage":33,"enemies":"Snake Plant","floor":29,"turns":4},{"damage":2,"enemies":"Snecko","floor":30,"turns":3},{"damage":1,"enemies":"Cultist and Chosen","floor":31,"turns":4},{"damage":21,"enemies":"Collector","floor":33,"turns":9}],"seed_played":"6057891723623771591","potions_obtained":[{"floor":1,"key":"Dexterity Potion"},{"floor":5,"key":"Swift Potion"},{"floor":6,"key":"Fire Potion"},{"floor":10,"key":"FearPotion"},{"floor":14,"key":"SmokeBomb"},{"floor":16,"key":"Ancient Potion"},{"floor":18,"key":"Explosive Potion"},{"floor":24,"key":"Explosive Potion"}],"is_trial":false,"path_per_floor":["M","?","$","M","M","E","M","R","T","M","E","M","$","E","R","B",null,"M","?","?","T","$","R","E","R","T","M","?","M","M","M","R"],"character_chosen":"THE_SILENT","items_purchased":["Pen Nib","FearPotion","Frozen Egg 2","Concentrate","Footwork+1","Escape Plan","Sucker Punch"],"campfire_rested":3,"item_purchase_floors":[13,13,22,22,22,22,22],"current_hp_per_floor":[70,70,70,63,63,45,45,45,45,32,32,32,32,19,55,32,70,47,47,34,34,34,71,22,59,59,53,75,42,40,39,39,18],"gold":146,"neow_bonus":"BOSS_RELIC","is_prod":false,"is_daily":false,"chose_seed":false,"campfire_upgraded":2,"win_rate":0,"timestamp":1535244073,"path_taken":["M","?","$","M","M","E","?","R","T","?","E","?","?","E","R","BOSS","M","?","?","?","?","R","E","R","T","M","?","?","M","M","R","BOSS"],"build_version":"2018-08-23v2","purchased_purges":1,"victory":false,"max_hp_per_floor":[70,70,70,70,70,70,70,70,70,70,70,70,70,70,70,70,70,70,70,75,75,75,75,75,75,75,75,75,75,75,75,75,75],"card_choices":[{"not_picked":["Underhanded Strike","Leg Sweep"],"picked":"Choke","floor":1},{"not_picked":["Underhanded Strike","Cloak And Dagger"],"picked":"Tactician","floor":4},{"not_picked":["Riddle With Holes","PiercingWail"],"picked":"Finisher","floor":5},{"not_picked":["Choke","All Out Attack"],"picked":"Slice","floor":6},{"not_picked":["Leg Sweep","Deflect"],"picked":"Flying Knee","floor":7},{"not_picked":["Deflect","Sucker Punch"],"picked":"Storm of Steel","floor":10},{"not_picked":["Underhanded Strike","Bane"],"picked":"Accuracy","floor":11},{"not_picked":["Poisoned Stab","Predator"],"picked":"Slice","floor":12},{"not_picked":["Well Laid Plans","Riddle With Holes"],"picked":"Flechettes","floor":14},{"not_picked":["Storm of Steel","Venomology"],"picked":"Bullet Time","floor":16},{"not_picked":["Flechettes","Expertise"],"picked":"Blade Dance","floor":18},{"not_picked":["Sucker Punch","Deadly Poison"],"picked":"Outmaneuver","floor":24},{"not_picked":["Dagger Throw","Blade Dance"],"picked":"Prepared+1","floor":27},{"not_picked":["Dodge and Roll+1","Dagger Spray+1"],"picked":"Leg Sweep","floor":29},{"not_picked":["Deflect","Dagger Spray"],"picked":"Cloak And Dagger","floor":30},{"not_picked":["Poisoned Stab","Prepared"],"picked":"PiercingWail","floor":31}],"player_experience":268441,"relics_obtained":[{"floor":6,"key":"War Paint"},{"floor":9,"key":"Tiny Chest"},{"floor":11,"key":"Bottled Lightning"},{"floor":14,"key":"Bronze Scales"},{"floor":21,"key":"Lantern"},{"floor":24,"key":"Art of War"},{"floor":26,"key":"Vajra"}],"event_choices":[{"event_name":"Accursed Blacksmith","player_choice":"Rummage","floor":2,"damage_taken":0},{"event_name":"Golden Shrine","player_choice":"Desecrate","floor":19,"damage_taken":0},{"event_name":"Forgotten Altar","player_choice":"Shed Blood","floor":20,"damage_taken":0},{"event_name":"The Library","player_choice":"Heal","floor":28,"damage_taken":0}],"is_beta":false,"boss_relics":[{"not_picked":["Sozu","Empty Cage"],"picked":"Astrolabe"}],"items_purged_floors":[3],"is_endless":false,"potions_floor_spawned":[1,5,6,10,14,16,18,24],"killed_by":"Collector","ascension_level":4}