{"path_per_floor":["M","M","?","?","M","R","$","E","T","R","?","E","R","M","R","B",null,"M","?","$","M","M","E","R","M","T","?","$","R","E","M","R","B",null,"M","?","?","M","$","R","E","M","T","R","?","R","M","E","R","B"],"character_chosen":"IRONCLAD","items_purchased":["Toxic Egg 2","Mind Blast","Strawberry","Deep Breath","Flash of Steel","Secret Weapon","Trip"],"gold_per_floor":[111,129,129,79,93,93,93,125,150,150,172,200,200,219,219,315,315,331,246,3,18,38,73,73,92,141,141,13,13,45,58,58,154,154,172,172,520,537,22,22,49,69,69,69,69,69,88,121,121,121],"floor_reached":51,"campfire_rested":5,"playtime":2708,"current_hp_per_floor":[76,75,75,75,67,67,67,52,52,52,38,20,44,44,68,68,80,73,73,73,62,57,45,45,36,36,36,36,60,60,58,58,48,80,80,80,80,73,80,80,69,44,44,85,74,74,62,62,87,18],"items_purged":["Strike_R"],"gold":121,"score":996,"play_id":"d4ae6ec5-57b9-461b-a3cc-6384c76c1a49","local_time":"20180328153455","is_prod":false,"is_daily":false,"is_ascension_mode":true,"campfire_upgraded":6,"timestamp":1522218895,"path_taken":["M","M","?","?","M","R","?","E","T","R","?","E","R","M","R","BOSS","M","?","?","M","M","E","R","M","T","?","$","R","E","M","R","BOSS","M","?","?","?","?","R","E","M","T","R","?","R","M","E","R","BOSS"],"build_version":"2018-03-22v2","purchased_purges":2,"victory":true,"master_deck":["Strike_R","Strike_R","Strike_R","Defend_R","Defend_R","Bash","Spot Weakness+1","Pummel+1","Shrug It Off","Wild Strike","Pommel Strike","Evolve+1","Sword Boomerang","Bludgeon+1","Wild Strike","Armaments+1","Armaments+1","Headbutt+1","Mind Blast+1","Limit Break+1","Sword Boomerang","Demon Form+1","Headbutt+1","Dual Wield+1","Intimidate+1","Deep Breath+1","Flash of Steel","Secret Weapon+1","Trip+1","Disarm+1","Anger","Writhe","Intimidate+1","Madness+1","Madness+1","Clothesline+1","Thunderclap"],"max_hp_per_floor":[80,80,80,80,80,80,80,80,80,80,80,80,80,80,80,80,80,80,80,80,80,80,80,80,80,80,80,80,80,80,80,80,80,80,80,80,80,80,87,87,87,87,87,87,87,87,87,87,87,87],"relics":["Mark of Pain","Smiling Mask","Pen Nib","Odd Mushroom","Ancient Tea Set","Cursed Key","Bag of Marbles","Toxic Egg 2","The Courier","Prayer Wheel","Thread and Needle","Sozu","Old Coin","Strawberry","Bottled Flame","Regal Pillow","Juzu Bracelet"],"card_choices":[{"not_picked":["Combust","Sword Boomerang"],"picked":"Spot Weakness","floor":1},{"not_picked":["Anger","Sword Boomerang"],"picked":"Pummel","floor":2},{"not_picked":["Iron Wave","Fire Breathing"],"picked":"Shrug It Off","floor":5},{"not_picked":["Warcry","Fire Breathing"],"picked":"Wild Strike","floor":8},{"not_picked":["Flex","Sword Boomerang"],"picked":"Pommel Strike","floor":11},{"not_picked":["Thunderclap","Sword Boomerang"],"picked":"Evolve","floor":12},{"not_picked":["Wild Strike","Sever Soul"],"picked":"Sword Boomerang","floor":14},{"not_picked":["Brutality","Immolate"],"picked":"Bludgeon","floor":16},{"not_picked":["Twin Strike","Seeing Red"],"picked":"Wild Strike","floor":18},{"not_picked":["Uppercut","True Grit"],"picked":"Armaments","floor":21},{"not_picked":["Second Wind","Havoc"],"picked":"Armaments","floor":23},{"not_picked":["Perfected Strike","Carnage"],"picked":"Headbutt","floor":25},{"not_picked":["Dark Embrace","Reckless Charge"],"picked":"Limit Break","floor":30},{"not_picked":["Intimidate","Iron Wave"],"picked":"Sword Boomerang","floor":31},{"not_picked":["Feed","Dark Embrace"],"picked":"Demon Form","floor":33},{"not_picked":["True Grit","Rupture"],"picked":"Headbutt","floor":35},{"not_picked":["Combust","Searing Blow"],"picked":"Dual Wield","floor":37},{"not_picked":["Thunderclap","Pummel"],"picked":"Intimidate","floor":38},{"not_picked":["Twin Strike","Searing Blow"],"picked":"Disarm","floor":41},{"not_picked":["Cleave","Fire Breathing"],"picked":"Anger","floor":42},{"not_picked":["Thunderclap","Sever Soul"],"picked":"Intimidate","floor":43},{"not_picked":["Pommel Strike","Rage"],"picked":"Clothesline","floor":47},{"not_picked":["Anger","Corruption"],"picked":"Thunderclap","floor":48}],"player_experience":90990,"potions_floor_usage":[8,14,23,30,33,33,50,50],"damage_taken":[{"damage":4,"enemies":"Jaw Worm","floor":1,"turns":4},{"damage":1,"enemies":"Cultist","floor":2,"turns":3},{"damage":8,"enemies":"Small Slimes","floor":5,"turns":2},{"damage":15,"enemies":"Lagavulin","floor":8,"turns":5},{"damage":14,"enemies":"The Mushroom Lair","floor":11,"turns":4},{"damage":18,"enemies":"3 Sentries","floor":12,"turns":6},{"damage":0,"enemies":"Blue Slaver","floor":14,"turns":1},{"damage":0,"enemies":"Slime Boss","floor":16,"turns":5},{"damage":7,"enemies":"Chosen","floor":18,"turns":3},{"damage":11,"enemies":"2 Thieves","floor":21,"turns":2},{"damage":5,"enemies":"Snecko","floor":22,"turns":3},{"damage":12,"enemies":"Book of Stabbing","floor":23,"turns":3},{"damage":9,"enemies":"Snake Plant","floor":25,"turns":3},{"damage":0,"enemies":"Gremlin Leader","floor":30,"turns":2},{"damage":2,"enemies":"Slaver and Parasite","floor":31,"turns":4},{"damage":25,"enemies":"Collector","floor":33,"turns":8},{"damage":0,"enemies":"3 Shapes","floor":35,"turns":4},{"damage":0,"enemies":"Mysterious Sphere","floor":37,"turns":3},{"damage":7,"enemies":"3 Darklings","floor":38,"turns":3},{"damage":11,"enemies":"Nemesis","floor":41,"turns":3},{"damage":25,"enemies":"Maw","floor":42,"turns":4},{"damage":12,"enemies":"4 Shapes","floor":47,"turns":4},{"damage":0,"enemies":"2 Orb Walkers","floor":48,"turns":1},{"damage":69,"enemies":"Donu and Deca","floor":50,"turns":7}],"event_choices":[{"event_name":"Purifier","player_choice":"One Purge","floor":3,"damage_taken":0},{"event_name":"The Cleric","player_choice":"Card Removal","floor":4,"damage_taken":0},{"event_name":"Mushrooms","player_choice":"Fought Mushrooms","floor":11,"damage_taken":0},{"event_name":"Addict","player_choice":"Obtained Relic","floor":19,"damage_taken":0},{"event_name":"Purifier","player_choice":"One Purge","floor":27,"damage_taken":0},{"event_name":"Mysterious Sphere","player_choice":"Fight","floor":37,"damage_taken":0},{"event_name":"Winding Halls","player_choice":"Embrace Madness","floor":45,"damage_taken":0}],"boss_relics":[{"not_picked":["Runic Dome","Lizard Tail"],"picked":"Cursed Key"},{"not_picked":["Runic Cube","Question Card"],"picked":"Sozu"}],"potions_floor_spawned":[1,5,14,16,23,25,30,33,37,41,42,48],"seed_played":"5062231591111441185","ascension_level":3,"is_trial":false}