{"gold_per_floor":[366,382,203,219,219,253,253,269,269,123,123,158,158,171,171,276,276,289,307,307,204,220,245,245,264,264,276,276,229,246,256,256,355,355,370,382,314,314,314,344,344,344,425,440,451,45,45,62,62,62],"floor_reached":51,"playtime":7559,"items_purged":[],"score":709,"play_id":"c499f6b6-0d14-4f84-8f58-1bf846473503","local_time":"20190823005149","is_ascension_mode":false,"campfire_choices":[{"data":"Consume","floor":7,"key":"SMITH"},{"data":"Static Discharge","floor":11,"key":"SMITH"},{"data":"White Noise","floor":15,"key":"SMITH"},{"data":"Defragment","floor":24,"key":"SMITH"},{"data":"Electrodynamics","floor":28,"key":"SMITH"},{"data":"Capacitor","floor":32,"key":"SMITH"},{"data":"Loop","floor":41,"key":"SMITH"},{"data":"Leap","floor":49,"key":"SMITH"}],"neow_cost":"PERCENT_DAMAGE","seed_source_timestamp":385491802621218,"circlet_count":0,"master_deck":["Strike_B+1","Strike_B+1","Strike_B+1","Strike_B+1","Defend_B+1","Defend_B+1","Defend_B+1","Defend_B+1","Zap+1","Dualcast+1","Storm+1","Static Discharge+1","Coolheaded+1","Consume+1","Go for the Eyes+1","White Noise+1","Rip and Tear+1","Melter+1","Cold Snap+1","FTL+1","Electrodynamics+1","Compile Driver+1","Defragment+1","Ball Lightning+1","Streamline+1","Blizzard+1","Compile Driver+1","Ball Lightning+1","Capacitor+1","Cold Snap+1","Reboot+1","Beam Cell+1","Rip and Tear+1","Chill+1","Hologram+1","Capacitor+1","Hello World+1","Streamline+1","Loop+1","Madness+1","Madness+1","Bandage Up+1","Sweeping Beam+1","Capacitor+1","Melter+1","Leap+1"],"relics":["Cracked Core","Strawberry","Molten Egg 2","FossilizedHelix","Incense Burner","StoneCalendar","Busted Crown","Bird Faced Urn","Bottled Tornado","Orrery","Anchor","Gremlin Horn","Whetstone","Bronze Scales","Mark of the Bloom"],"potions_floor_usage":[6,22,27,36,45,50,50],"damage_taken":[{"damage":0,"enemies":"Small Slimes","floor":1,"turns":3},{"damage":9,"enemies":"2 Louse","floor":2,"turns":3},{"damage":0,"enemies":"Cultist","floor":4,"turns":5},{"damage":24,"enemies":"Gremlin Nob","floor":6,"turns":5},{"damage":4,"enemies":"Blue Slaver","floor":8,"turns":3},{"damage":17,"enemies":"3 Sentries","floor":12,"turns":5},{"damage":0,"enemies":"Looter","floor":14,"turns":4},{"damage":8,"enemies":"Hexaghost","floor":16,"turns":7},{"damage":0,"enemies":"Chosen","floor":18,"turns":4},{"damage":15,"enemies":"2 Thieves","floor":19,"turns":3},{"damage":5,"enemies":"Chosen and Byrds","floor":22,"turns":4},{"damage":18,"enemies":"Gremlin Leader","floor":23,"turns":5},{"damage":0,"enemies":"Sentry and Sphere","floor":25,"turns":2},{"damage":7,"enemies":"Snake Plant","floor":27,"turns":3},{"damage":6,"enemies":"3 Cultists","floor":30,"turns":2},{"damage":0,"enemies":"Sentry and Sphere","floor":31,"turns":3},{"damage":15,"enemies":"Collector","floor":33,"turns":5},{"damage":6,"enemies":"3 Darklings","floor":35,"turns":3},{"damage":0,"enemies":"3 Shapes","floor":36,"turns":1},{"damage":7,"enemies":"Nemesis","floor":40,"turns":5},{"damage":19,"enemies":"3 Darklings","floor":44,"turns":4},{"damage":0,"enemies":"Transient","floor":45,"turns":5},{"damage":10,"enemies":"Writhing Mass","floor":48,"turns":4},{"damage":37,"enemies":"Time Eater","floor":50,"turns":8}],"seed_played":"6171313412698763970","potions_obtained":[{"floor":2,"key":"Strength Potion"},{"floor":6,"key":"FairyPotion"},{"floor":8,"key":"GamblersBrew"},{"floor":14,"key":"SkillPotion"},{"floor":23,"key":"GamblersBrew"},{"floor":25,"key":"Explosive Potion"},{"floor":30,"key":"FearPotion"},{"floor":36,"key":"Strength Potion"},{"floor":40,"key":"Regen Potion"},{"floor":48,"key":"Block Potion"}],"is_trial":false,"path_per_floor":["M","M","$","M","?","E","R","M","T","$","R","E","?","M","R","B",null,"M","M","?","$","M","E","R","M","T","M","R","$","M","M","R","B",null,"M","M","$","?","?","E","R","?","T","M","M","$","?","M","R","B",null],"character_chosen":"DEFECT","items_purchased":["Coolheaded","Strawberry","Rip and Tear+1","Melter+1","Defragment","Ball Lightning+1","Ball Lightning+1","Loop","Whetstone","Bronze Scales","Capacitor","Melter+1"],"campfire_rested":0,"item_purchase_floors":[3,3,10,10,21,21,29,37,46,46,46,46],"current_hp_per_floor":[54,45,52,52,79,55,55,51,51,51,51,34,27,27,27,19,82,82,67,67,67,62,44,44,50,50,53,53,53,53,55,55,50,82,78,82,82,72,72,75,75,75,75,65,82,82,82,72,72,35],"gold":62,"neow_bonus":"TWO_FIFTY_GOLD","is_prod":false,"is_daily":false,"chose_seed":false,"campfire_upgraded":8,"win_rate":0.0,"timestamp":1566535909,"path_taken":["M","M","$","M","?","E","R","M","T","$","R","E","?","M","R","BOSS","M","M","?","$","M","E","R","M","T","M","R","$","M","?","R","BOSS","M","M","$","?","?","E","R","?","T","M","M","$","?","M","R","BOSS"],"build_version":"2019-08-15","purchased_purges":0,"victory":true,"max_hp_per_floor":[75,75,82,82,82,82,82,82,82,82,82,82,82,82,82,82,82,82,82,82,82,82,82,82,82,82,82,82,82,82,82,82,82,82,82,82,82,82,82,82,82,82,82,82,82,82,82,82,82,82],"card_choices":[{"not_picked":["Steam","Reprogram"],"picked":"Storm","floor":1},{"not_picked":["Streamline","Beam Cell"],"picked":"Static Discharge","floor":2},{"not_picked":["Conserve Battery","Hologram"],"picked":"Consume","floor":4},{"not_picked":["Barrage","Redo"],"picked":"Go for the Eyes","floor":6},{"not_picked":["Coolheaded","Conserve Battery"],"picked":"White Noise","floor":8},{"not_picked":["Auto Shields","Reprogram"],"picked":"Cold Snap+1","floor":12},{"not_picked":["Reinforced Body","Leap"],"picked":"FTL+1","floor":14},{"not_picked":["Seek","Rainbow"],"picked":"Electrodynamics","floor":16},{"not_picked":[],"picked":"Compile Driver+1","floor":18},{"not_picked":["Fusion"],"picked":"SKIP","floor":19},{"not_picked":[],"picked":"Streamline+1","floor":22},{"not_picked":[],"picked":"Blizzard+1","floor":23},{"not_picked":[],"picked":"Compile Driver+1","floor":25},{"not_picked":["Storm"],"picked":"SKIP","floor":27},{"not_picked":[],"picked":"Capacitor","floor":30},{"not_picked":[],"picked":"Cold Snap+1","floor":31},{"not_picked":[],"picked":"Reboot","floor":33},{"not_picked":[],"picked":"Beam Cell+1","floor":34},{"not_picked":[],"picked":"Rip and Tear+1","floor":34},{"not_picked":[],"picked":"Chill","floor":34},{"not_picked":[],"picked":"Hologram","floor":34},{"not_picked":[],"picked":"Capacitor","floor":34},{"not_picked":[],"picked":"Hello World+1","floor":35},{"not_picked":[],"picked":"Streamline+1","floor":36},{"not_picked":[],"picked":"Bandage Up","floor":39},{"not_picked":["Heatsinks+1"],"picked":"SKIP","floor":40},{"not_picked":["Tempest"],"picked":"SKIP","floor":44},{"not_picked":[],"picked":"Sweeping Beam+1","floor":45},{"not_picked":[],"picked":"Leap","floor":48}],"player_experience":9465,"relics_obtained":[{"floor":6,"key":"Molten Egg 2"},{"floor":9,"key":"FossilizedHelix"},{"floor":12,"key":"Incense Burner"},{"floor":23,"key":"Bird Faced Urn"},{"floor":26,"key":"Bottled Tornado"},{"floor":40,"key":"Anchor"},{"floor":43,"key":"Gremlin Horn"}],"event_choices":[{"damage_healed":27,"gold_gain":0,"player_choice":"Banana","damage_taken":0,"max_hp_gain":0,"max_hp_loss":0,"event_name":"Big Fish","floor":5,"gold_loss":0},{"damage_healed":0,"gold_gain":0,"player_choice":"Success","damage_taken":7,"relics_obtained":["StoneCalendar"],"max_hp_gain":0,"max_hp_loss":0,"event_name":"Scrap Ooze","floor":13,"gold_loss":0},{"damage_healed":0,"gold_gain":0,"player_choice":"Upgraded","damage_taken":0,"max_hp_gain":0,"max_hp_loss":0,"event_name":"Upgrade Shrine","floor":20,"gold_loss":0,"cards_upgraded":["Zap"]},{"damage_healed":0,"gold_gain":0,"player_choice":"Embrace Madness","damage_taken":10,"max_hp_gain":0,"max_hp_loss":0,"event_name":"Winding Halls","floor":38,"gold_loss":0,"cards_obtained":["Madness","Madness"]},{"damage_healed":0,"gold_gain":0,"player_choice":"Memory 1","damage_taken":0,"max_hp_gain":0,"max_hp_loss":0,"event_name":"SensoryStone","floor":39,"gold_loss":0},{"damage_healed":0,"gold_gain":0,"player_choice":"Ignored","damage_taken":0,"max_hp_gain":0,"max_hp_loss":0,"event_name":"Tomb of Lord Red Mask","floor":42,"gold_loss":0},{"damage_healed":0,"gold_gain":0,"player_choice":"Upgrade","damage_taken":0,"relics_obtained":["Mark of the Bloom"],"max_hp_gain":0,"max_hp_loss":0,"event_name":"MindBloom","floor":47,"gold_loss":0,"cards_upgraded":["Strike_B","Strike_B","Defend_B","Defend_B","Defend_B","Defend_B","Dualcast","Storm","Coolheaded","Reboot","Chill","Hologram","Capacitor","Madness","Madness","Bandage Up","Capacitor"]}],"is_beta":true,"boss_relics":[{"not_picked":["Runic Dome","White Beast Statue"],"picked":"Busted Crown"},{"not_picked":["Tiny House","Lizard Tail"],"picked":"Orrery"}],"items_purged_floors":[],"is_endless":false,"potions_floor_spawned":[2,6,8,14,23,25,30,33,35,36,40,48],"ascension_level":0}