{"gold_per_floor":[110,0,19,34,34,34,34,54,54,54,64,395,395,429,429,508,508,518,538,538,538],"floor_reached":21,"playtime":1731,"items_purged":[],"score":359,"play_id":"b240da84-e5a6-4fb2-ba5b-4517a7b3e400","local_time":"20190925234344","is_ascension_mode":true,"campfire_choices":[{"data":"Go for the Eyes","floor":6.0,"key":"SMITH"},{"data":"FTL","floor":10,"key":"SMITH"},{"floor":13,"key":"REST"},{"data":"Reinforced Body","floor":15,"key":"SMITH"}],"neow_cost":"NONE","seed_source_timestamp":1474786677304930,"circlet_count":0,"master_deck":["AscendersBane","Strike_B+1","Strike_B+1","Strike_B+1","Strike_B+1","Defend_B+1","Defend_B+1","Defend_B+1","Defend_B+1","Zap","Dualcast","Gash","Go for the Eyes+1","FTL+1","Gash","Reinforced Body+1","Recycle","Seek","Scrape"],"special_seed":0,"relics":["Cracked Core","Du-Vu Doll","Old Coin","Potion Belt","Runic Dome"],"potions_floor_usage":[8,12,14,18],"damage_taken":[{"damage":0.0,"enemies":"Cultist","floor":1.0,"turns":3.0},{"damage":1.0,"enemies":"Small Slimes","floor":3.0,"turns":3.0},{"damage":0.0,"enemies":"2 Louse","floor":4.0,"turns":3.0},{"damage":1,"enemies":"Large Slime","floor":8,"turns":3},{"damage":3,"enemies":"Looter","floor":11,"turns":2},{"damage":32,"enemies":"Gremlin Nob","floor":12,"turns":4},{"damage":10,"enemies":"3 Sentries","floor":14,"turns":7},{"damage":28,"enemies":"Hexaghost","floor":16,"turns":11},{"damage":24,"enemies":"Shell Parasite","floor":18,"turns":6},{"damage":27,"enemies":"Spheric Guardian","floor":19,"turns":4},{"damage":14,"enemies":"Snake Plant","floor":21,"turns":2}],"seed_played":"5322420012703611731","potions_obtained":[{"floor":1.0,"key":"SteroidPotion"},{"floor":4.0,"key":"Poison Potion"},{"floor":12,"key":"SteroidPotion"},{"floor":16,"key":"GamblersBrew"}],"is_trial":false,"path_per_floor":["M","$","M","M","?","R","?","M","T","R","M","E","R","E","R","B",null,"M","M","?","M"],"character_chosen":"DEFECT","items_purchased":["Gash","Go for the Eyes"],"campfire_rested":1,"item_purchase_floors":[2,2],"current_hp_per_floor":[71,71,70,70,70,70,70,69,69,69,66,34,57,47,47,19,63,39,12,12,0],"gold":538,"neow_bonus":"TEN_PERCENT_HP_BONUS","is_prod":false,"is_daily":false,"chose_seed":false,"campfire_upgraded":3,"win_rate":0,"timestamp":1569469424,"path_taken":["M","?","M","M","?","R","?","M","T","R","M","E","R","E","R","BOSS","M","M","?","M"],"build_version":"2019-07-17","purchased_purges":0,"victory":false,"max_hp_per_floor":[78,78,78,78,78,78,78,78,78,78,78,78,78,78,78,78,78,78,78,78,78],"card_choices":[{"not_picked":["Reprogram","Turbo","Rebound"],"picked":"SKIP","floor":1.0},{"not_picked":["Self Repair","Barrage"],"picked":"FTL","floor":3.0},{"not_picked":["Coolheaded","Cold Snap","Stack"],"picked":"SKIP","floor":4.0},{"not_picked":["Cold Snap","Barrage"],"picked":"Gash","floor":8},{"not_picked":["Go for the Eyes","Doom and Gloom"],"picked":"Reinforced Body","floor":11},{"not_picked":["Heatsinks","Coolheaded","Tempest"],"picked":"SKIP","floor":12},{"not_picked":["Double Energy","Blizzard"],"picked":"Recycle","floor":14},{"not_picked":["Reboot","Amplify"],"picked":"Seek","floor":16},{"not_picked":["Ball Lightning+1","Stack","Barrage"],"picked":"SKIP","floor":18},{"not_picked":["Tempest","Redo"],"picked":"Scrape","floor":19}],"player_experience":420456,"relics_obtained":[{"floor":9,"key":"Du-Vu Doll"},{"floor":12,"key":"Old Coin"},{"floor":14,"key":"Potion Belt"}],"event_choices":[{"damage_healed":0.0,"max_hp_gain":0.0,"max_hp_loss":0.0,"gold_gain":0.0,"event_name":"Liars Game","player_choice":"Ignored","floor":5.0,"gold_loss":0.0,"damage_taken":0.0},{"damage_healed":0.0,"max_hp_gain":0.0,"max_hp_loss":0.0,"gold_gain":0.0,"event_name":"Shining Light","player_choice":"Ignored","floor":7.0,"gold_loss":0.0,"damage_taken":0.0},{"damage_healed":0,"gold_gain":0,"player_choice":"Simplicity","damage_taken":0,"max_hp_gain":0,"max_hp_loss":0,"event_name":"Back to Basics","floor":20,"gold_loss":0,"cards_upgraded":["Strike_B","Strike_B","Strike_B","Strike_B","Defend_B","Defend_B","Defend_B","Defend_B"]}],"is_beta":false,"boss_relics":[{"not_picked":["Coffee Dripper","FrozenCore"],"picked":"Runic Dome"}],"items_purged_floors":[],"is_endless":false,"potions_floor_spawned":[1,4,12,16],"killed_by":"Snake Plant","ascension_level":18}