{"gold_per_floor":[118,132,207,227,240,240,269,286,363,394,394,409,61,72,72,174,174,184,184,459,476,202,234,234,247,247,260,20,33,67,77,77,172,172,191,191,206,216,216,241,241,267,267,267,267,23,42,55,55,55],"floor_reached":51,"playtime":3418,"items_purged":["Regret"],"score":1350,"play_id":"5413b611-e3ce-421e-9c23-0d5f19c8296f","local_time":"20181031033657","is_ascension_mode":true,"campfire_choices":[{"floor":6.0,"key":"REST"},{"floor":15.0,"key":"REST"},{"data":"Glass Knife","floor":24.0,"key":"SMITH"},{"floor":32.0,"key":"REST"},{"floor":41,"key":"REST"},{"floor":44,"key":"REST"},{"floor":49,"key":"REST"}],"neow_cost":"NONE","seed_source_timestamp":0,"circlet_count":0,"master_deck":["Defend_G","Defend_G","Defend_G","Defend_G","Defend_G","Strike_G","Strike_G","Strike_G","Strike_G","Strike_G","Survivor","Neutralize","Dagger Spray","Footwork+1","Terror","Die Die Die","Backstab","Poisoned Stab","Deflect","Glass Knife+1","Riddle With Holes","Deflect+1","Acrobatics+1","Noxious Fumes","Die Die Die","Acrobatics+1","Writhe","Sucker Punch","PiercingWail+1","Glass Knife","Footwork","Backflip+1","PiercingWail+1","Dagger Throw","Dodge and Roll+1","Leg Sweep+1","Envenom","Quick Slash+1","Caltrops+1","Acrobatics+1","Heel Hook+1","Dagger Throw","Cloak And Dagger+1","Dagger Throw"],"special_seed":0,"relics":["Philosopher\u0027s Stone","Darkstone Periapt","Mercury Hourglass","Calipers","Toxic Egg 2","Velvet Choker","Anchor","Pen Nib","Potion Belt","Bottled Flame","ClockworkSouvenir","Bronze Scales","Lizard Tail","Mummified Hand","Bag of Preparation","Regal Pillow","Kunai"],"potions_floor_usage":[33,33,37,47,50],"damage_taken":[{"damage":2.0,"enemies":"Cultist","floor":1.0,"turns":4.0},{"damage":0.0,"enemies":"Small Slimes","floor":2.0,"turns":5.0},{"damage":0.0,"enemies":"Jaw Worm","floor":4.0,"turns":4.0},{"damage":24.0,"enemies":"Lots of Slimes","floor":5.0,"turns":4.0},{"damage":20.0,"enemies":"Lagavulin","floor":7.0,"turns":8.0},{"damage":0.0,"enemies":"Looter","floor":8.0,"turns":3.0},{"damage":5.0,"enemies":"3 Sentries","floor":10.0,"turns":4.0},{"damage":10.0,"enemies":"Large Slime","floor":12.0,"turns":5.0},{"damage":0.0,"enemies":"3 Louse","floor":14.0,"turns":3.0},{"damage":23.0,"enemies":"Slime Boss","floor":16.0,"turns":5.0},{"damage":0.0,"enemies":"3 Byrds","floor":18.0,"turns":4.0},{"damage":2.0,"enemies":"Chosen","floor":21.0,"turns":4.0},{"damage":11.0,"enemies":"Book of Stabbing","floor":23.0,"turns":5.0},{"damage":15.0,"enemies":"Snecko","floor":25.0,"turns":4.0},{"damage":0.0,"enemies":"Centurion and Healer","floor":27.0,"turns":5.0},{"damage":0.0,"enemies":"3 Cultists","floor":29.0,"turns":3.0},{"damage":14.0,"enemies":"Slavers","floor":30.0,"turns":4.0},{"damage":6.0,"enemies":"Snecko","floor":31.0,"turns":4.0},{"damage":37,"enemies":"Champ","floor":33,"turns":16},{"damage":7,"enemies":"Orb Walker","floor":35,"turns":2},{"damage":9,"enemies":"3 Darklings","floor":37,"turns":6},{"damage":10,"enemies":"Jaw Worm Horde","floor":38,"turns":3},{"damage":54,"enemies":"Reptomancer","floor":40,"turns":7},{"damage":41,"enemies":"Giant Head","floor":42,"turns":9},{"damage":30,"enemies":"Transient","floor":47,"turns":5},{"damage":3,"enemies":"3 Darklings","floor":48,"turns":3},{"damage":48,"enemies":"Time Eater","floor":50,"turns":10}],"seed_played":"-8503341475097135979","potions_obtained":[{"floor":2.0,"key":"Dexterity Potion"},{"floor":8.0,"key":"SkillPotion"},{"floor":10.0,"key":"SpeedPotion"},{"floor":12.0,"key":"Poison Potion"},{"floor":16.0,"key":"LiquidBronze"},{"floor":18.0,"key":"GhostInAJar"},{"floor":21.0,"key":"Poison Potion"},{"floor":23.0,"key":"Weak Potion"},{"floor":27.0,"key":"SkillPotion"},{"floor":35,"key":"GhostInAJar"},{"floor":37,"key":"Poison Potion"},{"floor":48,"key":"SkillPotion"}],"is_trial":false,"path_per_floor":["M","M","?","M","M","R","E","M","T","E","?","M","$","M","R","B",null,"M","?","?","M","$","E","R","M","T","M","$","M","E","M","R","B",null,"M","?","M","M","?","E","R","E","T","R","?","$","M","M","R","B"],"character_chosen":"THE_SILENT","items_purchased":["Toxic Egg 2","Deflect+1","Acrobatics+1","Pen Nib","PiercingWail+1","ClockworkSouvenir","PiercingWail+1","Kunai"],"campfire_rested":6,"item_purchase_floors":[13,13,13,22,22,28,28,46],"current_hp_per_floor":[61,61,50,50,26,47,27,27,27,22,22,12,12,12,33,10,55,55,61,67,65,65,54,54,39,39,39,39,39,25,19,43,6,63,56,56,47,37,37,34,58,17,17,56,56,56,26,23,62,14],"gold":55,"neow_bonus":"BOSS_RELIC","is_prod":false,"is_daily":false,"chose_seed":false,"campfire_upgraded":1,"win_rate":0,"timestamp":1540971417,"path_taken":["M","M","?","?","M","R","E","M","T","E","?","M","$","M","R","BOSS","M","?","?","M","?","E","R","M","T","M","$","M","E","M","R","BOSS","M","?","M","?","?","E","R","E","T","R","?","$","?","M","R","BOSS"],"build_version":"2018-10-25v2","purchased_purges":1,"victory":true,"max_hp_per_floor":[70,70,70,70,70,70,70,70,70,70,70,70,70,70,70,70,70,70,76,82,82,82,82,82,82,82,82,82,82,82,82,82,82,82,82,82,82,82,82,82,82,82,82,82,82,82,82,82,82,82],"card_choices":[{"not_picked":["PiercingWail","Prepared"],"picked":"Dagger Spray","floor":1.0},{"not_picked":["Bane","Crippling Poison"],"picked":"Footwork","floor":2.0},{"not_picked":["Slice","Quick Slash"],"picked":"Terror","floor":4.0},{"not_picked":["Bouncing Flask","Prepared"],"picked":"Die Die Die","floor":5.0},{"not_picked":["Catalyst","Bane"],"picked":"Backstab","floor":7.0},{"not_picked":["Underhanded Strike","Infinite Blades"],"picked":"Poisoned Stab","floor":8.0},{"not_picked":["Bullet Time","Accuracy"],"picked":"Deflect","floor":10.0},{"not_picked":["Skewer","Quick Slash"],"picked":"Riddle With Holes","floor":12.0},{"not_picked":["Bane","Heel Hook"],"picked":"Noxious Fumes","floor":14.0},{"not_picked":["After Image","Glass Knife"],"picked":"Die Die Die","floor":16.0},{"not_picked":["Prepared+1","Poisoned Stab"],"picked":"Acrobatics+1","floor":18.0},{"not_picked":["Heel Hook+1","Caltrops"],"picked":"Sucker Punch","floor":21.0},{"not_picked":["Noxious Fumes","Quick Slash"],"picked":"Glass Knife","floor":23.0},{"not_picked":["Dagger Spray","Dagger Throw+1"],"picked":"Footwork","floor":25.0},{"not_picked":["Deflect+1","Slice"],"picked":"Backflip+1","floor":27.0},{"not_picked":["Deflect+1","Deadly Poison+1"],"picked":"Dagger Throw","floor":29.0},{"not_picked":["PiercingWail+1","Underhanded Strike"],"picked":"Dodge and Roll+1","floor":30.0},{"not_picked":["Sucker Punch","Endless Agony+1"],"picked":"Leg Sweep+1","floor":31.0},{"not_picked":["Venomology+1","Glass Knife"],"picked":"Envenom","floor":33},{"not_picked":["Flying Knee","Outmaneuver+1"],"picked":"Quick Slash+1","floor":35},{"not_picked":["Well Laid Plans","Sucker Punch"],"picked":"Caltrops+1","floor":37},{"not_picked":["Quick Slash","Blade Dance+1"],"picked":"Acrobatics+1","floor":38},{"not_picked":["Prepared+1","Tactician+1"],"picked":"Heel Hook+1","floor":40},{"not_picked":["Flying Knee","Corpse Explosion+1"],"picked":"Dagger Throw","floor":42},{"not_picked":["Sucker Punch+1","Dagger Spray+1"],"picked":"Cloak And Dagger+1","floor":47},{"not_picked":["Deadly Poison+1","Dagger Spray"],"picked":"Dagger Throw","floor":48}],"player_experience":308934,"relics_obtained":[{"floor":7.0,"key":"Darkstone Periapt"},{"floor":9.0,"key":"Mercury Hourglass"},{"floor":10.0,"key":"Calipers"},{"floor":23.0,"key":"Potion Belt"},{"floor":26.0,"key":"Bottled Flame"},{"floor":30.0,"key":"Bronze Scales"},{"floor":40,"key":"Mummified Hand"},{"floor":42,"key":"Bag of Preparation"},{"floor":43,"key":"Regal Pillow"}],"event_choices":[{"damage_healed":0.0,"max_hp_gain":0.0,"max_hp_loss":0.0,"gold_gain":75.0,"event_name":"World of Goop","player_choice":"Gather Gold","floor":3.0,"gold_loss":0.0,"damage_taken":11.0},{"damage_healed":0.0,"max_hp_gain":0.0,"max_hp_loss":0.0,"gold_gain":0.0,"event_name":"Match and Keep!","player_choice":"2 cards matched","floor":11.0,"gold_loss":0.0,"damage_taken":0.0,"cards_obtained":["Glass Knife","Neutralize"]},{"damage_healed":0.0,"max_hp_gain":0.0,"max_hp_loss":0.0,"gold_gain":0.0,"event_name":"The Mausoleum","player_choice":"Opened","floor":19.0,"gold_loss":0.0,"damage_taken":0.0,"relics_obtained":["Anchor"],"cards_obtained":["Writhe"]},{"damage_healed":0.0,"max_hp_gain":0.0,"max_hp_loss":0.0,"gold_gain":275.0,"event_name":"Golden Shrine","player_choice":"Desecrate","floor":20.0,"gold_loss":0.0,"damage_taken":0.0,"cards_obtained":["Regret"]},{"damage_healed":0,"gold_gain":0,"player_choice":"Upgraded","damage_taken":0,"max_hp_gain":0,"max_hp_loss":0,"event_name":"Upgrade Shrine","floor":36,"gold_loss":0,"cards_upgraded":["Footwork"]},{"cards_removed":["Neutralize"],"damage_healed":0,"gold_gain":0,"player_choice":"Removed Attack","damage_taken":0,"max_hp_gain":0,"max_hp_loss":0,"event_name":"Falling","floor":39,"gold_loss":0},{"damage_healed":0,"gold_gain":0,"player_choice":"Ignored","damage_taken":0,"max_hp_gain":0,"max_hp_loss":0,"event_name":"Tomb of Lord Red Mask","floor":45,"gold_loss":0}],"is_beta":false,"boss_relics":[{"not_picked":["Tiny House","White Beast Statue"],"picked":"Velvet Choker"},{"not_picked":["WristBlade","HoveringKite"],"picked":"Lizard Tail"}],"items_purged_floors":[22],"is_endless":false,"potions_floor_spawned":[2,8,10,12,16,18,21,23,27,35,37,48],"ascension_level":8}