{"path_per_floor":["M","M","M","M","?","E","?","R","T","M","?","R","M","$","R","B",null,"M","?","$","?","M","M","R","M","T","E","?","E","M","M","R","B",null,"M","M","?","$","M","E","?","R","T","R","M","?","R","?","R","B"],"character_chosen":"IRONCLAD","items_purchased":["Mind Blast","Oddly Smooth Stone","Headbutt","Pummel","Ancient Tea Set"],"gold_per_floor":[115,134,154,167,117,151,151,151,151,174,174,174,193,20,20,150,150,175,175,6,6,20,32,32,52,77,110,25,59,78,94,94,193,193,209,223,223,6,18,43,0,0,0,0,13,13,13,263,263,263],"floor_reached":51,"campfire_rested":1,"playtime":2825,"current_hp_per_floor":[45,51,57,59,59,30,30,30,44,36,36,36,38,38,38,8,94,85,85,85,94,89,94,94,94,94,74,74,89,94,92,92,53,94,93,94,82,82,70,60,60,60,60,60,65,65,65,70,97,16],"items_purged":["Injury"],"gold":263,"score":767,"play_id":"1a699e18-9226-4e4f-9df7-9c387633bf3a","local_time":"20180511162717","is_prod":false,"is_daily":false,"chose_seed":false,"is_ascension_mode":false,"campfire_upgraded":5,"timestamp":1526023637,"path_taken":["M","M","M","M","?","E","?","R","T","?","?","R","M","$","R","BOSS","M","?","$","?","?","M","R","M","T","E","?","E","M","M","R","BOSS","M","M","?","$","M","E","?","R","T","R","M","?","R","?","R","BOSS"],"build_version":"2018-05-10","seed_source_timestamp":165320510597551,"purchased_purges":2,"victory":true,"master_deck":["Strike_R","Strike_R","Strike_R","Strike_R","Defend_R","Defend_R","Defend_R","Defend_R","Bash","Rage","Fire Breathing","Pommel Strike","Shockwave+1","Flame Barrier+1","Shrug It Off","Thunderclap","Mind Blast+1","Demon Form+1","Pummel","Headbutt","Clothesline+1","Headbutt","Thunderclap+1","Perfected Strike","Limit Break+1","Anger+1","Perfected Strike","Feed","Shrug It Off","Dual Wield+1","Madness","Madness","Pummel","Ghostly Armor+1","Reckless Charge","Pain","Headbutt+1","Regret"],"max_hp_per_floor":[80,80,80,80,80,80,80,80,94,94,94,94,94,94,94,94,94,94,94,94,94,94,94,94,94,94,94,94,94,94,94,94,94,94,94,94,94,94,97,97,97,97,97,97,97,97,97,97,97,97],"relics":["Burning Blood","Ice Cream","Turnip","Bloody Idol","Mango","Sozu","Oddly Smooth Stone","Juzu Bracelet","Bird Faced Urn","Girya","Toolbox","Cursed Key","Ancient Tea Set","Bottled Tornado","Red Mask","Bottled Lightning"],"card_choices":[{"not_picked":["Blood for Blood","Wild Strike"],"picked":"Rage","floor":1},{"not_picked":["Twin Strike","Power Through"],"picked":"Fire Breathing","floor":2},{"not_picked":["Clash","Dropkick"],"picked":"Pommel Strike","floor":3},{"not_picked":["Blood for Blood","Pummel"],"picked":"Shockwave","floor":4},{"not_picked":["Blood for Blood","Heavy Blade"],"picked":"Flame Barrier","floor":6},{"not_picked":["Body Slam","Blood for Blood"],"picked":"Shrug It Off","floor":10},{"not_picked":["Sword Boomerang","Armaments"],"picked":"Thunderclap","floor":13},{"not_picked":["Impervious","Offering"],"picked":"Demon Form","floor":16},{"not_picked":["Ghostly Armor","Evolve"],"picked":"Pummel","floor":18},{"not_picked":["Dropkick","Blood for Blood"],"picked":"Clothesline","floor":22},{"not_picked":["Clash","Burning Pact"],"picked":"Headbutt","floor":23},{"not_picked":["Perfected Strike","Armaments"],"picked":"Thunderclap","floor":25},{"not_picked":["Corruption","Second Wind"],"picked":"Perfected Strike","floor":27},{"not_picked":["Clash","Burning Pact"],"picked":"Limit Break","floor":29},{"not_picked":["Armaments","Clothesline"],"picked":"Anger","floor":30},{"not_picked":["Warcry","Body Slam"],"picked":"Perfected Strike","floor":31},{"not_picked":["Impervious","Barricade"],"picked":"Feed","floor":33},{"not_picked":["Thunderclap","Wild Strike"],"picked":"Shrug It Off","floor":35},{"not_picked":["Cleave","Infernal Blade"],"picked":"Dual Wield","floor":36},{"not_picked":["Whirlwind","Searing Blow"],"picked":"Ghostly Armor","floor":39},{"not_picked":["Wild Strike","Searing Blow"],"picked":"Reckless Charge","floor":40},{"not_picked":["Body Slam","Clash"],"picked":"Headbutt","floor":45}],"player_experience":61160,"potions_floor_usage":[16,50],"damage_taken":[{"damage":1,"enemies":"Cultist","floor":1,"turns":3},{"damage":0,"enemies":"Small Slimes","floor":2,"turns":3},{"damage":0,"enemies":"Jaw Worm","floor":3,"turns":4},{"damage":4,"enemies":"Looter","floor":4,"turns":4},{"damage":35,"enemies":"Lagavulin","floor":6,"turns":8},{"damage":14,"enemies":"Blue Slaver","floor":10,"turns":6},{"damage":4,"enemies":"Lots of Slimes","floor":13,"turns":4},{"damage":60,"enemies":"Hexaghost","floor":16,"turns":12},{"damage":15,"enemies":"Spheric Guardian","floor":18,"turns":4},{"damage":16,"enemies":"Shell Parasite","floor":22,"turns":4},{"damage":0,"enemies":"Snake Plant","floor":23,"turns":4},{"damage":1,"enemies":"Cultist and Chosen","floor":25,"turns":8},{"damage":31,"enemies":"Book of Stabbing","floor":27,"turns":6},{"damage":0,"enemies":"Gremlin Leader","floor":29,"turns":7},{"damage":0,"enemies":"Centurion and Healer","floor":30,"turns":4},{"damage":13,"enemies":"Sentry and Sphere","floor":31,"turns":5},{"damage":52,"enemies":"Automaton","floor":33,"turns":8},{"damage":12,"enemies":"3 Darklings","floor":35,"turns":5},{"damage":7,"enemies":"3 Shapes","floor":36,"turns":4},{"damage":30,"enemies":"Maw","floor":39,"turns":6},{"damage":25,"enemies":"Nemesis","floor":40,"turns":7},{"damage":6,"enemies":"4 Shapes","floor":45,"turns":1},{"damage":89,"enemies":"Time Eater","floor":50,"turns":7}],"event_choices":[{"event_name":"The Cleric","player_choice":"Card Removal","floor":5,"damage_taken":0},{"event_name":"Golden Idol","player_choice":"Take Wound","floor":7,"damage_taken":0},{"event_name":"The Woman in Blue","player_choice":"Bought 0 Potions","floor":11,"damage_taken":0},{"event_name":"Forgotten Altar","player_choice":"Gave Idol","floor":19,"damage_taken":0},{"event_name":"Wheel of Change","player_choice":"Full Heal","floor":21,"damage_taken":0},{"event_name":"Addict","player_choice":"Obtained Relic","floor":28,"damage_taken":0},{"event_name":"Winding Halls","player_choice":"Embrace Madness","floor":37,"damage_taken":0},{"event_name":"Tomb of Lord Red Mask","player_choice":"Paid","floor":41,"damage_taken":0},{"event_name":"Upgrade Shrine","player_choice":"Upgraded","floor":46,"damage_taken":0},{"event_name":"Golden Shrine","player_choice":"Desecrate","floor":48,"damage_taken":0}],"boss_relics":[{"not_picked":["Snecko Eye","Lizard Tail"],"picked":"Sozu"},{"not_picked":["Eternal Feather","White Beast Statue"],"picked":"Cursed Key"}],"potions_floor_spawned":[1,10,13,25,27,31,33,35,40],"seed_played":"-8267955800652289021","ascension_level":0,"is_trial":false}