{"gold_per_floor":[112,43,57,72,147,175,175,207,233,233,247,262,262,282,282,378,378,392,392,410,422,435,435],"floor_reached":23,"playtime":2653,"items_purged":[],"score":383,"play_id":"0593637c-979f-49af-a86e-2b9481ea6fcf","local_time":"20190902002908","is_ascension_mode":true,"campfire_choices":[{"floor":7.0,"key":"REST"},{"data":"Defragment","floor":13.0,"key":"SMITH"},{"data":"Static Discharge","floor":15.0,"key":"SMITH"}],"neow_cost":"NONE","seed_source_timestamp":0,"circlet_count":0,"master_deck":["AscendersBane","Strike_B","Strike_B","Strike_B","Strike_B","Defend_B","Defend_B","Defend_B","Defend_B","Zap","Dualcast","Leap","Defragment+1","Cold Snap","Static Discharge+1","Rebound","Undo","Conserve Battery","Cold Snap","Turbo","Core Surge","Cold Snap","Pain","Redo+1","Turbo+1","Consume+1"],"special_seed":0,"relics":["Cracked Core","Ancient Tea Set","Anchor","Happy Flower","Lantern","Fusion Hammer","WarpedTongs"],"potions_floor_usage":[20,22,22],"damage_taken":[{"damage":4.0,"enemies":"Jaw Worm","floor":1.0,"turns":4.0},{"damage":4.0,"enemies":"Small Slimes","floor":3.0,"turns":3.0},{"damage":1.0,"enemies":"Cultist","floor":4.0,"turns":4.0},{"damage":30.0,"enemies":"3 Sentries","floor":6.0,"turns":8.0},{"damage":22.0,"enemies":"Lagavulin","floor":8.0,"turns":8.0},{"damage":2.0,"enemies":"Exordium Thugs","floor":11.0,"turns":5.0},{"damage":0.0,"enemies":"Lots of Slimes","floor":12.0,"turns":2.0},{"damage":0.0,"enemies":"Blue Slaver","floor":14.0,"turns":2.0},{"damage":0.0,"enemies":"Hexaghost","floor":16.0,"turns":16.0},{"damage":17.0,"enemies":"2 Thieves","floor":18.0,"turns":4.0},{"damage":10,"enemies":"3 Byrds","floor":20,"turns":4},{"damage":12,"enemies":"Shelled Parasite and Fungi","floor":21,"turns":9},{"damage":21,"enemies":"3 Cultists","floor":22,"turns":6},{"damage":9,"enemies":"Gremlin Leader","floor":23,"turns":2}],"seed_played":"-7857768938804210842","potions_obtained":[{"floor":4.0,"key":"AttackPotion"},{"floor":8.0,"key":"Fruit Juice"},{"floor":10.0,"key":"LiquidBronze"},{"floor":10.0,"key":"Explosive Potion"},{"floor":14.0,"key":"FearPotion"},{"floor":21,"key":"SkillPotion"},{"floor":22,"key":"SpeedPotion"}],"is_trial":false,"path_per_floor":["M","$","M","M","?","E","R","E","T","?","M","M","R","M","R","B",null,"M","?","M","M","M","E"],"character_chosen":"DEFECT","items_purchased":["Defragment"],"campfire_rested":1,"item_purchase_floors":[2],"current_hp_per_floor":[64,64,60,59,48,18,40,23,23,23,21,21,21,21,21,21,65,48,48,38,26,5,0],"gold":435,"neow_bonus":"RANDOM_COMMON_RELIC","is_prod":false,"is_daily":false,"chose_seed":false,"campfire_upgraded":2,"win_rate":0,"timestamp":1567398548,"path_taken":["M","$","M","M","?","E","R","E","T","?","M","M","R","?","R","BOSS","M","?","M","M","M","E"],"build_version":"2019-08-26","purchased_purges":0,"victory":false,"max_hp_per_floor":[75,75,75,75,75,75,75,80,80,80,80,80,80,80,80,80,80,80,80,80,80,80,80],"card_choices":[{"not_picked":["Go for the Eyes","Conserve Battery"],"picked":"Leap","floor":1.0},{"not_picked":["Compile Driver","Barrage"],"picked":"Cold Snap","floor":3.0},{"not_picked":["Compile Driver","Fusion"],"picked":"Static Discharge","floor":4.0},{"not_picked":["Reboot","Reprogram"],"picked":"Rebound","floor":6.0},{"not_picked":["All For One","Steam"],"picked":"Undo","floor":8.0},{"not_picked":["Skim","Gash"],"picked":"Conserve Battery","floor":11.0},{"not_picked":["Hologram","Go for the Eyes"],"picked":"Cold Snap","floor":12.0},{"not_picked":["Beam Cell","Tempest"],"picked":"Turbo","floor":14.0},{"not_picked":["Multi-Cast","Thunder Strike"],"picked":"Core Surge","floor":16.0},{"not_picked":["Beam Cell","Gash+1"],"picked":"Cold Snap","floor":18.0},{"not_picked":["White Noise","Undo"],"picked":"Redo+1","floor":20},{"not_picked":["Tempest","Redo"],"picked":"Turbo+1","floor":21},{"not_picked":["Conserve Battery","Barrage+1"],"picked":"Consume+1","floor":22}],"player_experience":213706,"relics_obtained":[{"floor":6.0,"key":"Anchor"},{"floor":8.0,"key":"Happy Flower"},{"floor":9.0,"key":"Lantern"}],"event_choices":[{"damage_healed":0.0,"max_hp_gain":0.0,"max_hp_loss":0.0,"gold_gain":75.0,"event_name":"World of Goop","player_choice":"Gather Gold","floor":5.0,"gold_loss":0.0,"damage_taken":11.0},{"damage_healed":0.0,"max_hp_gain":0.0,"max_hp_loss":0.0,"gold_gain":0.0,"event_name":"Lab","player_choice":"Got Potions","floor":10.0,"gold_loss":0.0,"damage_taken":0.0},{"damage_healed":0,"gold_gain":0,"player_choice":"Rummage","damage_taken":0,"relics_obtained":["WarpedTongs"],"max_hp_gain":0,"max_hp_loss":0,"event_name":"Accursed Blacksmith","floor":19,"gold_loss":0,"cards_obtained":["Pain"]}],"is_beta":true,"boss_relics":[{"not_picked":["Black Star","Pandora\u0027s Box"],"picked":"Fusion Hammer"}],"items_purged_floors":[],"is_endless":false,"potions_floor_spawned":[4,8,14,21,22],"killed_by":"Gremlin Leader","ascension_level":10}