{"gold_per_floor":[16,16,34,49,67,367,182,182,182,199,199,212,223,240,240,340,340,355,367,387,39,138,165,165,181,181,181,200,219,219,20,20,124,124,136,136,136,56,70,70,86,112,124,161,173,196,5,5],"floor_reached":48,"playtime":3681,"items_purged":["Strike_R","Strike_R","Strike_R"],"score":607,"play_id":"140626cc-1b00-4972-80ba-2465f8584c62","local_time":"20190822183150","is_ascension_mode":true,"campfire_choices":[{"floor":6,"key":"DIG"},{"floor":8,"key":"DIG"},{"floor":11,"key":"DIG"},{"floor":15,"key":"REST"},{"floor":24,"key":"DIG"},{"floor":27,"key":"DIG"},{"floor":30,"key":"DIG"},{"floor":32,"key":"DIG"},{"floor":40,"key":"DIG"}],"neow_cost":"NO_GOLD","seed_source_timestamp":623450698909100,"circlet_count":0,"master_deck":["Strike_R","Strike_R","Defend_R","Defend_R","Defend_R","Bash","Battle Trance","Seeing Red","Spot Weakness","Twin Strike","Madness","Body Slam","Juggernaut","Headbutt+1","Armaments","Reaper+1","Pommel Strike+1","Cleave+1","Iron Wave+1","Twin Strike+1","Feed+1","Ghostly Armor+1","Iron Wave+1","Double Tap","Seeing Red+1","Inflame+1","Blood for Blood+1","Infernal Blade+1","Cleave+1","Dropkick+1","Madness","Madness","Sword Boomerang+1"],"relics":["Burning Blood","Shovel","Old Coin","Ice Cream","Mummified Hand","Molten Egg 2","Runic Cube","Gremlin Horn","Paper Frog","Bottled Tornado","Art of War","Frozen Egg 2","Lee\u0027s Waffle","Boot","Fusion Hammer","Strawberry","MawBank","Pen Nib","Smiling Mask","Bag of Marbles"],"potions_floor_usage":[16,18,19,19,23,23,33,48],"damage_taken":[{"damage":21,"enemies":"Jaw Worm","floor":1,"turns":4},{"damage":11,"enemies":"Cultist","floor":3,"turns":4},{"damage":9,"enemies":"2 Louse","floor":4,"turns":2},{"damage":19,"enemies":"Blue Slaver","floor":5,"turns":4},{"damage":0,"enemies":"Large Slime","floor":10,"turns":4},{"damage":6,"enemies":"Lots of Slimes","floor":12,"turns":4},{"damage":43,"enemies":"Gremlin Gang","floor":13,"turns":6},{"damage":7,"enemies":"Exordium Wildlife","floor":14,"turns":3},{"damage":48,"enemies":"Hexaghost","floor":16,"turns":8},{"damage":30,"enemies":"Spheric Guardian","floor":18,"turns":5},{"damage":19,"enemies":"3 Byrds","floor":19,"turns":4},{"damage":28,"enemies":"Cultist and Chosen","floor":20,"turns":6},{"damage":27,"enemies":"Slavers","floor":23,"turns":3},{"damage":31,"enemies":"Shelled Parasite and Fungi","floor":25,"turns":6},{"damage":39,"enemies":"Snake Plant","floor":28,"turns":4},{"damage":42,"enemies":"Centurion and Healer","floor":29,"turns":10},{"damage":93,"enemies":"Champ","floor":33,"turns":12},{"damage":3,"enemies":"Orb Walker","floor":35,"turns":4},{"damage":6,"enemies":"3 Shapes","floor":39,"turns":4},{"damage":50,"enemies":"Spire Growth","floor":41,"turns":4},{"damage":16,"enemies":"Giant Head","floor":42,"turns":6},{"damage":24,"enemies":"Nemesis","floor":44,"turns":5},{"damage":24,"enemies":"Jaw Worm Horde","floor":46,"turns":3},{"damage":27,"enemies":"Sphere and 2 Shapes","floor":48,"turns":3}],"seed_played":"-9110592582614214896","potions_obtained":[{"floor":4,"key":"Explosive Potion"},{"floor":10,"key":"PowerPotion"},{"floor":12,"key":"LiquidBronze"},{"floor":16,"key":"Poison Potion"},{"floor":18,"key":"SteroidPotion"},{"floor":20,"key":"Dexterity Potion"},{"floor":23,"key":"Poison Potion"},{"floor":25,"key":"FairyPotion"},{"floor":42,"key":"Weak Potion"},{"floor":46,"key":"Energy Potion"}],"is_trial":false,"path_per_floor":["M","?","M","M","M","R","$","R","T","M","R","M","M","M","R","B",null,"M","M","M","$","?","E","R","M","T","R","M","M","R","$","R","B",null,"M","?","?","$","M","R","M","E","T","E","?","M","$","M"],"character_chosen":"IRONCLAD","items_purchased":["Twin Strike","Madness","Gremlin Horn","Lee\u0027s Waffle","Inflame+1","Bag of Marbles"],"campfire_rested":1,"item_purchase_floors":[7,7,21,31,38,47],"current_hp_per_floor":[65,80,75,72,59,59,59,59,59,65,65,65,28,27,51,9,80,63,60,60,60,60,71,71,57,57,57,29,17,17,91,91,15,91,91,91,91,91,95,102,58,73,73,55,42,24,24,0],"gold":5,"neow_bonus":"ONE_RARE_RELIC","is_prod":false,"is_daily":false,"chose_seed":false,"campfire_upgraded":0,"win_rate":0,"timestamp":1566491510,"path_taken":["M","?","M","M","M","R","$","R","T","?","R","M","?","M","R","BOSS","M","?","M","$","?","E","R","M","T","R","M","M","R","$","R","BOSS","M","?","?","$","?","R","?","E","T","E","?","M","?","M"],"build_version":"2019-07-17","purchased_purges":3,"victory":false,"max_hp_per_floor":[80,80,80,80,80,80,80,80,80,80,80,80,80,80,80,80,80,80,80,80,80,80,80,80,80,80,80,80,84,84,91,91,91,91,91,91,91,91,95,102,102,106,106,106,106,106,106,106],"card_choices":[{"not_picked":["Headbutt","Searing Blow"],"picked":"Battle Trance","floor":1},{"not_picked":["Shrug It Off","Thunderclap"],"picked":"Seeing Red","floor":3},{"not_picked":["Heavy Blade","Hemokinesis"],"picked":"Flex","floor":4},{"not_picked":["Clothesline","Flex"],"picked":"Spot Weakness","floor":5},{"not_picked":["Searing Blow","Clash"],"picked":"Body Slam","floor":10},{"not_picked":["Shrug It Off","Evolve"],"picked":"Juggernaut","floor":12},{"not_picked":["Body Slam+1","Infernal Blade"],"picked":"Headbutt+1","floor":13},{"not_picked":["Searing Blow+1","Headbutt+1"],"picked":"Armaments","floor":14},{"not_picked":["Impervious","Offering"],"picked":"Reaper+1","floor":16},{"not_picked":["Armaments","Thunderclap+1"],"picked":"Pommel Strike+1","floor":18},{"not_picked":["Warcry+1","Clothesline+1"],"picked":"Cleave+1","floor":19},{"not_picked":["Havoc","Bloodletting"],"picked":"Iron Wave+1","floor":20},{"not_picked":["Disarm","Headbutt+1"],"picked":"Twin Strike+1","floor":23},{"not_picked":["Twin Strike+1","Headbutt+1"],"picked":"Feed+1","floor":25},{"not_picked":["Warcry","Second Wind"],"picked":"Ghostly Armor+1","floor":28},{"not_picked":["Sword Boomerang+1","Clash+1"],"picked":"Iron Wave+1","floor":29},{"not_picked":["Bludgeon+1","Juggernaut+1"],"picked":"Double Tap","floor":33},{"not_picked":["Iron Wave+1","Carnage+1"],"picked":"Seeing Red+1","floor":35},{"not_picked":["Clash+1","Flex"],"picked":"Blood for Blood+1","floor":39},{"not_picked":["Reckless Charge+1","Second Wind"],"picked":"Infernal Blade+1","floor":41},{"not_picked":["Clothesline+1","Iron Wave+1"],"picked":"Cleave+1","floor":42},{"not_picked":["Sentinel","Pommel Strike+1"],"picked":"Dropkick+1","floor":44},{"not_picked":["Heavy Blade+1","True Grit"],"picked":"Sword Boomerang+1","floor":46}],"player_experience":133393,"relics_obtained":[{"floor":6,"key":"Old Coin"},{"floor":8,"key":"Ice Cream"},{"floor":9,"key":"Mummified Hand"},{"floor":11,"key":"Molten Egg 2"},{"floor":23,"key":"Paper Frog"},{"floor":24,"key":"Bottled Tornado"},{"floor":27,"key":"Art of War"},{"floor":30,"key":"Frozen Egg 2"},{"floor":32,"key":"Boot"},{"floor":40,"key":"Strawberry"},{"floor":42,"key":"MawBank"},{"floor":43,"key":"Pen Nib"},{"floor":44,"key":"Smiling Mask"}],"event_choices":[{"damage_healed":15,"gold_gain":0,"player_choice":"Full Heal","damage_taken":0,"max_hp_gain":0,"max_hp_loss":0,"event_name":"Wheel of Change","floor":2,"gold_loss":0},{"damage_healed":0,"gold_gain":99,"player_choice":"Stole From Cult","damage_taken":0,"max_hp_gain":0,"max_hp_loss":0,"event_name":"Nest","floor":22,"gold_loss":0},{"cards_removed":["Flex"],"damage_healed":0,"gold_gain":0,"player_choice":"Removed Skill","damage_taken":0,"max_hp_gain":0,"max_hp_loss":0,"event_name":"Falling","floor":36,"gold_loss":0},{"cards_removed":["Defend_R"],"damage_healed":0,"gold_gain":0,"player_choice":"Purged","damage_taken":0,"max_hp_gain":0,"max_hp_loss":0,"event_name":"Purifier","floor":37,"gold_loss":0},{"damage_healed":0,"gold_gain":0,"player_choice":"Embrace Madness","damage_taken":13,"max_hp_gain":0,"max_hp_loss":0,"event_name":"Winding Halls","floor":45,"gold_loss":0,"cards_obtained":["Madness","Madness"]}],"is_beta":false,"boss_relics":[{"not_picked":["White Beast Statue","Runic Pyramid"],"picked":"Runic Cube"},{"not_picked":["Runic Dome","Cursed Key"],"picked":"Fusion Hammer"}],"items_purged_floors":[7,21,47],"is_endless":false,"potions_floor_spawned":[4,10,12,16,18,20,23,25,42,46],"killed_by":"Sphere and 2 Shapes","ascension_level":2}