{"gold_per_floor":[111,124,124,124,145,145,183,206,255,255,298,380,400,423,423,423],"floor_reached":16,"playtime":810,"items_purged":[],"score":112,"play_id":"bfde8137-d73e-4954-97f7-a86c3252d741","local_time":"20190923151746","is_ascension_mode":false,"campfire_choices":[{"data":"Twin Strike","floor":6,"key":"SMITH"},{"data":"Fire Breathing","floor":15,"key":"SMITH"}],"neow_cost":"NONE","seed_source_timestamp":1108162635565704,"circlet_count":0,"master_deck":["Strike_R","Strike_R","Strike_R","Strike_R","Strike_R","Defend_R","Defend_R","Defend_R","Defend_R","Bash+1","Twin Strike+1","Thunderclap","Injury","Twin Strike+1","Fire Breathing+1","Dropkick+1","Headbutt+1","Headbutt+1","True Grit"],"relics":["Burning Blood","Golden Idol","Molten Egg 2","Bag of Preparation","InkBottle","Kunai"],"potions_floor_usage":[13],"damage_taken":[{"damage":0,"enemies":"2 Louse","floor":1,"turns":2},{"damage":7,"enemies":"Small Slimes","floor":2,"turns":4},{"damage":0,"enemies":"Cultist","floor":5,"turns":2},{"damage":33,"enemies":"3 Sentries","floor":7,"turns":8},{"damage":14,"enemies":"Blue Slaver","floor":8,"turns":4},{"damage":31,"enemies":"Lagavulin","floor":11,"turns":7},{"damage":0,"enemies":"Large Slime","floor":13,"turns":3},{"damage":8,"enemies":"Lots of Slimes","floor":14,"turns":4},{"damage":17,"enemies":"Hexaghost","floor":16,"turns":9}],"seed_played":"4236818265393463964","potions_obtained":[{"floor":5,"key":"ElixirPotion"},{"floor":11,"key":"Fire Potion"}],"is_trial":false,"path_per_floor":["M","M","?","?","M","R","E","M","T","?","E","T","M","M","R","B"],"character_chosen":"IRONCLAD","items_purchased":[],"campfire_rested":0,"item_purchase_floors":[],"current_hp_per_floor":[80,79,79,79,80,80,53,45,45,45,20,20,26,24,24,7],"gold":423,"neow_bonus":"UPGRADE_CARD","is_prod":false,"is_daily":false,"chose_seed":false,"campfire_upgraded":2,"win_rate":0,"timestamp":1569266266,"path_taken":["M","M","?","?","M","R","E","M","T","?","E","?","?","M","R","BOSS"],"build_version":"2019-09-23","purchased_purges":0,"victory":false,"max_hp_per_floor":[80,80,80,80,80,80,80,80,80,80,80,80,80,80,80,80],"card_choices":[{"not_picked":["Thunderclap","Power Through"],"picked":"Twin Strike","floor":1},{"not_picked":["Cleave","Sever Soul"],"picked":"Thunderclap","floor":2},{"not_picked":["Sword Boomerang","Headbutt"],"picked":"Twin Strike","floor":5},{"not_picked":["Flex","Flame Barrier"],"picked":"Fire Breathing","floor":7},{"not_picked":["Thunderclap+1","Bloodletting"],"picked":"Dropkick+1","floor":8},{"not_picked":["Berserk","Sentinel"],"picked":"Headbutt+1","floor":11},{"not_picked":["True Grit","Rampage+1"],"picked":"Headbutt+1","floor":13},{"not_picked":["Sword Boomerang+1","Searing Blow+1"],"picked":"True Grit","floor":14}],"player_experience":148541,"relics_obtained":[{"floor":7,"key":"Molten Egg 2"},{"floor":9,"key":"Bag of Preparation"},{"floor":11,"key":"InkBottle"},{"floor":12,"key":"Kunai"}],"event_choices":[{"damage_healed":0,"gold_gain":0,"player_choice":"Grow","damage_taken":0,"max_hp_gain":0,"max_hp_loss":0,"event_name":"Living Wall","floor":3,"gold_loss":0,"cards_upgraded":["Twin Strike"]},{"damage_healed":0,"gold_gain":0,"player_choice":"Take Wound","damage_taken":0,"relics_obtained":["Golden Idol"],"max_hp_gain":0,"max_hp_loss":0,"event_name":"Golden Idol","floor":4,"gold_loss":0,"cards_obtained":["Injury"]},{"damage_healed":0,"gold_gain":0,"player_choice":"Searched \u00271\u0027 times","damage_taken":0,"max_hp_gain":0,"max_hp_loss":0,"event_name":"Dead Adventurer","floor":10,"gold_loss":0}],"is_beta":true,"boss_relics":[],"items_purged_floors":[],"is_endless":false,"potions_floor_spawned":[5,11],"killed_by":"Hexaghost","ascension_level":0}