{"gold_per_floor":[115,27,27,102,102,102,0,13,13,38,63,100,123,169,181,290,302,327,264,50,50,33,33,49,60,60,60,105,105,115,214,214,315,315,329,66,86,106,122,122,157,157,157,173,193,193,193,193,193,193],"floor_reached":51,"playtime":3280,"items_purged":["Regret","Writhe"],"score":845,"play_id":"64506bf7-3602-40e7-a265-c534dd267f0a","local_time":"20190825164057","is_ascension_mode":true,"campfire_choices":[{"data":"Zap","floor":6.0,"key":"SMITH"},{"data":"Static Discharge","floor":15.0,"key":"SMITH"},{"data":"Blizzard","floor":23.0,"key":"SMITH"},{"data":"Capacitor","floor":27.0,"key":"SMITH"},{"data":"Consume","floor":29.0,"key":"SMITH"},{"data":"Glacier","floor":32.0,"key":"SMITH"},{"data":"Echo Form","floor":40.0,"key":"SMITH"},{"data":"Thunder Strike","floor":42.0,"key":"SMITH"},{"data":"Buffer","floor":47.0,"key":"SMITH"},{"data":"Conserve Battery","floor":49,"key":"SMITH"}],"neow_cost":"NONE","seed_source_timestamp":0,"circlet_count":0,"master_deck":["Strike_B","Strike_B","Strike_B+1","Defend_B+1","Defend_B+1","Defend_B+1","Defend_B","Zap+1","Dualcast","Leap","Capacitor+1","Ball Lightning","Conserve Battery+1","Ball Lightning","Rebound","Static Discharge+1","Consume+1","Hello World","Glacier+1","Amplify","Blizzard+1","Glacier","Hello World+1","Ball Lightning","Sunder+1","Electrodynamics","Echo Form+1","Hologram+1","Thunder Strike+1","Glacier+1","Rebound+1","Buffer+1"],"special_seed":0,"relics":["Cracked Core","NeowsBlessing","Ancient Tea Set","Pear","MawBank","Gambling Chip","Anchor","Nuclear Battery","War Paint","Unceasing Top","Lantern","Bag of Preparation","Snecko Eye","Bag of Marbles","Mercury Hourglass"],"potions_floor_usage":[50,50],"damage_taken":[{"damage":0.0,"enemies":"Small Slimes","floor":1.0,"turns":1.0},{"damage":0.0,"enemies":"2 Louse","floor":8.0,"turns":1.0},{"damage":0.0,"enemies":"Lagavulin","floor":10.0,"turns":1.0},{"damage":0.0,"enemies":"Cultist","floor":11.0,"turns":3.0},{"damage":15.0,"enemies":"3 Sentries","floor":12.0,"turns":6.0},{"damage":7.0,"enemies":"Exordium Thugs","floor":13.0,"turns":4.0},{"damage":22.0,"enemies":"Gremlin Nob","floor":14.0,"turns":4.0},{"damage":14.0,"enemies":"The Guardian","floor":16.0,"turns":10.0},{"damage":3.0,"enemies":"Shell Parasite","floor":18.0,"turns":7.0},{"damage":5.0,"enemies":"2 Thieves","floor":22.0,"turns":5.0},{"damage":7.0,"enemies":"Snake Plant","floor":24.0,"turns":5.0},{"damage":0.0,"enemies":"Centurion and Healer","floor":25.0,"turns":9.0},{"damage":0.0,"enemies":"Snecko","floor":30.0,"turns":5.0},{"damage":18.0,"enemies":"Automaton","floor":33.0,"turns":8.0},{"damage":0.0,"enemies":"3 Darklings","floor":35.0,"turns":3.0},{"damage":0.0,"enemies":"Orb Walker","floor":37.0,"turns":3.0},{"damage":0.0,"enemies":"4 Shapes","floor":38.0,"turns":3.0},{"damage":6.0,"enemies":"3 Darklings","floor":39.0,"turns":4.0},{"damage":0.0,"enemies":"Giant Head","floor":41.0,"turns":8.0},{"damage":0.0,"enemies":"Sphere and 2 Shapes","floor":44.0,"turns":4.0},{"damage":0.0,"enemies":"Spire Growth","floor":45.0,"turns":3.0},{"damage":0,"enemies":"Time Eater","floor":50,"turns":9}],"seed_played":"-2417260260367059244","potions_obtained":[{"floor":11.0,"key":"Strength Potion"},{"floor":12.0,"key":"Block Potion"},{"floor":13.0,"key":"Regen Potion"},{"floor":16.0,"key":"GamblersBrew"},{"floor":25.0,"key":"SkillPotion"},{"floor":41.0,"key":"Weak Potion"},{"floor":44.0,"key":"FocusPotion"}],"is_trial":false,"path_per_floor":["M","$","?","?","?","R","$","M","T","E","M","E","M","E","R","B",null,"M","?","$","?","M","R","M","M","T","R","T","R","M","?","R","B",null,"M","$","M","M","M","R","E","R","T","M","M","?","R","?","R","B",null],"character_chosen":"DEFECT","items_purchased":["Capacitor","Ball Lightning","Conserve Battery","Glacier","War Paint","Thunder Strike"],"campfire_rested":0,"item_purchase_floors":[2,2,7,20,20,36],"current_hp_per_floor":[75,75,60,49,49,49,49,49,59,59,59,44,37,27,27,13,85,82,82,82,82,77,77,70,70,70,70,70,70,70,70,70,52,85,85,85,85,85,79,79,79,79,79,79,79,79,79,79,79,79],"gold":193,"neow_bonus":"THREE_ENEMY_KILL","is_prod":false,"is_daily":false,"chose_seed":false,"campfire_upgraded":10,"win_rate":0,"timestamp":1566765657,"path_taken":["M","$","?","?","?","R","?","?","T","E","M","E","M","E","R","BOSS","M","?","$","?","M","R","M","M","T","R","?","R","M","?","R","BOSS","M","$","M","M","M","R","E","R","T","M","M","?","R","?","R","BOSS"],"build_version":"2019-08-23","purchased_purges":2,"victory":true,"max_hp_per_floor":[75,75,75,75,75,75,75,75,85,85,85,85,85,85,85,85,85,85,85,85,85,85,85,85,85,85,85,85,85,85,85,85,85,85,85,85,85,85,85,85,85,85,85,85,85,85,85,85,85,85],"card_choices":[{"not_picked":["Streamline","Sweeping Beam"],"picked":"Leap","floor":1.0},{"not_picked":["Streamline","Cold Snap"],"picked":"Ball Lightning","floor":8.0},{"not_picked":["Compile Driver","Turbo"],"picked":"Rebound","floor":10.0},{"not_picked":["Loop","Streamline"],"picked":"Static Discharge","floor":11.0},{"not_picked":["Chaos","Reinforced Body"],"picked":"Consume","floor":12.0},{"not_picked":["Sunder","Conserve Battery"],"picked":"Hello World","floor":13.0},{"not_picked":["Loop","Tempest"],"picked":"Glacier","floor":14.0},{"not_picked":["Meteor Strike","Reboot"],"picked":"Amplify","floor":16.0},{"not_picked":["Hologram","Cold Snap"],"picked":"Blizzard","floor":18.0},{"not_picked":["Gash+1","Rebound"],"picked":"Hello World+1","floor":22.0},{"not_picked":["Melter","Genetic Algorithm"],"picked":"Ball Lightning","floor":24.0},{"not_picked":["Barrage","Turbo"],"picked":"Sunder+1","floor":25.0},{"not_picked":["Hello World","Ball Lightning"],"picked":"Electrodynamics","floor":30.0},{"not_picked":["Biased Cognition","Amplify"],"picked":"Echo Form","floor":33.0},{"not_picked":["FTL","Skim+1"],"picked":"Hologram+1","floor":35.0},{"not_picked":["Darkness+1","Leap","Steam"],"picked":"SKIP","floor":37.0},{"not_picked":["Conserve Battery","Cold Snap+1"],"picked":"Glacier+1","floor":38.0},{"not_picked":["Sweeping Beam+1","Reinforced Body"],"picked":"Rebound+1","floor":39.0},{"not_picked":["BootSequence+1","Heatsinks+1","Leap+1"],"picked":"SKIP","floor":41.0},{"not_picked":["Blizzard","Conserve Battery"],"picked":"Streamline+1","floor":44.0},{"not_picked":["Rebound","Capacitor"],"picked":"Buffer","floor":45.0}],"player_experience":59299,"relics_obtained":[{"floor":9.0,"key":"Pear"},{"floor":10.0,"key":"MawBank"},{"floor":12.0,"key":"Gambling Chip"},{"floor":14.0,"key":"Anchor"},{"floor":26.0,"key":"Lantern"},{"floor":28.0,"key":"Bag of Preparation"},{"floor":41.0,"key":"Bag of Marbles"},{"floor":43.0,"key":"Mercury Hourglass"}],"event_choices":[{"damage_healed":0.0,"max_hp_gain":0.0,"max_hp_loss":0.0,"gold_gain":0.0,"event_name":"Shining Light","player_choice":"Entered Light","floor":3.0,"gold_loss":0.0,"damage_taken":15.0,"cards_upgraded":["Strike_B","Defend_B"]},{"damage_healed":0.0,"max_hp_gain":0.0,"max_hp_loss":0.0,"gold_gain":75.0,"event_name":"World of Goop","player_choice":"Gather Gold","floor":4.0,"gold_loss":0.0,"damage_taken":11.0},{"damage_healed":0.0,"max_hp_gain":0.0,"max_hp_loss":0.0,"gold_gain":0.0,"event_name":"Big Fish","player_choice":"Box","floor":5.0,"gold_loss":0.0,"damage_taken":0.0,"relics_obtained":["Ancient Tea Set"],"cards_obtained":["Regret"]},{"cards_removed":["Strike_B"],"damage_healed":0.0,"max_hp_gain":0.0,"max_hp_loss":0.0,"gold_gain":0.0,"event_name":"Beggar","player_choice":"Gave Gold","floor":19.0,"gold_loss":75.0,"damage_taken":0.0},{"damage_healed":0.0,"max_hp_gain":0.0,"max_hp_loss":0.0,"gold_gain":0.0,"event_name":"The Mausoleum","player_choice":"Opened","floor":21.0,"gold_loss":0.0,"damage_taken":0.0,"relics_obtained":["Unceasing Top"],"cards_obtained":["Writhe"]},{"damage_healed":0.0,"max_hp_gain":0.0,"max_hp_loss":0.0,"gold_gain":99.0,"event_name":"Nest","player_choice":"Stole From Cult","floor":31.0,"gold_loss":0.0,"damage_taken":0.0},{"damage_healed":0.0,"max_hp_gain":0.0,"max_hp_loss":0.0,"gold_gain":0.0,"event_name":"Mysterious Sphere","player_choice":"Ignored","floor":46.0,"gold_loss":0.0,"damage_taken":0.0},{"cards_removed":["Streamline"],"damage_healed":0.0,"max_hp_gain":0.0,"max_hp_loss":0.0,"gold_gain":0.0,"event_name":"Falling","player_choice":"Removed Attack","floor":48.0,"gold_loss":0.0,"damage_taken":0.0}],"is_beta":true,"boss_relics":[{"not_picked":["Sozu","Eternal Feather"],"picked":"Nuclear Battery"},{"not_picked":["Philosopher\u0027s Stone","Astrolabe"],"picked":"Snecko Eye"}],"items_purged_floors":[7,36],"is_endless":false,"potions_floor_spawned":[11,12,13,16,25,33,38,41,44],"ascension_level":2}