{"gold_per_floor":[364,364,378,553,568,568,598,598,598,34,34,46,65,98,98,98],"floor_reached":16,"playtime":490,"items_purged":["Doubt"],"score":149,"play_id":"2b6b89c9-8c68-4c6d-9831-35a6e1017c89","local_time":"20190608225726","is_ascension_mode":true,"campfire_choices":[{"data":"Zap","floor":6,"key":"SMITH"},{"floor":8,"key":"REST"},{"floor":15,"key":"REST"}],"neow_cost":"TEN_PERCENT_HP_LOSS","seed_source_timestamp":1590698661719000,"circlet_count":0,"master_deck":["Strike_B","Strike_B","Strike_B","Defend_B","Defend_B","Defend_B","Defend_B","Zap+1","Dualcast","Compile Driver","Beam Cell","Double Energy","Scrape","Loop","FTL","Cold Snap"],"relics":["Cracked Core","Gremlin Horn","Cables","Dead Branch","Anchor","The Courier","Singing Bowl"],"potions_floor_usage":[14,14,16,16],"damage_taken":[{"damage":0,"enemies":"2 Louse","floor":1,"turns":2},{"damage":7,"enemies":"Jaw Worm","floor":3,"turns":3},{"damage":7,"enemies":"Small Slimes","floor":5,"turns":3},{"damage":35,"enemies":"3 Sentries","floor":7,"turns":8},{"damage":0,"enemies":"Exordium Wildlife","floor":12,"turns":3},{"damage":6,"enemies":"3 Louse","floor":13,"turns":2},{"damage":22,"enemies":"Lagavulin","floor":14,"turns":5},{"damage":53,"enemies":"Hexaghost","floor":16,"turns":13}],"seed_played":"-5691526933245482217","potions_obtained":[{"floor":3,"key":"SneckoOil"},{"floor":12,"key":"Regen Potion"},{"floor":13,"key":"SkillPotion"},{"floor":14,"key":"Regen Potion"}],"is_trial":false,"path_per_floor":["M","?","M","?","M","R","E","R","T","$","T","M","M","E","R","B"],"character_chosen":"DEFECT","items_purchased":["Dead Branch","Anchor","Scrape"],"campfire_rested":2,"item_purchase_floors":[10,10,10],"current_hp_per_floor":[68,61,54,54,47,47,12,32,32,32,32,32,26,18,38,0],"gold":98,"neow_bonus":"TWO_FIFTY_GOLD","is_prod":false,"is_daily":false,"chose_seed":false,"campfire_upgraded":1,"win_rate":0,"timestamp":1560031046,"path_taken":["M","?","M","?","M","R","E","R","T","$","?","M","?","E","R","BOSS"],"build_version":"2019-01-23","purchased_purges":1,"victory":false,"max_hp_per_floor":[68,68,68,68,68,68,68,68,68,68,68,68,68,68,68,68],"card_choices":[{"not_picked":["Steam","Beam Cell"],"picked":"Compile Driver","floor":1},{"not_picked":["Hologram","Rebound"],"picked":"Beam Cell","floor":3},{"not_picked":["Aggregate","Ball Lightning","Force Field"],"picked":"SKIP","floor":5},{"not_picked":["Steam Power","Machine Learning"],"picked":"Double Energy","floor":7},{"not_picked":["Hello World","Steam"],"picked":"Loop","floor":12},{"not_picked":["Ball Lightning","Undo"],"picked":"FTL","floor":13},{"not_picked":["Stack","Turbo"],"picked":"Cold Snap","floor":14}],"player_experience":133622,"relics_obtained":[{"floor":7,"key":"Gremlin Horn"},{"floor":9,"key":"Cables"},{"floor":11,"key":"The Courier"},{"floor":14,"key":"Singing Bowl"}],"event_choices":[{"cards_removed":["Strike_B"],"damage_healed":0,"gold_gain":0,"player_choice":"Card Removal","damage_taken":7,"max_hp_gain":0,"max_hp_loss":0,"event_name":"Golden Wing","floor":2,"gold_loss":0},{"damage_healed":0,"gold_gain":175,"player_choice":"AGREE","damage_taken":0,"max_hp_gain":0,"max_hp_loss":0,"event_name":"Liars Game","floor":4,"gold_loss":0,"cards_obtained":["Doubt"]}],"is_beta":false,"boss_relics":[],"items_purged_floors":[10],"is_endless":false,"potions_floor_spawned":[3,12,13,14],"killed_by":"Hexaghost","ascension_level":7}