{"gold_per_floor":[16,16,34,109,123,123,152,152,152,164,164,164,14,31,31,130,130,141,141,159,159,179,179,193,226,226,226,36,36,69,69,69,69],"floor_reached":33,"playtime":815,"items_purged":["Strike_B","Writhe"],"score":433,"play_id":"6d70e587-4417-45e4-aa8f-5cae598b3d7b","local_time":"20190602010359","is_ascension_mode":true,"campfire_choices":[{"data":"Biased Cognition","floor":6,"key":"SMITH"},{"floor":11,"key":"REST"},{"floor":15,"key":"REST"},{"floor":23,"key":"REST"},{"floor":27,"key":"REST"},{"data":"Defragment","floor":29,"key":"SMITH"},{"data":"Capacitor","floor":32,"key":"SMITH"}],"neow_cost":"NO_GOLD","seed_source_timestamp":993163036172300,"circlet_count":0,"master_deck":["Strike_B","Strike_B","Defend_B","Defend_B","Defend_B","Defend_B","Zap+1","Dualcast","Biased Cognition+1","Leap","Ball Lightning","Steam","Echo Form","Cold Snap","Defragment+1","Reinforced Body+1","Turbo+1","Capacitor+1","Defragment"],"relics":["Cracked Core","Dodecahedron","Shuriken","Lantern","Cursed Key","FaceOfCleric","Potion Belt","Meat on the Bone","Happy Flower"],"potions_floor_usage":[16,25,25,30,33,33],"damage_taken":[{"damage":2,"enemies":"Small Slimes","floor":1,"turns":3},{"damage":2,"enemies":"Jaw Worm","floor":3,"turns":3},{"damage":1,"enemies":"Cultist","floor":5,"turns":3},{"damage":20,"enemies":"Lagavulin","floor":7,"turns":5},{"damage":7,"enemies":"3 Louse","floor":10,"turns":2},{"damage":0,"enemies":"Exordium Wildlife","floor":14,"turns":2},{"damage":0,"enemies":"Slime Boss","floor":16,"turns":6},{"damage":10,"enemies":"Shell Parasite","floor":18,"turns":6},{"damage":24,"enemies":"2 Thieves","floor":20,"turns":3},{"damage":10,"enemies":"Snecko","floor":22,"turns":4},{"damage":11,"enemies":"Snake Plant","floor":24,"turns":4},{"damage":5,"enemies":"Book of Stabbing","floor":25,"turns":6},{"damage":14,"enemies":"Gremlin Leader","floor":30,"turns":6},{"damage":51,"enemies":"Collector","floor":33,"turns":5}],"seed_played":"-6032058674053309329","potions_obtained":[{"floor":10,"key":"Explosive Potion"},{"floor":14,"key":"Weak Potion"},{"floor":16,"key":"FocusPotion"},{"floor":18,"key":"PowerPotion"},{"floor":25,"key":"Swift Potion"}],"is_trial":false,"path_per_floor":["M","?","M","?","M","R","E","?","T","M","R","?","$","M","R","B",null,"M","?","M","?","M","R","M","E","T","R","$","R","E","$","R","B"],"character_chosen":"DEFECT","items_purchased":["Ancient Potion","Defragment","PowerPotion"],"campfire_rested":4,"item_purchase_floors":[13,28,28],"current_hp_per_floor":[66,66,64,53,52,52,32,20,20,13,35,28,28,28,50,50,69,59,59,36,22,13,37,27,23,23,48,48,48,47,47,47,0],"gold":69,"neow_bonus":"THREE_RARE_CARDS","is_prod":false,"is_daily":false,"chose_seed":false,"campfire_upgraded":3,"win_rate":0,"timestamp":1559433839,"path_taken":["M","?","M","?","M","R","E","?","T","M","R","?","$","?","R","BOSS","M","?","?","?","M","R","M","E","T","R","?","R","E","$","R","BOSS"],"build_version":"2019-01-23","purchased_purges":2,"victory":false,"max_hp_per_floor":[75,75,75,75,75,75,75,75,75,75,75,75,75,75,75,75,75,75,75,76,81,82,82,83,84,84,84,84,84,85,85,85,85],"card_choices":[{"not_picked":["Thunder Strike","Seek"],"picked":"Biased Cognition","floor":0},{"not_picked":["Beam Cell","Double Energy"],"picked":"Leap","floor":1},{"not_picked":["Barrage","Gash"],"picked":"Ball Lightning","floor":3},{"not_picked":["Stack","Hyperbeam"],"picked":"Steam","floor":5},{"not_picked":["Sunder","Skim","Redo"],"picked":"SKIP","floor":7},{"not_picked":["Scrape","Sweeping Beam","Consume"],"picked":"SKIP","floor":10},{"not_picked":["Heatsinks","Conserve Battery","Steam Power"],"picked":"SKIP","floor":14},{"not_picked":["Rainbow","Buffer"],"picked":"Echo Form","floor":16},{"not_picked":["Streamline","Stack"],"picked":"Cold Snap","floor":18},{"not_picked":["Double Energy","Ball Lightning"],"picked":"Defragment","floor":20},{"not_picked":["Leap","Chaos"],"picked":"Reinforced Body+1","floor":22},{"not_picked":["Fusion","Tempest+1"],"picked":"Turbo+1","floor":24},{"not_picked":["Rebound","Cold Snap"],"picked":"Capacitor","floor":25},{"not_picked":["Conserve Battery+1","Hologram","Go for the Eyes+1"],"picked":"SKIP","floor":30}],"player_experience":125573,"relics_obtained":[{"floor":7,"key":"Dodecahedron"},{"floor":9,"key":"Lantern"},{"floor":25,"key":"Potion Belt"},{"floor":26,"key":"Meat on the Bone"},{"floor":30,"key":"Happy Flower"}],"event_choices":[{"damage_healed":0,"gold_gain":0,"player_choice":"Grow","damage_taken":0,"max_hp_gain":0,"max_hp_loss":0,"event_name":"Living Wall","floor":2,"gold_loss":0,"cards_upgraded":["Zap"]},{"damage_healed":0,"gold_gain":75,"player_choice":"Gather Gold","damage_taken":11,"max_hp_gain":0,"max_hp_loss":0,"event_name":"World of Goop","floor":4,"gold_loss":0},{"damage_healed":0,"gold_gain":0,"player_choice":"Success","damage_taken":12,"relics_obtained":["Shuriken"],"max_hp_gain":0,"max_hp_loss":0,"event_name":"Scrap Ooze","floor":8,"gold_loss":0},{"cards_removed":["Strike_B"],"damage_healed":0,"gold_gain":0,"player_choice":"Card Removal","damage_taken":7,"max_hp_gain":0,"max_hp_loss":0,"event_name":"Golden Wing","floor":12,"gold_loss":0},{"damage_healed":0,"gold_gain":0,"player_choice":"Trade","damage_taken":0,"relics_obtained":["FaceOfCleric"],"max_hp_gain":0,"max_hp_loss":0,"event_name":"FaceTrader","floor":19,"gold_loss":0},{"damage_healed":0,"gold_gain":0,"player_choice":"Shed Blood","damage_taken":19,"max_hp_gain":5,"max_hp_loss":0,"event_name":"Forgotten Altar","floor":21,"gold_loss":0}],"is_beta":false,"boss_relics":[{"not_picked":["Calling Bell","Orrery"],"picked":"Cursed Key"}],"items_purged_floors":[13,28],"is_endless":false,"potions_floor_spawned":[10,14,16,18,22,25],"killed_by":"Collector","ascension_level":6}