{"gold_per_floor":[118,132,132,132,132,164,178,208,233,233,560,560,578,578,578,578],"floor_reached":16,"playtime":1249,"items_purged":[],"score":194,"play_id":"8c8a1fc7-ca47-43c5-9518-36eab6bc9844","local_time":"20190921003306","is_ascension_mode":true,"campfire_choices":[{"data":"Genetic Algorithm","floor":10,"key":"SMITH"},{"data":"Leap","floor":12,"key":"SMITH"},{"data":"Electrodynamics","floor":15,"key":"SMITH"}],"neow_cost":"NONE","seed_source_timestamp":199167546966570,"circlet_count":0,"master_deck":["AscendersBane","Strike_B","Strike_B","Strike_B","Strike_B","Defend_B","Defend_B","Defend_B","Defend_B","Zap","Dualcast","Rebound","Heatsinks","Regret","Leap+1","Genetic Algorithm+1","Electrodynamics+1","Coolheaded"],"relics":["Coffee Dripper","PreservedInsect","Sundial","Gambling Chip","Toy Ornithopter","Old Coin"],"potions_floor_usage":[11,13],"damage_taken":[{"damage":0,"enemies":"Small Slimes","floor":1,"turns":3},{"damage":0,"enemies":"2 Louse","floor":2,"turns":3},{"damage":31,"enemies":"Lagavulin","floor":6,"turns":6},{"damage":7,"enemies":"Jaw Worm","floor":7,"turns":5},{"damage":23,"enemies":"3 Sentries","floor":11,"turns":7},{"damage":11,"enemies":"Blue Slaver","floor":13,"turns":3},{"damage":5,"enemies":"The Guardian","floor":16,"turns":4}],"seed_played":"7833180045545388771","potions_obtained":[{"floor":6,"key":"Swift Potion"},{"floor":7,"key":"SteroidPotion"}],"is_trial":false,"path_per_floor":["M","M","?","?","?","E","M","?","T","R","E","R","M","?","R","B"],"character_chosen":"DEFECT","items_purchased":[],"campfire_rested":0,"item_purchase_floors":[],"current_hp_per_floor":[64,64,64,64,64,33,26,26,26,26,8,8,2,2,2,0],"gold":578,"neow_bonus":"BOSS_RELIC","is_prod":false,"is_daily":false,"chose_seed":false,"campfire_upgraded":3,"win_rate":0,"timestamp":1569040386,"path_taken":["M","M","?","?","?","E","M","?","T","R","E","R","M","?","R","BOSS"],"build_version":"2019-09-20","purchased_purges":0,"victory":false,"max_hp_per_floor":[71,71,71,71,71,71,71,71,71,71,71,71,71,71,71,71],"card_choices":[{"not_picked":["Sweeping Beam","Barrage"],"picked":"Rebound","floor":1},{"not_picked":["Rebound","Force Field"],"picked":"Heatsinks","floor":2},{"not_picked":["Turbo","Sweeping Beam"],"picked":"Leap","floor":6},{"not_picked":["Fission","Turbo"],"picked":"Genetic Algorithm","floor":7},{"not_picked":["Gash","Beam Cell"],"picked":"Electrodynamics","floor":11},{"not_picked":["Blizzard","Storm"],"picked":"Coolheaded","floor":13}],"player_experience":620113,"relics_obtained":[{"floor":6,"key":"Sundial"},{"floor":9,"key":"Toy Ornithopter"},{"floor":11,"key":"Old Coin"}],"event_choices":[{"damage_healed":0,"gold_gain":0,"player_choice":"Box","damage_taken":0,"relics_obtained":["PreservedInsect"],"max_hp_gain":0,"max_hp_loss":0,"event_name":"Big Fish","floor":3,"gold_loss":0,"cards_obtained":["Regret"]},{"damage_healed":0,"gold_gain":0,"player_choice":"Ignored","damage_taken":0,"max_hp_gain":0,"max_hp_loss":0,"event_name":"Shining Light","floor":4,"gold_loss":0},{"damage_healed":0,"gold_gain":0,"player_choice":"Ignored","damage_taken":0,"max_hp_gain":0,"max_hp_loss":0,"event_name":"Golden Wing","floor":5,"gold_loss":0},{"damage_healed":0,"gold_gain":30,"player_choice":"Searched \u00272\u0027 times","damage_taken":0,"relics_obtained":["Gambling Chip"],"max_hp_gain":0,"max_hp_loss":0,"event_name":"Dead Adventurer","floor":8,"gold_loss":0},{"damage_healed":0,"gold_gain":0,"player_choice":"Fled","damage_taken":0,"max_hp_gain":0,"max_hp_loss":0,"event_name":"Scrap Ooze","floor":14,"gold_loss":0}],"is_beta":true,"boss_relics":[],"items_purged_floors":[],"is_endless":false,"potions_floor_spawned":[6,7],"killed_by":"The Guardian","ascension_level":16}