{"gold_per_floor":[19,19,39,39,56,85,105,136,136,160,160,178,178,198,198,295,295,307,11,45,60,110,110,136,136,136,136,51,51,51,67,67,164,164,175,26,26,26,39,39,59,93,140,153,5,5,23,23,23,23],"floor_reached":51,"playtime":3281,"items_purged":[],"score":916,"play_id":"a5c774eb-39d9-4a22-8d6f-83a563703877","local_time":"20180718234702","is_ascension_mode":true,"campfire_choices":[{"data":"Go for the Eyes","floor":11,"key":"SMITH"},{"data":"Undo","floor":13,"key":"SMITH"},{"floor":15,"key":"REST"},{"data":"Hologram","floor":23,"key":"SMITH"},{"data":"Beam Cell","floor":25,"key":"SMITH"},{"data":"Hologram","floor":30,"key":"SMITH"},{"floor":32,"key":"REST"},{"floor":40,"key":"REST"},{"floor":46,"key":"REST"},{"floor":49,"key":"REST"}],"neow_cost":"NO_GOLD","seed_source_timestamp":686711074311320,"circlet_count":0,"master_deck":["Strike_B","Strike_B","Strike_B","Strike_B","Defend_B","Defend_B","Defend_B","Defend_B","Zap+1","Dualcast","All For One","Sweeping Beam","Go for the Eyes+1","Rebound","Go for the Eyes","Undo+1","All For One","Beam Cell+1","Gash","Stack","Hologram+1","Darkness+1","Gash+1","Stack","Echo Form","Gash+1","Gash"],"relics":["Cracked Core","Ornamental Fan","Centennial Puzzle","Matryoshka","Happy Flower","Potion Belt","Lizard Tail","Pen Nib","Red Mask","Omamori","Singing Bowl","Lantern","Dream Catcher","Mercury Hourglass","Orrery","Oddly Smooth Stone","Boot","Anchor"],"potions_floor_usage":[6,7,16,24,24,24,24,24,24,33,42,46,47,50,50,50,50],"damage_taken":[{"damage":0,"enemies":"2 Louse","floor":1,"turns":3},{"damage":0,"enemies":"Cultist","floor":3,"turns":3},{"damage":7,"enemies":"Jaw Worm","floor":5,"turns":2},{"damage":13,"enemies":"3 Sentries","floor":6,"turns":4},{"damage":3,"enemies":"3 Louse","floor":7,"turns":2},{"damage":21,"enemies":"Lagavulin","floor":8,"turns":5},{"damage":3,"enemies":"Blue Slaver","floor":12,"turns":3},{"damage":0,"enemies":"Exordium Thugs","floor":14,"turns":4},{"damage":18,"enemies":"Slime Boss","floor":16,"turns":5},{"damage":0,"enemies":"Chosen","floor":18,"turns":4},{"damage":22,"floor":20,"turns":4},{"damage":0,"enemies":"3 Byrds","floor":21,"turns":3},{"damage":11,"enemies":"Slavers","floor":24,"turns":3},{"damage":9,"enemies":"Snake Plant","floor":31,"turns":4},{"damage":44,"enemies":"Automaton","floor":33,"turns":7},{"damage":13,"enemies":"Flame Bruiser 1 Orb","floor":35,"turns":4},{"damage":6,"enemies":"3 Darklings","floor":39,"turns":3},{"damage":22,"enemies":"4 Shapes","floor":41,"turns":3},{"damage":51,"enemies":"Giant Head","floor":42,"turns":8},{"damage":3,"enemies":"Transient","floor":44,"turns":5},{"damage":18,"enemies":"Flame Bruiser 2 Orb","floor":47,"turns":3},{"damage":36,"enemies":"Awakened One","floor":50,"turns":11}],"seed_played":"-3669792322718501852","potions_obtained":[{"floor":1,"key":"Fire Potion"},{"floor":3,"key":"Regen Potion"},{"floor":6,"key":"Swift Potion"},{"floor":12,"key":"Strength Potion"},{"floor":16,"key":"FearPotion"},{"floor":18,"key":"EntropicBrew"},{"floor":24,"key":"SteroidPotion"},{"floor":33,"key":"SteroidPotion"},{"floor":41,"key":"SpeedPotion"},{"floor":42,"key":"Explosive Potion"},{"floor":47,"key":"Fire Potion"}],"is_trial":false,"path_per_floor":["M","?","M","?","M","E","M","E","T","T","R","M","R","M","R","B",null,"M","$","?","M","?","R","E","R","T","?","?","$","R","M","R","B",null,"M","$","?","?","M","R","M","E","T","M","$","R","M","?","R","B"],"character_chosen":"DEFECT","items_purchased":["Gash","Hologram","Pen Nib","Stack","Oddly Smooth Stone","Fruit Juice","SkillPotion"],"campfire_rested":5,"item_purchase_floors":[19,19,19,19,36,45,45],"current_hp_per_floor":[75,75,75,75,68,64,61,40,40,40,40,37,37,37,59,41,67,67,67,45,45,45,45,34,34,34,34,34,34,34,25,49,5,69,58,58,58,58,54,83,61,12,12,11,11,48,30,30,63,27],"gold":23,"neow_bonus":"THREE_RARE_CARDS","is_prod":false,"is_daily":false,"chose_seed":false,"campfire_upgraded":5,"win_rate":0,"timestamp":1531972022,"path_taken":["M","?","M","?","M","E","M","E","T","?","R","M","R","M","R","BOSS","M","$","?","M","?","R","E","R","T","?","?","?","R","?","R","BOSS","M","$","?","?","M","R","?","E","T","M","?","R","M","?","R","BOSS"],"build_version":"2018-07-12","purchased_purges":0,"victory":true,"max_hp_per_floor":[75,75,75,75,75,75,75,75,75,75,75,75,75,75,75,75,75,75,75,75,75,75,75,75,75,75,75,75,75,75,75,77,77,87,89,89,89,89,91,93,93,95,95,97,97,104,104,104,106,106],"card_choices":[{"not_picked":["Buffer","Biased Cognition"],"picked":"All For One","floor":0},{"not_picked":["Recycle","Cold Snap"],"picked":"Sweeping Beam","floor":1},{"not_picked":["Force Field","Compile Driver","Consume"],"picked":"SKIP","floor":3},{"not_picked":["White Noise","Lockon"],"picked":"Go for the Eyes","floor":5},{"not_picked":["Hologram","Reboot"],"picked":"Rebound","floor":6},{"not_picked":["Compile Driver","Barrage","Ball Lightning"],"picked":"SKIP","floor":7},{"not_picked":["Steam","Blizzard"],"picked":"Go for the Eyes","floor":8},{"not_picked":["Consume","Sweeping Beam"],"picked":"Undo","floor":12},{"not_picked":["Loop","Coolheaded","Blizzard"],"picked":"SKIP","floor":14},{"not_picked":["Hyperbeam","Thunder Strike"],"picked":"All For One","floor":16},{"not_picked":["White Noise","Ball Lightning"],"picked":"Beam Cell","floor":18},{"not_picked":["Ball Lightning","Compile Driver"],"picked":"Hologram","floor":20},{"not_picked":["Heatsinks+1","Barrage"],"picked":"Darkness+1","floor":21},{"not_picked":["Loop","BootSequence"],"picked":"Gash+1","floor":24},{"not_picked":["Blizzard","Compile Driver"],"picked":"Stack","floor":31},{"not_picked":["Stack","Genetic Algorithm","Aggregate"],"picked":"Singing Bowl","floor":32},{"not_picked":["Hyperbeam","Meteor Strike"],"picked":"Echo Form","floor":33},{"not_picked":["Steam","Go for the Eyes","Cold Snap"],"picked":"Singing Bowl","floor":34},{"not_picked":["Cold Snap+1","Recycle","Undo"],"picked":"Singing Bowl","floor":34},{"not_picked":["Beam Cell","Coolheaded","Storm"],"picked":"Singing Bowl","floor":34},{"not_picked":["Heatsinks+1","Double Energy","Ball Lightning"],"picked":"Singing Bowl","floor":34},{"not_picked":["Storm","Hologram","Conserve Battery"],"picked":"Singing Bowl","floor":34},{"not_picked":["Hello World","Barrage+1","Undo+1"],"picked":"Singing Bowl","floor":35},{"not_picked":["Ball Lightning","Barrage","Compile Driver"],"picked":"Singing Bowl","floor":39},{"not_picked":["Barrage+1","Ball Lightning","Conserve Battery"],"picked":"Singing Bowl","floor":40},{"not_picked":["Defragment+1","Hello World"],"picked":"Gash+1","floor":41},{"not_picked":["Redo+1","Glacier","Reinforced Body"],"picked":"Singing Bowl","floor":42},{"not_picked":["Chill","Melter+1","Beam Cell+1"],"picked":"Singing Bowl","floor":44},{"not_picked":["Steam+1","Compile Driver+1","Lockon"],"picked":"Singing Bowl","floor":46},{"not_picked":["Beam Cell","Amplify"],"picked":"Gash","floor":47},{"not_picked":["Capacitor+1","Ball Lightning+1","Steam+1"],"picked":"Singing Bowl","floor":49}],"player_experience":227702,"relics_obtained":[{"floor":6,"key":"Ornamental Fan"},{"floor":8,"key":"Centennial Puzzle"},{"floor":9,"key":"Matryoshka"},{"floor":10,"key":"Happy Flower"},{"floor":10,"key":"Potion Belt"},{"floor":20,"key":"Red Mask"},{"floor":24,"key":"Omamori"},{"floor":26,"key":"Singing Bowl"},{"floor":26,"key":"Lantern"},{"floor":42,"key":"Boot"},{"floor":43,"key":"Anchor"}],"event_choices":[{"event_name":"The Cleric","player_choice":"Leave","floor":2,"damage_taken":0},{"event_name":"Living Wall","player_choice":"Grow","floor":4,"damage_taken":0},{"event_name":"Masked Bandits","player_choice":"Fought over 11 gold","floor":20,"damage_taken":0},{"event_name":"The Joust","player_choice":"Bet on Murderer","floor":22,"damage_taken":0},{"event_name":"The Mausoleum","player_choice":"Yes","floor":27,"damage_taken":0},{"event_name":"Addict","player_choice":"Obtained Relic","floor":28,"damage_taken":0},{"event_name":"Wheel of Change","player_choice":"Curse","floor":37,"damage_taken":0},{"event_name":"Falling","player_choice":"Removed Skill","floor":38,"damage_taken":0},{"event_name":"Mysterious Sphere","player_choice":"Ignore","floor":48,"damage_taken":0}],"boss_relics":[{"not_picked":["Tiny House","Inserter"],"picked":"Lizard Tail"},{"not_picked":["Runic Pyramid","Coffee Dripper"],"picked":"Orrery"}],"items_purged_floors":[],"is_endless":false,"potions_floor_spawned":[1,3,6,12,16,18,24,33,41,42,47],"ascension_level":5}