{"path_per_floor":["M","M","?","M","?","R","E","M","T","?","E","?","M","M","R"],"character_chosen":"IRONCLAD","items_purchased":[],"gold_per_floor":[16,26,26,36,111,111,145,164,210,210,244,194,207,227,227,227],"floor_reached":16,"campfire_rested":1,"playtime":1012,"current_hp_per_floor":[93,94,87,93,82,82,68,68,68,94,75,75,56,35,63,28],"items_purged":[],"gold":227,"score":140,"play_id":"519ed5c5-c181-4221-9b03-1fde01e96acc","local_time":"20180401115400","is_prod":false,"is_daily":false,"is_ascension_mode":true,"campfire_upgraded":1,"timestamp":1522551240,"path_taken":["M","M","?","M","?","R","E","M","T","?","E","?","M","M","R","BOSS"],"build_version":"2018-03-29v2","purchased_purges":0,"victory":false,"master_deck":["Strike_R","Strike_R","Strike_R","Defend_R","Defend_R","Defend_R","Defend_R","Bash","Anger+1","Clothesline","Battle Trance","Reaper","Bloodletting","Havoc","Rage","Impervious"],"max_hp_per_floor":[94,94,94,94,94,94,94,94,94,94,94,94,94,94,94,94],"relics":["Burning Blood","Mango","Kunai","Juzu Bracelet","Dream Catcher"],"card_choices":[{"not_picked":["True Grit","Rage"],"picked":"Anger","floor":1},{"not_picked":["Shrug It Off","Rupture"],"picked":"Clothesline","floor":2},{"not_picked":["Feed","Clothesline"],"picked":"Battle Trance","floor":4},{"not_picked":["Havoc","Anger"],"picked":"Reaper","floor":7},{"not_picked":["Headbutt","Feel No Pain"],"picked":"Bloodletting","floor":11},{"not_picked":["Cleave","Clothesline"],"picked":"Havoc","floor":13},{"not_picked":["Havoc","Armaments"],"picked":"Rage","floor":14},{"not_picked":["Sentinel","Infernal Blade"],"picked":"Impervious","floor":15}],"player_experience":116074,"potions_floor_usage":[11,11,16],"damage_taken":[{"damage":7,"enemies":"Jaw Worm","floor":1,"turns":3},{"damage":0,"enemies":"Small Slimes","floor":2,"turns":3},{"damage":0,"enemies":"Cultist","floor":4,"turns":3},{"damage":20,"enemies":"Lagavulin","floor":7,"turns":5},{"damage":12,"enemies":"Looter","floor":8,"turns":3},{"damage":36,"enemies":"3 Sentries","floor":11,"turns":7},{"damage":33,"enemies":"Exordium Wildlife","floor":13,"turns":5},{"damage":35,"enemies":"Exordium Thugs","floor":14,"turns":5},{"damage":39,"enemies":"Hexaghost","floor":16,"turns":9}],"event_choices":[{"event_name":"Golden Wing","player_choice":"Card Removal","floor":3,"damage_taken":0},{"event_name":"World of Goop","player_choice":"Gather Gold","floor":5,"damage_taken":0},{"event_name":"Wheel of Change","player_choice":"Full Heal","floor":10,"damage_taken":0},{"event_name":"The Cleric","player_choice":"Card Removal","floor":12,"damage_taken":0}],"boss_relics":[],"potions_floor_spawned":[2,7,8],"seed_played":"3304344903452267662","killed_by":"Hexaghost","ascension_level":5,"is_trial":false}