{"gold_per_floor":[111,286,286,303,303,338,338,370,370,53,64,76,76,90,90,187,187,205,205,220,29,29,29,44,44,44,98,115,142,142,158,158,254,254,268,286,296,341,353,353,385,385,412,444,444,357,357,372,372,372],"floor_reached":50,"playtime":2471,"items_purged":["Doubt"],"score":772,"play_id":"44ae4676-6e13-4470-9e8f-200c18208b90","local_time":"20190604201155","is_ascension_mode":true,"campfire_choices":[{"data":"Zap","floor":7.0,"key":"SMITH"},{"floor":13.0,"key":"REST"},{"floor":15.0,"key":"REST"},{"floor":23.0,"key":"REST"},{"floor":25.0,"key":"REST"},{"floor":32,"key":"REST"},{"floor":40,"key":"REST"},{"data":"Double Energy","floor":45,"key":"SMITH"},{"data":"Creative AI","floor":47,"key":"SMITH"},{"data":"Defragment","floor":49,"key":"SMITH"}],"neow_cost":"NONE","seed_source_timestamp":1227829605274200,"circlet_count":0,"master_deck":["Strike_B","Strike_B","Strike_B","Strike_B","Defend_B","Defend_B","Defend_B","Defend_B","Zap+1","Dualcast","Conserve Battery","Gash","Consume","Chill","Coolheaded","White Noise","Leap","BootSequence","Biased Cognition","Coolheaded","Turbo+1","Tempest+1","Defragment","Defragment+1","White Noise","Hologram","Creative AI+1","Double Energy+1","Cold Snap+1","White Noise+1","Coolheaded+1","Capacitor","Coolheaded+1","Doubt"],"special_seed":0,"relics":["Cracked Core","NeowsBlessing","Calipers","Happy Flower","Nunchaku","Prayer Wheel","ClockworkSouvenir","Runic Pyramid","Medical Kit","FaceOfCleric","Orichalcum","Lantern","Girya","Orrery","Turnip","Oddly Smooth Stone","FossilizedHelix"],"potions_floor_usage":[33,33,38,39,39,50],"damage_taken":[{"damage":0.0,"enemies":"Small Slimes","floor":1.0,"turns":1.0},{"damage":0.0,"enemies":"Jaw Worm","floor":4.0,"turns":1.0},{"damage":0.0,"enemies":"3 Sentries","floor":6.0,"turns":2.0},{"damage":37.0,"enemies":"Lagavulin","floor":8.0,"turns":8.0},{"damage":0.0,"enemies":"Cultist","floor":11.0,"turns":3.0},{"damage":13.0,"enemies":"Exordium Thugs","floor":12.0,"turns":6.0},{"damage":22.0,"enemies":"Lots of Slimes","floor":14.0,"turns":5.0},{"damage":4.0,"enemies":"The Guardian","floor":16.0,"turns":13.0},{"damage":0.0,"enemies":"Chosen","floor":18.0,"turns":5.0},{"damage":38.0,"enemies":"3 Byrds","floor":20.0,"turns":5.0},{"damage":15.0,"enemies":"Snake Plant","floor":24.0,"turns":6.0},{"damage":1.0,"enemies":"Snecko","floor":28.0,"turns":7.0},{"damage":17.0,"enemies":"Gremlin Leader","floor":29.0,"turns":11.0},{"damage":4.0,"enemies":"Centurion and Healer","floor":31.0,"turns":8.0},{"damage":47,"enemies":"Collector","floor":33,"turns":15},{"damage":26,"enemies":"Orb Walker","floor":35,"turns":5},{"damage":11,"enemies":"3 Shapes","floor":36,"turns":8},{"damage":0,"enemies":"Sphere and 2 Shapes","floor":37,"turns":8},{"damage":23,"enemies":"2 Orb Walkers","floor":38,"turns":3},{"damage":3,"enemies":"Jaw Worm Horde","floor":39,"turns":4},{"damage":17,"enemies":"Nemesis","floor":41,"turns":11},{"damage":47,"enemies":"Giant Head","floor":44,"turns":9},{"damage":0,"enemies":"Spire Growth","floor":48,"turns":8},{"damage":68,"enemies":"Time Eater","floor":50,"turns":7}],"seed_played":"7357979975276048328","potions_obtained":[{"floor":6.0,"key":"FearPotion"},{"floor":12.0,"key":"Fire Potion"},{"floor":16.0,"key":"GamblersBrew"},{"floor":18.0,"key":"Weak Potion"},{"floor":35,"key":"Explosive Potion"},{"floor":36,"key":"Weak Potion"},{"floor":48,"key":"EssenceOfSteel"}],"is_trial":false,"path_per_floor":["M","?","?","M","?","E","R","E","T","$","M","M","R","M","R","B",null,"M","?","M","$","?","R","M","R","T","T","M","E","?","M","R","B",null,"M","M","M","?","M","R","E","?","T","E","R","?","R","M","R","B"],"character_chosen":"DEFECT","items_purchased":["ClockworkSouvenir","Coolheaded","Medical Kit"],"campfire_rested":6,"item_purchase_floors":[10,10,21],"current_hp_per_floor":[68,68,56,56,61,61,61,24,24,24,24,11,35,13,37,33,68,68,53,15,15,15,40,26,51,51,51,51,35,35,32,58,12,71,46,36,37,15,13,41,25,96,96,50,50,50,50,51,51,0],"gold":372,"neow_bonus":"THREE_ENEMY_KILL","is_prod":false,"is_daily":false,"chose_seed":false,"campfire_upgraded":4,"win_rate":0,"timestamp":1559675515,"path_taken":["M","?","?","M","?","E","R","E","T","?","?","M","R","M","R","BOSS","M","?","M","$","?","R","?","R","T","?","M","E","?","M","R","BOSS","M","?","M","?","M","R","E","?","T","E","R","?","R","M","R","BOSS"],"build_version":"2019-01-23","purchased_purges":1,"victory":false,"max_hp_per_floor":[75,75,75,75,80,80,80,80,80,80,80,80,80,80,80,80,80,80,85,85,85,85,85,86,86,86,86,87,88,88,89,89,90,90,91,92,93,94,95,95,96,96,96,97,97,97,97,98,98,98],"card_choices":[{"not_picked":["Recycle","Steam"],"picked":"Conserve Battery","floor":1.0},{"not_picked":["Beam Cell","Ball Lightning"],"picked":"Gash","floor":4.0},{"not_picked":["Blizzard","Reboot"],"picked":"Consume","floor":6.0},{"not_picked":["Rebound","Ball Lightning"],"picked":"Chill","floor":8.0},{"not_picked":["Beam Cell","Auto Shields"],"picked":"White Noise","floor":11.0},{"not_picked":["Rebound","Fusion","Chaos"],"picked":"SKIP","floor":11.0},{"not_picked":["Sweeping Beam","Conserve Battery"],"picked":"Leap","floor":12.0},{"not_picked":["Force Field","White Noise","Fusion"],"picked":"SKIP","floor":12.0},{"not_picked":["Scrape","Heatsinks"],"picked":"BootSequence","floor":14.0},{"not_picked":["Stack","Go for the Eyes","Consume"],"picked":"SKIP","floor":14.0},{"not_picked":["Machine Learning","Core Surge"],"picked":"Biased Cognition","floor":16.0},{"not_picked":["Turbo","Sweeping Beam","Conserve Battery"],"picked":"SKIP","floor":18.0},{"not_picked":["Stack","Heatsinks+1","Storm"],"picked":"SKIP","floor":18.0},{"not_picked":["Ball Lightning","Reinforced Body"],"picked":"Coolheaded","floor":20.0},{"not_picked":["Force Field","Skim","Stack"],"picked":"SKIP","floor":20.0},{"not_picked":["Beam Cell+1","Redo"],"picked":"Turbo+1","floor":24.0},{"not_picked":["Darkness+1","Hologram+1","Go for the Eyes"],"picked":"SKIP","floor":24.0},{"not_picked":["Fusion","Turbo+1"],"picked":"Tempest+1","floor":28.0},{"not_picked":["Gash","Double Energy","Steam+1"],"picked":"SKIP","floor":28.0},{"not_picked":["Barrage+1","Ball Lightning"],"picked":"Defragment","floor":29.0},{"not_picked":["Force Field+1","Tempest"],"picked":"White Noise","floor":31},{"not_picked":["Stack","Storm+1"],"picked":"Hologram","floor":31},{"not_picked":["Biased Cognition","Meteor Strike"],"picked":"Creative AI","floor":33},{"not_picked":["Barrage","Compile Driver"],"picked":"Double Energy","floor":34},{"not_picked":["Rebound+1","Ball Lightning"],"picked":"Cold Snap+1","floor":34},{"not_picked":["Gash+1","FTL"],"picked":"White Noise+1","floor":35},{"not_picked":["Gash+1","Leap"],"picked":"Coolheaded+1","floor":35},{"not_picked":["Compile Driver","Amplify","Conserve Battery"],"picked":"SKIP","floor":36},{"not_picked":["Gash+1","Turbo","Streamline+1"],"picked":"SKIP","floor":36},{"not_picked":["Sweeping Beam+1","Coolheaded+1","Redo+1"],"picked":"SKIP","floor":37},{"not_picked":["Rebound+1","Multi-Cast","Melter"],"picked":"SKIP","floor":37},{"not_picked":["Gash+1","Barrage"],"picked":"Capacitor","floor":39},{"not_picked":["Compile Driver+1","Rip and Tear","Gash+1"],"picked":"SKIP","floor":39},{"not_picked":["Conserve Battery","Auto Shields+1"],"picked":"Coolheaded+1","floor":41},{"not_picked":["Chill+1","Biased Cognition","Leap"],"picked":"SKIP","floor":44},{"not_picked":["Leap","Beam Cell+1","Steam+1"],"picked":"SKIP","floor":48},{"not_picked":["Hologram","Reprogram","Darkness"],"picked":"SKIP","floor":48}],"player_experience":128425,"relics_obtained":[{"floor":6.0,"key":"Happy Flower"},{"floor":8.0,"key":"Nunchaku"},{"floor":9.0,"key":"Prayer Wheel"},{"floor":26.0,"key":"Orichalcum"},{"floor":27.0,"key":"Lantern"},{"floor":29.0,"key":"Girya"},{"floor":38,"key":"Turnip"},{"floor":44,"key":"Oddly Smooth Stone"}],"event_choices":[{"damage_healed":0.0,"max_hp_gain":0.0,"max_hp_loss":0.0,"gold_gain":175.0,"event_name":"Liars Game","player_choice":"AGREE","floor":2.0,"gold_loss":0.0,"damage_taken":0.0,"cards_obtained":["Doubt"]},{"damage_healed":0.0,"max_hp_gain":0.0,"max_hp_loss":0.0,"gold_gain":0.0,"event_name":"Scrap Ooze","player_choice":"Success","floor":3.0,"gold_loss":0.0,"damage_taken":12.0,"relics_obtained":["Calipers"]},{"damage_healed":0.0,"max_hp_gain":5.0,"max_hp_loss":0.0,"gold_gain":0.0,"event_name":"Big Fish","player_choice":"Donut","floor":5.0,"gold_loss":0.0,"damage_taken":0.0},{"damage_healed":0.0,"max_hp_gain":5.0,"max_hp_loss":0.0,"gold_gain":0.0,"event_name":"Forgotten Altar","player_choice":"Shed Blood","floor":19.0,"gold_loss":0.0,"damage_taken":20.0},{"damage_healed":0.0,"max_hp_gain":0.0,"max_hp_loss":0.0,"gold_gain":0.0,"event_name":"FaceTrader","player_choice":"Trade","floor":22.0,"gold_loss":0.0,"damage_taken":0.0,"relics_obtained":["FaceOfCleric"]},{"damage_healed":0.0,"max_hp_gain":0.0,"max_hp_loss":0.0,"gold_gain":0.0,"event_name":"Duplicator","player_choice":"Copied","floor":30.0,"gold_loss":0.0,"damage_taken":0.0,"cards_obtained":["Defragment"]},{"damage_healed":0,"gold_gain":0,"player_choice":"Fight","damage_taken":0,"max_hp_gain":0,"max_hp_loss":0,"event_name":"Mysterious Sphere","floor":38,"gold_loss":0},{"damage_healed":71,"gold_gain":0,"player_choice":"Heal","damage_taken":0,"max_hp_gain":0,"max_hp_loss":0,"event_name":"MindBloom","floor":42,"gold_loss":0,"cards_obtained":["Doubt"]},{"damage_healed":0,"gold_gain":0,"player_choice":"Paid Gold","damage_taken":0,"relics_obtained":["FossilizedHelix"],"max_hp_gain":0,"max_hp_loss":0,"event_name":"WeMeetAgain","floor":46,"gold_loss":87}],"is_beta":false,"boss_relics":[{"not_picked":["Fusion Hammer","Astrolabe"],"picked":"Runic Pyramid"},{"not_picked":["Lizard Tail","Runic Dome"],"picked":"Orrery"}],"items_purged_floors":[10],"is_endless":false,"potions_floor_spawned":[6,12,16,18,20,24,31,35,36,37,48],"killed_by":"Time Eater","ascension_level":6}