{"path_per_floor":["M","?","?","M","M","E","?","E","T","E","M","R","?","M","R","B",null,"M","?","$","M","M","E","?","R","T","M","R","M","M","M","R","B",null,"M","M","?","?","T","R","M","M","T","M","M","$","?","M","R","B"],"character_chosen":"IRONCLAD","items_purchased":["Champion Belt","Iron Wave","Magic Flower","Exhume","Strength Potion"],"gold_per_floor":[18,18,18,38,51,79,154,184,184,212,223,223,248,260,260,362,362,378,378,10,23,43,77,77,77,77,95,95,108,118,132,132,231,231,243,262,262,262,332,332,345,359,408,428,442,24,24,37,37,37],"floor_reached":51,"campfire_rested":1,"playtime":3691,"current_hp_per_floor":[80,80,80,74,80,54,43,32,32,22,19,43,44,50,50,18,65,79,64,64,49,71,24,24,24,24,28,28,42,42,42,42,23,37,42,46,46,46,46,46,46,50,50,46,50,50,57,64,64,64],"items_purged":[],"gold":37,"score":855,"play_id":"385b1191-e852-4f82-8f79-f29a6176df4c","local_time":"20180402100010","is_prod":false,"is_daily":false,"is_ascension_mode":true,"campfire_upgraded":6,"timestamp":1522630810,"path_taken":["M","?","?","M","M","E","?","E","T","E","M","R","?","M","R","BOSS","M","?","$","M","M","E","?","R","T","M","R","M","?","M","R","BOSS","M","M","?","?","?","R","M","M","T","M","M","$","?","M","R","BOSS"],"build_version":"2018-03-29v2","purchased_purges":0,"victory":true,"master_deck":["Strike_R","Strike_R","Strike_R","Defend_R","Defend_R","Defend_R+1","Bash","Sever Soul+1","Shrug It Off+1","Double Tap+1","Pommel Strike+1","Shrug It Off","Thunderclap+1","Metallicize+1","Impervious","Reaper+1","Spot Weakness+1","Iron Wave+1","Iron Wave+1","Wild Strike+1","Thunderclap+1","Ghostly","Ghostly","Ghostly","Ghostly","Ghostly","Warcry+1","Pommel Strike+1","Clash+1","Infernal Blade","Evolve+1","Feed+1","Wild Strike+1","Whirlwind+1","Clothesline+1","Flame Barrier+1","Whirlwind+1","Shockwave","Feel No Pain","Second Wind+1","Exhume+1","Battle Trance"],"max_hp_per_floor":[80,80,80,80,80,80,80,80,80,80,80,80,80,80,80,80,80,80,85,85,85,85,85,42,42,42,42,42,42,42,42,42,42,42,42,46,46,46,46,46,46,50,50,50,50,50,57,64,64,64],"relics":["Black Blood","Vajra","Molten Egg 2","Prayer Wheel","War Paint","Odd Mushroom","Champion Belt","Red Skull","Letter Opener","Philosopher\u0027s Stone","Bottled Flame","Art of War","Magic Flower","Strawberry"],"card_choices":[{"not_picked":["Anger","Armaments"],"picked":"Sever Soul","floor":1},{"not_picked":["Second Wind","Entrench"],"picked":"Shrug It Off","floor":4},{"not_picked":["Corruption","Flex"],"picked":"Headbutt","floor":5},{"not_picked":["Cleave","Rupture"],"picked":"Double Tap","floor":6},{"not_picked":["Combust","Armaments"],"picked":"Pommel Strike","floor":8},{"not_picked":["True Grit","Infernal Blade"],"picked":"Shrug It Off","floor":10},{"not_picked":["True Grit","Havoc"],"picked":"Thunderclap","floor":11},{"not_picked":["True Grit","Burning Pact"],"picked":"Metallicize","floor":13},{"not_picked":["Perfected Strike","Hemokinesis"],"picked":"Impervious","floor":14},{"not_picked":["Immolate","Dark Embrace"],"picked":"Reaper","floor":16},{"not_picked":["Shockwave","Burning Pact"],"picked":"Spot Weakness","floor":18},{"not_picked":["Flex","Anger"],"picked":"Iron Wave","floor":21},{"not_picked":["Armaments","Perfected Strike"],"picked":"Wild Strike","floor":22},{"not_picked":["Reckless Charge","Sword Boomerang"],"picked":"Thunderclap","floor":23},{"not_picked":["Combust","Fire Breathing"],"picked":"Warcry","floor":26},{"not_picked":["Cleave","Twin Strike"],"picked":"Pommel Strike","floor":27},{"not_picked":["Bloodletting","Flex"],"picked":"Clash","floor":29},{"not_picked":["Shrug It Off","Heavy Blade"],"picked":"Infernal Blade","floor":30},{"not_picked":["Intimidate","True Grit"],"picked":"Evolve","floor":31},{"not_picked":["Berserk","Offering"],"picked":"Feed","floor":33},{"not_picked":["Dropkick","Second Wind"],"picked":"Wild Strike","floor":35},{"not_picked":["Clothesline","Iron Wave"],"picked":"Whirlwind","floor":36},{"not_picked":["Flex","Perfected Strike"],"picked":"Clothesline","floor":39},{"not_picked":["Evolve","Warcry"],"picked":"Flame Barrier","floor":41},{"not_picked":["Perfected Strike","Corruption"],"picked":"Whirlwind","floor":42},{"not_picked":["Clash","Heavy Blade"],"picked":"Shockwave","floor":43},{"not_picked":["Armaments","Twin Strike"],"picked":"Feel No Pain","floor":44},{"not_picked":["Cleave","Shrug It Off"],"picked":"Second Wind","floor":45},{"not_picked":["Brutality","Uppercut"],"picked":"Battle Trance","floor":48}],"player_experience":121334,"potions_floor_usage":[8,10,29,33,33,42,50,50,50],"damage_taken":[{"damage":0,"enemies":"Small Slimes","floor":1,"turns":3},{"damage":12,"enemies":"Jaw Worm","floor":4,"turns":3},{"damage":0,"enemies":"Cultist","floor":5,"turns":3},{"damage":32,"enemies":"3 Sentries","floor":6,"turns":9},{"damage":17,"enemies":"Lagavulin","floor":8,"turns":5},{"damage":16,"enemies":"Gremlin Nob","floor":10,"turns":3},{"damage":9,"enemies":"Exordium Wildlife","floor":11,"turns":4},{"damage":5,"enemies":"The Mushroom Lair","floor":13,"turns":3},{"damage":0,"enemies":"Exordium Thugs","floor":14,"turns":3},{"damage":38,"enemies":"The Guardian","floor":16,"turns":15},{"damage":0,"enemies":"Chosen","floor":18,"turns":5},{"damage":25,"enemies":"Spheric Guardian","floor":21,"turns":4},{"damage":6,"enemies":"Snecko","floor":22,"turns":6},{"damage":57,"enemies":"Book of Stabbing","floor":23,"turns":8},{"damage":6,"enemies":"Chosen and Byrds","floor":27,"turns":7},{"damage":10,"enemies":"Snake Plant","floor":29,"turns":6},{"damage":0,"enemies":"Centurion and Healer","floor":30,"turns":7},{"damage":7,"enemies":"Slaver and Parasite","floor":31,"turns":7},{"damage":29,"enemies":"Automaton","floor":33,"turns":11},{"damage":2,"enemies":"Orb Walker","floor":35,"turns":3},{"damage":0,"enemies":"3 Darklings","floor":36,"turns":4},{"damage":10,"enemies":"Maw","floor":41,"turns":9},{"damage":1,"enemies":"Sphere and 2 Shapes","floor":42,"turns":4},{"damage":14,"enemies":"4 Shapes","floor":44,"turns":5},{"damage":11,"enemies":"3 Darklings","floor":45,"turns":7},{"damage":16,"enemies":"Sphere and 2 Shapes","floor":48,"turns":4},{"damage":40,"enemies":"Donu and Deca","floor":50,"turns":10}],"event_choices":[{"event_name":"The Cleric","player_choice":"Leave","floor":2,"damage_taken":0},{"event_name":"Bonfire Elementals","player_choice":"BASIC","floor":3,"damage_taken":0},{"event_name":"World of Goop","player_choice":"Gather Gold","floor":7,"damage_taken":0},{"event_name":"Mushrooms","player_choice":"Fought Mushrooms","floor":13,"damage_taken":0},{"event_name":"Forgotten Altar","player_choice":"Shed Blood","floor":19,"damage_taken":0},{"event_name":"Ghosts","player_choice":"Became a Ghost","floor":24,"damage_taken":0},{"event_name":"Mysterious Sphere","player_choice":"Ignore","floor":37,"damage_taken":0},{"event_name":"Wheel of Change","player_choice":"Relic","floor":47,"damage_taken":0}],"boss_relics":[{"not_picked":["Velvet Choker","Runic Dome"],"picked":"Black Blood"},{"not_picked":["Astrolabe","Black Star"],"picked":"Philosopher\u0027s Stone"}],"potions_floor_spawned":[1,8,10,11,16,22,23,27,31,35,36,44,48],"seed_played":"7738198007571583951","ascension_level":5,"is_trial":false}