{"gold_per_floor":[16,36,46,56,72,103,58,78,78,78,94,94,106,92,92,196,196,212,227,54,65,65,65,65,65],"floor_reached":25,"playtime":1200,"items_purged":["Strike_B"],"score":269,"play_id":"64872156-ece5-47ee-9896-8d190d490091","local_time":"20190505032429","is_ascension_mode":true,"campfire_choices":[{"floor":10.0,"key":"REST"},{"data":"Zap","floor":15,"key":"SMITH"},{"floor":23,"key":"REST"}],"neow_cost":"NO_GOLD","seed_source_timestamp":46441743654300,"circlet_count":0,"master_deck":["Strike_B","Strike_B","Defend_B","Defend_B","Defend_B","Defend_B","Zap+1","Dualcast","Go for the Eyes","Recycle+1","Steam","Steam","Self Repair","Gash","Steam","Reboot","BootSequence","FTL","Go for the Eyes"],"special_seed":0,"relics":["Cracked Core","Unceasing Top","Anchor","Bottled Lightning","Philosopher\u0027s Stone"],"potions_floor_usage":[16,25],"damage_taken":[{"damage":6.0,"enemies":"Cultist","floor":1.0,"turns":3.0},{"damage":4.0,"enemies":"Jaw Worm","floor":2.0,"turns":3.0},{"damage":5.0,"enemies":"2 Louse","floor":3.0,"turns":2.0},{"damage":20.0,"enemies":"Exordium Wildlife","floor":4.0,"turns":4.0},{"damage":5.0,"enemies":"Lots of Slimes","floor":5.0,"turns":5.0},{"damage":20.0,"enemies":"3 Sentries","floor":6.0,"turns":8.0},{"damage":5.0,"enemies":"Large Slime","floor":8.0,"turns":5.0},{"damage":0.0,"enemies":"Blue Slaver","floor":11.0,"turns":3.0},{"damage":14,"enemies":"Gremlin Gang","floor":13,"turns":6},{"damage":0,"enemies":"Exordium Thugs","floor":14,"turns":4},{"damage":45,"enemies":"The Guardian","floor":16,"turns":12},{"damage":6,"enemies":"Spheric Guardian","floor":18,"turns":3},{"damage":24,"enemies":"3 Byrds","floor":19,"turns":4},{"damage":47,"enemies":"Sentry and Sphere","floor":21,"turns":6},{"damage":45,"enemies":"Slavers","floor":25,"turns":4}],"seed_played":"-6484345120092049018","potions_obtained":[{"floor":1.0,"key":"SkillPotion"},{"floor":4.0,"key":"Swift Potion"},{"floor":6.0,"key":"Dexterity Potion"},{"floor":8.0,"key":"Strength Potion"},{"floor":14,"key":"Regen Potion"},{"floor":18,"key":"Ancient Potion"},{"floor":21,"key":"GamblersBrew"}],"is_trial":false,"path_per_floor":["M","M","M","M","M","E","$","M","T","R","M","?","M","M","R","B",null,"M","M","$","M","?","R","$","E"],"character_chosen":"DEFECT","items_purchased":["Gash","FTL","Go for the Eyes"],"campfire_rested":2,"item_purchase_floors":[7,20,20],"current_hp_per_floor":[69,65,60,40,35,15,15,17,17,39,46,46,39,46,46,23,75,75,58,58,18,18,40,40,0],"gold":65,"neow_bonus":"ONE_RARE_RELIC","is_prod":false,"is_daily":false,"chose_seed":false,"campfire_upgraded":1,"win_rate":0,"timestamp":1557023069,"path_taken":["M","?","M","M","M","E","$","M","T","R","M","?","M","M","R","BOSS","M","M","$","M","?","R","?","E"],"build_version":"2019-01-23","purchased_purges":1,"victory":false,"max_hp_per_floor":[75,75,75,75,75,75,75,75,75,75,75,75,75,75,75,75,75,75,75,75,75,75,75,75,75],"card_choices":[{"not_picked":["Compile Driver","Ball Lightning","Sweeping Beam"],"picked":"SKIP","floor":1.0},{"not_picked":["Doom and Gloom","Coolheaded"],"picked":"Go for the Eyes","floor":2.0},{"not_picked":["Rebound","Recycle","Static Discharge"],"picked":"SKIP","floor":3.0},{"not_picked":["Rebound","Static Discharge"],"picked":"Recycle","floor":3.0},{"not_picked":["Storm","Beam Cell"],"picked":"Steam","floor":4.0},{"not_picked":["Compile Driver","Rebound"],"picked":"Steam","floor":5.0},{"not_picked":["Capacitor","Echo Form"],"picked":"Self Repair","floor":6.0},{"not_picked":["Hologram","Sweeping Beam","Coolheaded"],"picked":"SKIP","floor":8.0},{"not_picked":["Streamline","Turbo","Conserve Battery"],"picked":"SKIP","floor":11.0},{"not_picked":["Storm","Hologram"],"picked":"Steam","floor":13},{"not_picked":["Turbo","Buffer","Reinforced Body"],"picked":"SKIP","floor":14},{"not_picked":["Fission","Thunder Strike"],"picked":"Reboot","floor":16},{"not_picked":["Genetic Algorithm+1","Conserve Battery","Auto Shields"],"picked":"SKIP","floor":18},{"not_picked":["Ball Lightning+1","Aggregate"],"picked":"BootSequence","floor":19},{"not_picked":["Streamline","Blizzard+1","Stack"],"picked":"SKIP","floor":21}],"player_experience":64232,"relics_obtained":[{"floor":6.0,"key":"Anchor"},{"floor":9.0,"key":"Bottled Lightning"}],"event_choices":[{"cards_removed":["Strike_B"],"damage_healed":0.0,"max_hp_gain":0.0,"max_hp_loss":0.0,"gold_gain":0.0,"event_name":"Bonfire Elementals","player_choice":"Offered Basic","floor":12.0,"gold_loss":0.0,"damage_taken":0.0},{"damage_healed":0,"gold_gain":0,"player_choice":"Forge","damage_taken":0,"max_hp_gain":0,"max_hp_loss":0,"event_name":"Accursed Blacksmith","floor":22,"gold_loss":0,"cards_upgraded":["Recycle"]}],"is_beta":false,"boss_relics":[{"not_picked":["Inserter","Runic Pyramid"],"picked":"Philosopher\u0027s Stone"}],"items_purged_floors":[20],"is_endless":false,"potions_floor_spawned":[1,4,6,8,14,18,21],"killed_by":"Slavers","ascension_level":3}