{"gold_per_floor":[110,110,127,140,65,90,90,116,116,140,61,77,106,119,119,224,224,240,250,610,627,627,627,653,670,670,670,296,296,4,22,22,125,125,140,154,154],"floor_reached":37,"playtime":1927,"items_purged":["Strike_R","Defend_R"],"score":495,"play_id":"9f7c9ac3-fbee-4299-943e-d032fa6d54d0","local_time":"20190915221852","is_ascension_mode":true,"campfire_choices":[{"data":"Wild Strike","floor":7.0,"key":"SMITH"},{"data":"Armaments","floor":15.0,"key":"SMITH"},{"data":"Body Slam","floor":23.0,"key":"SMITH"},{"data":"Fire Breathing","floor":27.0,"key":"SMITH"},{"data":"Power Through","floor":29.0,"key":"SMITH"},{"data":"Feed","floor":32,"key":"SMITH"}],"neow_cost":"NONE","seed_source_timestamp":113444264106100,"circlet_count":0,"master_deck":["Defend_R","Defend_R","Defend_R","Bash","Anger","Wild Strike+1","Intimidate","Body Slam+1","Fire Breathing+1","Armaments+1","Feed+1","Thunderclap","Barricade","Pommel Strike+1","Dual Wield+1","Discovery","Twin Strike+1","Bite","Bite","Bite","Bite","Bite","Power Through+1","Headbutt","Flex","Juggernaut","Battle Trance"],"special_seed":0,"relics":["Burning Blood","MealTicket","Ornamental Fan","Pear","PreservedInsect","Shuriken","Omamori","Pen Nib","Coffee Dripper","Bottled Tornado","Lizard Tail","Sling","Tiny Chest","TungstenRod","Runic Pyramid"],"potions_floor_usage":[37],"damage_taken":[{"damage":0.0,"enemies":"Small Slimes","floor":1.0,"turns":3.0},{"damage":14.0,"enemies":"Cultist","floor":3.0,"turns":5.0},{"damage":3.0,"enemies":"Jaw Worm","floor":4.0,"turns":4.0},{"damage":35.0,"enemies":"Gremlin Nob","floor":6.0,"turns":5.0},{"damage":21.0,"enemies":"Lagavulin","floor":8.0,"turns":5.0},{"damage":7.0,"enemies":"Large Slime","floor":12.0,"turns":5.0},{"damage":15.0,"enemies":"3 Sentries","floor":13.0,"turns":4.0},{"damage":18.0,"enemies":"Gremlin Gang","floor":14.0,"turns":6.0},{"damage":13.0,"enemies":"Slime Boss","floor":16.0,"turns":8.0},{"damage":0.0,"enemies":"Chosen","floor":18.0,"turns":3.0},{"damage":33.0,"enemies":"3 Byrds","floor":19.0,"turns":5.0},{"damage":26.0,"enemies":"Snake Plant","floor":21.0,"turns":4.0},{"damage":25.0,"enemies":"Gremlin Leader","floor":24.0,"turns":5.0},{"damage":26.0,"enemies":"Snecko","floor":25.0,"turns":6.0},{"damage":47,"enemies":"3 Cultists","floor":31,"turns":6},{"damage":86,"enemies":"Champ","floor":33,"turns":12},{"damage":59,"enemies":"3 Darklings","floor":35,"turns":7},{"damage":18,"enemies":"3 Shapes","floor":36,"turns":3},{"damage":42,"enemies":"2 Orb Walkers","floor":37,"turns":3}],"seed_played":"9070754282444480592","potions_obtained":[{"floor":3.0,"key":"FairyPotion"},{"floor":8.0,"key":"PowerPotion"},{"floor":12.0,"key":"Explosive Potion"},{"floor":21.0,"key":"FairyPotion"},{"floor":24.0,"key":"Block Potion"},{"floor":31,"key":"FearPotion"},{"floor":36,"key":"Dexterity Potion"}],"is_trial":false,"path_per_floor":["M","?","M","M","$","E","R","E","T","T","$","M","E","M","R","B",null,"M","M","?","M","?","R","E","M","T","R","$","R","$","M","R","B",null,"M","M","?"],"character_chosen":"IRONCLAD","items_purchased":["Fire Breathing","Sling","Tiny Chest","TungstenRod"],"campfire_rested":0,"item_purchase_floors":[11,28,28,30],"current_hp_per_floor":[80,80,72,75,80,61,61,46,46,46,61,60,51,42,42,35,93,96,72,18,29,29,29,27,15,15,15,30,30,45,13,13,29,76,33,33,0],"gold":154,"neow_bonus":"RANDOM_COMMON_RELIC","is_prod":false,"is_daily":false,"chose_seed":false,"campfire_upgraded":6,"win_rate":0,"timestamp":1568578732,"path_taken":["M","?","M","?","$","E","R","E","T","?","?","M","E","M","R","BOSS","M","M","?","?","?","R","E","M","T","R","$","R","$","M","R","BOSS","M","M","?"],"build_version":"2019-09-12","purchased_purges":2,"victory":false,"max_hp_per_floor":[80,80,80,80,80,90,90,90,90,90,90,90,90,93,93,93,93,96,99,99,99,69,69,73,73,73,73,73,73,73,76,76,76,76,76,76,80],"card_choices":[{"not_picked":["Pommel Strike","Havoc"],"picked":"True Grit","floor":1.0},{"not_picked":["Shockwave","Heavy Blade"],"picked":"Anger","floor":3.0},{"not_picked":["Anger","Perfected Strike"],"picked":"Wild Strike","floor":4.0},{"not_picked":["Anger","Sever Soul"],"picked":"Intimidate","floor":6.0},{"not_picked":["Heavy Blade","Ghostly Armor"],"picked":"Body Slam","floor":8.0},{"not_picked":["Carnage","Anger"],"picked":"Armaments","floor":12.0},{"not_picked":["Headbutt","Intimidate"],"picked":"Feed","floor":13.0},{"not_picked":["Armaments","Pommel Strike"],"picked":"Thunderclap","floor":14.0},{"not_picked":["Impervious","Exhume"],"picked":"Barricade","floor":16.0},{"not_picked":["Warcry","Burning Pact"],"picked":"Pommel Strike+1","floor":18.0},{"not_picked":["Perfected Strike","Clash"],"picked":"Dual Wield+1","floor":19.0},{"not_picked":["Havoc","Metallicize"],"picked":"Twin Strike+1","floor":21.0},{"not_picked":["Feel No Pain","Armaments"],"picked":"Power Through","floor":24.0},{"not_picked":["Sword Boomerang","Sentinel"],"picked":"Headbutt","floor":25.0},{"not_picked":["Clothesline","Bloodletting"],"picked":"Flex","floor":31},{"not_picked":["Dark Embrace","Fiend Fire"],"picked":"Juggernaut","floor":33},{"not_picked":["Cleave","Dual Wield"],"picked":"Battle Trance","floor":35},{"not_picked":["Seeing Red","Pommel Strike","Warcry"],"picked":"SKIP","floor":36}],"player_experience":247807,"relics_obtained":[{"floor":6.0,"key":"Pear"},{"floor":8.0,"key":"PreservedInsect"},{"floor":9.0,"key":"Shuriken"},{"floor":10.0,"key":"Omamori"},{"floor":13.0,"key":"Pen Nib"},{"floor":24.0,"key":"Bottled Tornado"},{"floor":26.0,"key":"Lizard Tail"}],"event_choices":[{"cards_removed":["True Grit"],"damage_healed":0.0,"max_hp_gain":0.0,"max_hp_loss":0.0,"gold_gain":0.0,"event_name":"WeMeetAgain","player_choice":"Gave Card","floor":2.0,"gold_loss":0.0,"damage_taken":0.0,"relics_obtained":["Ornamental Fan"]},{"damage_healed":0.0,"max_hp_gain":0.0,"max_hp_loss":0.0,"gold_gain":360.0,"event_name":"Knowing Skull","player_choice":"GOLD CARD GOLD GOLD GOLD ","floor":20.0,"potions_obtained":[],"gold_loss":0.0,"damage_taken":54.0,"cards_obtained":["Discovery"]},{"damage_healed":0.0,"max_hp_gain":0.0,"max_hp_loss":30.0,"gold_gain":0.0,"event_name":"Vampires","player_choice":"Became a vampire","floor":22.0,"gold_loss":0.0,"damage_taken":0.0,"cards_obtained":["Bite","Bite","Bite","Bite","Bite"]},{"damage_healed":0,"gold_gain":0,"player_choice":"Fight","damage_taken":0,"max_hp_gain":0,"max_hp_loss":0,"event_name":"Mysterious Sphere","floor":37,"gold_loss":0}],"is_beta":true,"boss_relics":[{"not_picked":["Tiny House","Runic Dome"],"picked":"Coffee Dripper"},{"not_picked":["Fusion Hammer","Philosopher\u0027s Stone"],"picked":"Runic Pyramid"}],"items_purged_floors":[5,28],"is_endless":false,"potions_floor_spawned":[3,8,12,14,21,24,31,36],"killed_by":"2 Orb Walkers","ascension_level":3}