{"gold_per_floor":[111,111,186,200,200,200,32,32,32,32,57,73,101,121,121,225,225,240,240,240,259,274,304,323,350,420,420,434,450,450,480,480,585,585,597,597,616,627,641,641,660,695,707,719,1006,1031,474,493,493,493,493,493,42,74,74],"floor_reached":55,"playtime":3827,"items_purged":["Pain","Regret"],"score":868,"play_id":"536fc447-902b-4661-b9e8-4700e4399803","local_time":"20190824224449","is_ascension_mode":true,"campfire_choices":[{"data":"Neutralize","floor":6.0,"key":"SMITH"},{"data":"Poisoned Stab","floor":8.0,"key":"SMITH"},{"data":"Survivor","floor":10.0,"key":"SMITH"},{"data":"Blade Dance","floor":15.0,"key":"SMITH"},{"floor":27.0,"key":"REST"},{"floor":30.0,"key":"REST"},{"data":"Setup","floor":32.0,"key":"SMITH"},{"floor":40.0,"key":"RECALL"},{"floor":44.0,"key":"REST"},{"floor":49.0,"key":"REST"},{"data":"After Image","floor":52.0,"key":"SMITH"}],"neow_cost":"NONE","seed_source_timestamp":0,"circlet_count":0,"master_deck":["Survivor+1","Neutralize+1","Prepared","Cloak And Dagger","Poisoned Stab+1","Bouncing Flask","Blade Dance+1","Finisher+1","Dagger Spray+1","Sucker Punch+1","Envenom","Blade Dance+1","Dodge and Roll+1","Predator+1","Choke+1","Setup+1","Sucker Punch+1","PiercingWail","Dagger Throw+1","Accuracy","Backflip+1","Outmaneuver+1","Prepared","Skewer+1","After Image+1","Bouncing Flask","Riddle With Holes+1","Prepared","Skewer+1","Storm of Steel","Blur","Dark Shackles+1","Master of Strategy+1","PanicButton","Flying Knee+1","Cloak And Dagger+1","Caltrops","Deflect","Infinite Blades+1","Dash+1","Panache","Parasite","Heel Hook+1","Sucker Punch+1"],"special_seed":0,"relics":["Ring of the Snake","NeowsBlessing","WarpedTongs","Molten Egg 2","Shuriken","Ninja Scroll","Astrolabe","Orichalcum","Ice Cream","Mercury Hourglass","Lantern","Pandora\u0027s Box","MawBank","War Paint","Chemical X","Boot","Bag of Marbles"],"potions_floor_usage":[],"damage_taken":[{"damage":0.0,"enemies":"Jaw Worm","floor":1.0,"turns":1.0},{"damage":0.0,"enemies":"2 Louse","floor":4.0,"turns":1.0},{"damage":0.0,"enemies":"3 Sentries","floor":11.0,"turns":1.0},{"damage":0.0,"enemies":"Cultist","floor":12.0,"turns":3.0},{"damage":18.0,"enemies":"Lagavulin","floor":13.0,"turns":4.0},{"damage":0.0,"enemies":"2 Fungi Beasts","floor":14.0,"turns":1.0},{"damage":18.0,"enemies":"Hexaghost","floor":16.0,"turns":5.0},{"damage":0.0,"enemies":"3 Byrds","floor":18.0,"turns":2.0},{"damage":0.0,"enemies":"Spheric Guardian","floor":21.0,"turns":1.0},{"damage":6.0,"enemies":"Snake Plant","floor":22.0,"turns":3.0},{"damage":6.0,"enemies":"Gremlin Leader","floor":23.0,"turns":5.0},{"damage":9.0,"enemies":"Centurion and Healer","floor":24.0,"turns":3.0},{"damage":39.0,"enemies":"Slavers","floor":25.0,"turns":4.0},{"damage":10.0,"enemies":"Shelled Parasite and Fungi","floor":28.0,"turns":4.0},{"damage":0.0,"enemies":"3 Cultists","floor":29.0,"turns":3.0},{"damage":3.0,"enemies":"Book of Stabbing","floor":31.0,"turns":3.0},{"damage":2.0,"enemies":"Champ","floor":33.0,"turns":7.0},{"damage":14.0,"enemies":"3 Shapes","floor":35.0,"turns":3.0},{"damage":0.0,"enemies":"Orb Walker","floor":37.0,"turns":3.0},{"damage":0.0,"enemies":"3 Darklings","floor":38.0,"turns":4.0},{"damage":1.0,"enemies":"Spire Growth","floor":39.0,"turns":3.0},{"damage":10.0,"enemies":"Transient","floor":41.0,"turns":5.0},{"damage":31.0,"enemies":"Reptomancer","floor":42.0,"turns":5.0},{"damage":3.0,"enemies":"Sphere and 2 Shapes","floor":46.0,"turns":4.0},{"damage":8.0,"enemies":"Writhing Mass","floor":48.0,"turns":5.0},{"damage":55.0,"enemies":"Time Eater","floor":50.0,"turns":10.0},{"damage":3.0,"enemies":"Shield and Spear","floor":54.0,"turns":5.0},{"damage":74,"enemies":"The Heart","floor":55,"turns":6}],"seed_played":"-4903569542927070978","potions_obtained":[{"floor":1.0,"key":"Poison Potion"},{"floor":12.0,"key":"Block Potion"},{"floor":14.0,"key":"Fruit Juice"},{"floor":21.0,"key":"Strength Potion"},{"floor":22.0,"key":"Explosive Potion"},{"floor":28.0,"key":"Regen Potion"},{"floor":31.0,"key":"Energy Potion"},{"floor":33.0,"key":"EssenceOfSteel"},{"floor":46.0,"key":"Dexterity Potion"}],"is_trial":false,"path_per_floor":["M","?","?","M","?","R","$","R","T","R","E","M","E","M","R","B",null,"M","?","?","M","M","E","M","E","T","R","M","M","R","E","R","B",null,"M","?","M","M","M","R","M","E","T","R","?","M","$","M","R","B",null,"R","$","E","B"],"character_chosen":"THE_SILENT","items_purchased":["Poisoned Stab","Bouncing Flask","War Paint","Panache","Regen Potion","AttackPotion","Chemical X","Boot","Energy Potion","Fire Potion"],"campfire_rested":4,"item_purchase_floors":[7,7,47,47,47,47,53,53,53,53],"current_hp_per_floor":[70,63,52,52,52,52,52,52,52,52,52,52,34,39,39,21,75,75,75,75,75,69,63,54,15,15,37,27,27,49,46,46,59,75,61,51,51,51,50,50,40,9,9,31,31,28,28,20,42,2,75,75,75,72,0],"gold":74,"neow_bonus":"THREE_ENEMY_KILL","is_prod":false,"is_daily":false,"chose_seed":false,"campfire_upgraded":6,"win_rate":0,"timestamp":1566679489,"path_taken":["M","?","?","M","?","R","$","R","T","R","E","M","E","?","R","BOSS","M","?","?","M","M","E","M","E","T","R","M","?","R","E","R","BOSS","M","?","M","M","M","R","M","E","T","R","?","M","$","M","R","BOSS","R","$","E","BOSS"],"build_version":"2019-07-17","purchased_purges":2,"victory":false,"max_hp_per_floor":[70,70,70,70,70,70,70,70,70,70,70,70,70,75,75,75,75,75,75,75,75,75,75,75,75,75,75,75,75,75,75,75,75,75,75,75,75,75,75,75,75,75,75,75,75,75,75,75,75,75,75,75,75,75,75],"card_choices":[{"not_picked":["Well Laid Plans","Expertise"],"picked":"Prepared","floor":1.0},{"not_picked":["Slice","Dodge and Roll"],"picked":"Cloak And Dagger","floor":4.0},{"not_picked":["Terror","Caltrops"],"picked":"Blade Dance","floor":11.0},{"not_picked":["Quick Slash+1","Setup"],"picked":"Finisher+1","floor":12.0},{"not_picked":["Leg Sweep","Bane+1"],"picked":"Dagger Spray+1","floor":13.0},{"not_picked":["Prepared","Underhanded Strike+1"],"picked":"Sucker Punch+1","floor":14.0},{"not_picked":["Phantasmal Killer","Doppelganger"],"picked":"Envenom","floor":16.0},{"not_picked":["PiercingWail","Endless Agony+1"],"picked":"Choke+1","floor":18.0},{"not_picked":["Backflip","Outmaneuver"],"picked":"PiercingWail","floor":21.0},{"not_picked":["PiercingWail","Flechettes+1","Tactician"],"picked":"SKIP","floor":22.0},{"not_picked":["Doppelganger","Dodge and Roll+1"],"picked":"Dagger Throw+1","floor":23.0},{"not_picked":["Underhanded Strike+1","Endless Agony+1"],"picked":"Accuracy","floor":24.0},{"not_picked":["PiercingWail","Flying Knee+1"],"picked":"Backflip+1","floor":25.0},{"not_picked":["Quick Slash+1","Dodge and Roll"],"picked":"Outmaneuver+1","floor":28.0},{"not_picked":["Sucker Punch+1","Underhanded Strike+1"],"picked":"Prepared","floor":29.0},{"not_picked":["Quick Slash+1","Bullet Time"],"picked":"Skewer+1","floor":31.0},{"not_picked":["Die Die Die+1","Glass Knife+1"],"picked":"After Image","floor":33.0},{"not_picked":["Flying Knee+1","Outmaneuver"],"picked":"Blur","floor":35.0},{"not_picked":["Swift Strike+1","Purity"],"picked":"Dark Shackles","floor":36.0},{"not_picked":["Enlightenment","Swift Strike+1"],"picked":"Master of Strategy","floor":36.0},{"not_picked":["Purity","Dramatic Entrance+1"],"picked":"PanicButton","floor":36.0},{"not_picked":["Predator+1","Noxious Fumes+1"],"picked":"Flying Knee+1","floor":37.0},{"not_picked":["Noxious Fumes","Bouncing Flask+1"],"picked":"Cloak And Dagger+1","floor":38.0},{"not_picked":["Well Laid Plans","Tactician+1"],"picked":"Caltrops","floor":39.0},{"not_picked":["Quick Slash+1","Poisoned Stab+1"],"picked":"Deflect","floor":41.0},{"not_picked":["Blade Dance+1","Slice+1"],"picked":"Infinite Blades+1","floor":42.0},{"not_picked":["Acrobatics+1","Poisoned Stab+1"],"picked":"Dash+1","floor":46.0},{"not_picked":["Deadly Poison","Wraith Form v2"],"picked":"Heel Hook+1","floor":48.0},{"not_picked":["Underhanded Strike+1","Masterful Stab+1"],"picked":"Sucker Punch+1","floor":54.0}],"player_experience":187956,"relics_obtained":[{"floor":9.0,"key":"Molten Egg 2"},{"floor":11.0,"key":"Shuriken"},{"floor":13.0,"key":"Ninja Scroll"},{"floor":23.0,"key":"Orichalcum"},{"floor":25.0,"key":"Ice Cream"},{"floor":26.0,"key":"Mercury Hourglass"},{"floor":31.0,"key":"Lantern"},{"floor":42.0,"key":"MawBank"},{"floor":54.0,"key":"Bag of Marbles"}],"event_choices":[{"cards_removed":["Defend_G"],"damage_healed":0.0,"max_hp_gain":0.0,"max_hp_loss":0.0,"gold_gain":0.0,"event_name":"Golden Wing","player_choice":"Card Removal","floor":2.0,"gold_loss":0.0,"damage_taken":7.0},{"damage_healed":0.0,"max_hp_gain":0.0,"max_hp_loss":0.0,"gold_gain":75.0,"event_name":"World of Goop","player_choice":"Gather Gold","floor":3.0,"gold_loss":0.0,"damage_taken":11.0},{"damage_healed":0.0,"max_hp_gain":0.0,"max_hp_loss":0.0,"gold_gain":0.0,"event_name":"Accursed Blacksmith","player_choice":"Rummage","floor":5.0,"gold_loss":0.0,"damage_taken":0.0,"relics_obtained":["WarpedTongs"],"cards_obtained":["Pain"]},{"damage_healed":0.0,"max_hp_gain":0.0,"max_hp_loss":0.0,"gold_gain":0.0,"event_name":"The Library","player_choice":"Read","floor":19.0,"gold_loss":0.0,"damage_taken":0.0,"cards_obtained":["Setup"]},{"damage_healed":0.0,"max_hp_gain":0.0,"max_hp_loss":0.0,"gold_gain":0.0,"cards_transformed":["Strike_G"],"event_name":"Transmorgrifier","player_choice":"Transformed","floor":20.0,"gold_loss":0.0,"damage_taken":0.0,"cards_obtained":["Sucker Punch"]},{"damage_healed":0.0,"max_hp_gain":0.0,"max_hp_loss":0.0,"gold_gain":0.0,"event_name":"SensoryStone","player_choice":"Memory 3","floor":36.0,"gold_loss":0.0,"damage_taken":10.0},{"damage_healed":0.0,"max_hp_gain":0.0,"max_hp_loss":0.0,"gold_gain":275.0,"event_name":"Golden Shrine","player_choice":"Desecrate","floor":45.0,"gold_loss":0.0,"damage_taken":0.0,"cards_obtained":["Regret"]}],"is_beta":false,"boss_relics":[{"not_picked":["Velvet Choker","Busted Crown"],"picked":"Astrolabe"},{"not_picked":["Cursed Key","Snecko Eye"],"picked":"Pandora\u0027s Box"}],"items_purged_floors":[7,47],"is_endless":false,"potions_floor_spawned":[1,12,14,21,22,28,29,31,33,46,48],"killed_by":"The Heart","ascension_level":2}