{"gold_per_floor":[119,130,305,305,328,369,369,409,458,458,458,471,486,486,486,486],"floor_reached":16,"playtime":1103,"items_purged":[],"score":110,"play_id":"0666379e-0b66-4785-ae41-09541b2581d9","local_time":"20181201135008","is_ascension_mode":false,"campfire_choices":[{"data":"Riddle With Holes","floor":7,"key":"SMITH"},{"floor":10,"key":"REST"},{"floor":15,"key":"REST"}],"neow_cost":"NONE","seed_source_timestamp":1433494608967231,"circlet_count":0,"master_deck":["Defend_G","Defend_G","Defend_G","Defend_G","Defend_G","Strike_G","Strike_G","Strike_G","Strike_G","Strike_G","Survivor","Neutralize","Dagger Throw","Riddle With Holes+1","Doubt","Injury","PiercingWail","Backflip","Blur","Regret","Prepared","Backstab"],"relics":["Ring of the Snake","Golden Idol","Frozen Egg 2","Art of War","Blood Vial","PreservedInsect","Kunai"],"potions_floor_usage":[6,8,16,16],"damage_taken":[{"damage":3,"enemies":"Jaw Worm","floor":1,"turns":6},{"damage":0,"enemies":"Small Slimes","floor":2,"turns":4},{"damage":0,"enemies":"2 Louse","floor":5,"turns":2},{"damage":33,"enemies":"3 Sentries","floor":6,"turns":12},{"damage":27,"enemies":"Lagavulin","floor":8,"turns":8},{"damage":15,"enemies":"Large Slime","floor":12,"turns":11},{"damage":3,"enemies":"Blue Slaver","floor":13,"turns":7},{"damage":50,"enemies":"Slime Boss","floor":16,"turns":11}],"seed_played":"5940302127372042133","potions_obtained":[{"floor":2,"key":"Weak Potion"},{"floor":5,"key":"FearPotion"},{"floor":8,"key":"Regen Potion"},{"floor":12,"key":"Explosive Potion"}],"is_trial":false,"path_per_floor":["M","M","?","?","M","E","R","E","T","R","?","M","M","T","R","B"],"character_chosen":"THE_SILENT","items_purchased":[],"campfire_rested":2,"item_purchase_floors":[],"current_hp_per_floor":[74,74,74,74,74,41,41,14,14,37,37,24,23,23,46,12],"gold":486,"neow_bonus":"TEN_PERCENT_HP_BONUS","is_prod":false,"is_daily":false,"chose_seed":false,"campfire_upgraded":1,"win_rate":0,"timestamp":1543690208,"path_taken":["M","M","?","?","M","E","R","E","T","R","?","M","M","?","R","BOSS"],"build_version":"2018-11-15","purchased_purges":0,"victory":false,"max_hp_per_floor":[77,77,77,77,77,77,77,77,77,77,77,77,77,77,77,77],"card_choices":[{"not_picked":["Outmaneuver","Blade Dance"],"picked":"Dagger Throw","floor":1},{"not_picked":["Skewer","Dagger Spray"],"picked":"Riddle With Holes","floor":2},{"not_picked":["Catalyst","Deadly Poison"],"picked":"PiercingWail","floor":5},{"not_picked":["Eviscerate","Deadly Poison"],"picked":"Backflip","floor":6},{"not_picked":["Catalyst","Reflex"],"picked":"Blur","floor":8},{"not_picked":["Flying Knee","Dash"],"picked":"Prepared","floor":12},{"not_picked":["Sucker Punch","Slice"],"picked":"Backstab","floor":13}],"player_experience":337473,"relics_obtained":[{"floor":6,"key":"Frozen Egg 2"},{"floor":8,"key":"Art of War"},{"floor":9,"key":"Blood Vial"},{"floor":14,"key":"Kunai"}],"event_choices":[{"damage_healed":0,"gold_gain":175,"player_choice":"AGREE","damage_taken":0,"max_hp_gain":0,"max_hp_loss":0,"event_name":"Liars Game","floor":3,"gold_loss":0,"cards_obtained":["Doubt"]},{"damage_healed":0,"gold_gain":0,"player_choice":"Take Wound","damage_taken":0,"relics_obtained":["Golden Idol"],"max_hp_gain":0,"max_hp_loss":0,"event_name":"Golden Idol","floor":4,"gold_loss":0,"cards_obtained":["Injury"]},{"damage_healed":0,"gold_gain":0,"player_choice":"Box","damage_taken":0,"relics_obtained":["PreservedInsect"],"max_hp_gain":0,"max_hp_loss":0,"event_name":"Big Fish","floor":11,"gold_loss":0,"cards_obtained":["Regret"]}],"is_beta":false,"boss_relics":[],"items_purged_floors":[],"is_endless":false,"potions_floor_spawned":[2,5,8,12],"killed_by":"Slime Boss","ascension_level":0}