{"gold_per_floor":[111,42,42,59,71,96,96,114,114,40,40,67,91,111,111,183,183,194,42,42,60,77,77,89,16,43,59,72,72,72,272,272,346,346,357,196,207,60,73,73,93,93,93,111,111,143,143,155,155,155],"floor_reached":51,"playtime":2652,"items_purged":["Strike_B"],"score":1129,"play_id":"9714fbd7-6da2-4964-b956-e55d527e79b2","local_time":"20190915224658","is_ascension_mode":true,"campfire_choices":[{"data":"Genetic Algorithm","floor":7.0,"key":"SMITH"},{"floor":11.0,"key":"REST"},{"floor":15,"key":"REST"},{"floor":23,"key":"REST"},{"floor":30,"key":"REST"},{"floor":32,"key":"REST"},{"data":"Defragment","floor":40,"key":"SMITH"},{"floor":42,"key":"REST"},{"floor":45,"key":"REST"},{"floor":49,"key":"REST"}],"neow_cost":"NONE","seed_source_timestamp":0,"circlet_count":0,"master_deck":["AscendersBane","Strike_B","Strike_B","Defend_B","Defend_B","Defend_B","Defend_B","Zap","Dualcast","Genetic Algorithm+1","Capacitor","Stack","Sweeping Beam","Go for the Eyes","Melter","Double Energy","Defragment+1","Barrage","Cold Snap","Echo Form","Cold Snap","Electrodynamics","Steam","Seek","Cold Snap","Defragment","Compile Driver+1","Loop","Amplify","Self Repair","Beam Cell+1","Scrape+1","Rainbow","Steam Power+1","Self Repair","Ball Lightning","Leap+1","Chaos+1","Shame","Capacitor+1","Stack+1","Core Surge"],"special_seed":0,"relics":["Cracked Core","InkBottle","Incense Burner","Nunchaku","Lizard Tail","Oddly Smooth Stone","SlaversCollar","Orrery","Enchiridion","Happy Flower","Cursed Key","Runic Capacitor","Shuriken","Dream Catcher"],"potions_floor_usage":[12,27,50,50],"damage_taken":[{"damage":7.0,"enemies":"Jaw Worm","floor":1.0,"turns":3.0},{"damage":0.0,"enemies":"Cultist","floor":4.0,"turns":3.0},{"damage":2.0,"enemies":"2 Louse","floor":5.0,"turns":3.0},{"damage":10.0,"enemies":"3 Sentries","floor":6.0,"turns":3.0},{"damage":16.0,"enemies":"Exordium Thugs","floor":8.0,"turns":5.0},{"damage":25,"enemies":"Lagavulin","floor":12,"turns":6},{"damage":0,"enemies":"Large Slime","floor":14,"turns":6},{"damage":14,"enemies":"Hexaghost","floor":16,"turns":13},{"damage":29,"enemies":"3 Byrds","floor":18,"turns":6},{"damage":5,"enemies":"Chosen","floor":21,"turns":3},{"damage":0,"enemies":"3 Cultists","floor":22,"turns":3},{"damage":12,"enemies":"Cultist and Chosen","floor":24,"turns":6},{"damage":14,"enemies":"Snake Plant","floor":27,"turns":5},{"damage":14,"enemies":"Shelled Parasite and Fungi","floor":28,"turns":4},{"damage":12,"enemies":"Champ","floor":33,"turns":12},{"damage":20,"enemies":"3 Shapes","floor":35,"turns":2},{"damage":11,"enemies":"3 Darklings","floor":37,"turns":5},{"damage":27,"enemies":"Writhing Mass","floor":39,"turns":7},{"damage":20,"enemies":"4 Shapes","floor":41,"turns":4},{"damage":0,"enemies":"Transient","floor":44,"turns":5},{"damage":35,"enemies":"Nemesis","floor":46,"turns":7},{"damage":27,"enemies":"3 Darklings","floor":48,"turns":5},{"damage":47,"enemies":"Donu and Deca","floor":50,"turns":7}],"seed_played":"2152765570395343266","potions_obtained":[{"floor":4.0,"key":"PowerPotion"},{"floor":6.0,"key":"AttackPotion"},{"floor":8.0,"key":"Strength Potion"},{"floor":12,"key":"Dexterity Potion"},{"floor":39,"key":"FocusPotion"}],"is_trial":false,"path_per_floor":["M","$","?","M","M","E","R","M","T","$","R","E","T","M","R","B",null,"M","$","?","M","M","R","M","$","T","M","M","$","R","?","R","B",null,"M","$","M","$","M","R","M","R","T","M","R","E","?","M","R","B",null],"character_chosen":"DEFECT","items_purchased":["Capacitor","Defragment","Orrery","Self Repair","Self Repair","Ball Lightning","Runic Capacitor"],"campfire_rested":8,"item_purchase_floors":[2,10,19,25,36,36,38],"current_hp_per_floor":[61,61,61,61,59,49,49,33,33,33,55,30,30,30,52,38,66,37,37,21,16,16,38,26,26,26,19,5,5,27,27,49,44,67,54,54,50,50,44,44,24,46,46,53,75,54,54,41,63,23],"gold":155,"neow_bonus":"RANDOM_COMMON_RELIC","is_prod":false,"is_daily":false,"chose_seed":false,"campfire_upgraded":2,"win_rate":0,"timestamp":1568602018,"path_taken":["M","$","?","?","M","E","R","M","T","?","R","E","?","M","R","BOSS","M","?","?","M","M","R","M","$","T","M","?","$","R","?","R","BOSS","M","$","M","$","M","R","M","R","T","M","R","E","?","M","R","BOSS"],"build_version":"2019-09-12","purchased_purges":1,"victory":true,"max_hp_per_floor":[75,75,75,75,75,75,75,75,75,75,75,75,75,75,75,75,75,75,75,75,75,75,75,75,75,75,75,75,75,75,75,75,75,75,75,75,75,75,75,75,75,75,75,75,75,75,75,75,75,75],"card_choices":[{"not_picked":["Beam Cell","Leap"],"picked":"Genetic Algorithm","floor":1.0},{"not_picked":["Compile Driver","Blizzard"],"picked":"Sweeping Beam","floor":4.0},{"not_picked":["Streamline","Hologram"],"picked":"Go for the Eyes","floor":5.0},{"not_picked":["Conserve Battery","Streamline"],"picked":"Melter","floor":6.0},{"not_picked":["Redo","Conserve Battery"],"picked":"Double Energy","floor":8.0},{"not_picked":["Recycle","Hologram"],"picked":"Barrage","floor":12},{"not_picked":["Blizzard","Genetic Algorithm"],"picked":"Cold Snap","floor":14},{"not_picked":["Hyperbeam","Seek"],"picked":"Echo Form","floor":16},{"not_picked":["Barrage","Stack+1"],"picked":"Cold Snap","floor":18},{"not_picked":["Streamline","Rip and Tear"],"picked":"Electrodynamics","floor":19},{"not_picked":["Beam Cell","Hello World"],"picked":"Steam","floor":19},{"not_picked":["Chaos","Sweeping Beam"],"picked":"Seek","floor":19},{"not_picked":["Scrape","Coolheaded"],"picked":"Cold Snap","floor":19},{"not_picked":["Coolheaded","Fusion"],"picked":"Defragment","floor":19},{"not_picked":["Sweeping Beam","Cold Snap"],"picked":"Compile Driver+1","floor":21},{"not_picked":["Barrage+1","Go for the Eyes"],"picked":"Loop","floor":22},{"not_picked":["Gash","Conserve Battery"],"picked":"Amplify","floor":24},{"not_picked":["Barrage","Cold Snap"],"picked":"Beam Cell+1","floor":27},{"not_picked":["Beam Cell","Force Field"],"picked":"Scrape+1","floor":28},{"not_picked":["Reboot","Hyperbeam"],"picked":"Rainbow","floor":33},{"not_picked":["Reinforced Body","Tempest"],"picked":"Steam Power+1","floor":35},{"not_picked":["Steam","Barrage","Coolheaded"],"picked":"SKIP","floor":37},{"not_picked":["Redo","Streamline"],"picked":"Leap+1","floor":39},{"not_picked":["Doom and Gloom+1","Sunder"],"picked":"Chaos+1","floor":41},{"not_picked":["Steam","Coolheaded"],"picked":"Capacitor+1","floor":44},{"not_picked":["Streamline","Self Repair"],"picked":"Stack+1","floor":46},{"not_picked":["Double Energy","Sweeping Beam","Turbo"],"picked":"SKIP","floor":48},{"not_picked":["Redo","Blizzard+1"],"picked":"Core Surge","floor":49}],"player_experience":441398,"relics_obtained":[{"floor":6.0,"key":"Incense Burner"},{"floor":9.0,"key":"Nunchaku"},{"floor":12,"key":"Lizard Tail"},{"floor":13,"key":"Oddly Smooth Stone"},{"floor":20,"key":"Enchiridion"},{"floor":26,"key":"Happy Flower"},{"floor":43,"key":"Shuriken"},{"floor":46,"key":"Dream Catcher"}],"event_choices":[{"damage_healed":0.0,"max_hp_gain":0.0,"max_hp_loss":0.0,"gold_gain":0.0,"cards_transformed":["Strike_B"],"event_name":"Transmorgrifier","player_choice":"Transformed","floor":3.0,"gold_loss":0.0,"damage_taken":0.0,"cards_obtained":["Stack"]},{"damage_healed":0,"gold_gain":0,"player_choice":"Obtained Book","damage_taken":16,"max_hp_gain":0,"max_hp_loss":0,"event_name":"Cursed Tome","floor":20,"gold_loss":0},{"damage_healed":0,"gold_gain":200,"player_choice":"Gold","damage_taken":0,"max_hp_gain":0,"max_hp_loss":0,"event_name":"Wheel of Change","floor":31,"gold_loss":0},{"damage_healed":0,"gold_gain":0,"player_choice":"Ignored","damage_taken":0,"max_hp_gain":0,"max_hp_loss":0,"event_name":"Mysterious Sphere","floor":47,"gold_loss":0}],"is_beta":true,"boss_relics":[{"not_picked":["Empty Cage","Busted Crown"],"picked":"SlaversCollar"},{"not_picked":["FrozenCore","Velvet Choker"],"picked":"Cursed Key"}],"items_purged_floors":[36],"is_endless":false,"potions_floor_spawned":[4,6,8,12,18,22,39,44],"ascension_level":13}