{"gold_per_floor":[110,126,136,150,150,150,185,185,260,287,300,300,375,404,404,404],"floor_reached":16,"playtime":903,"items_purged":[],"score":170,"play_id":"b6b4abd9-ce40-4a23-9bd9-4d6e38983012","local_time":"20190812205707","is_ascension_mode":false,"campfire_choices":[{"data":"Infernal Blade","floor":6,"key":"SMITH"},{"data":"Rage","floor":8,"key":"SMITH"},{"data":"Fire Breathing","floor":12,"key":"SMITH"},{"floor":15,"key":"REST"}],"neow_cost":"NONE","seed_source_timestamp":275684595246700,"circlet_count":0,"master_deck":["Strike_R","Strike_R","Strike_R","Strike_R","Defend_R","Defend_R","Defend_R","Defend_R","Bash","Rage+1","Ghostly Armor","Infernal Blade+1","Rampage","Carnage","Sword Boomerang","Fire Breathing+1","Heavy Blade","Thunderclap"],"relics":["Burning Blood","WingedGreaves","Letter Opener","Vajra","Gremlin Horn"],"potions_floor_usage":[16,16],"damage_taken":[{"damage":10,"enemies":"Cultist","floor":1,"turns":4},{"damage":8,"enemies":"Small Slimes","floor":2,"turns":4},{"damage":2,"enemies":"2 Louse","floor":3,"turns":4},{"damage":13,"enemies":"2 Fungi Beasts","floor":4,"turns":4},{"damage":16,"enemies":"3 Sentries","floor":7,"turns":5},{"damage":19,"enemies":"Gremlin Nob","floor":10,"turns":4},{"damage":0,"enemies":"Exordium Thugs","floor":11,"turns":2},{"damage":22,"enemies":"3 Sentries","floor":14,"turns":5}],"seed_played":"-5754418967433996127","potions_obtained":[{"floor":1,"key":"SteroidPotion"},{"floor":2,"key":"Block Potion"},{"floor":3,"key":"Swift Potion"},{"floor":14,"key":"PowerPotion"}],"is_trial":false,"path_per_floor":["M","M","M","M","?","R","E","R","T","E","M","R","?","E","R","B"],"character_chosen":"IRONCLAD","items_purchased":[],"campfire_rested":1,"item_purchase_floors":[],"current_hp_per_floor":[84,82,86,79,79,79,69,69,69,56,62,62,51,35,61,0],"gold":404,"neow_bonus":"TEN_PERCENT_HP_BONUS","is_prod":false,"is_daily":false,"chose_seed":false,"campfire_upgraded":3,"win_rate":0.0,"timestamp":1565636227,"path_taken":["M","M","M","?","?","R","E","R","T","E","?","R","?","E","R","BOSS"],"build_version":"2019-07-17","purchased_purges":0,"victory":false,"max_hp_per_floor":[88,88,88,88,88,88,88,88,88,88,88,88,88,88,88,88],"card_choices":[{"not_picked":["Dual Wield","True Grit"],"picked":"Rage","floor":1},{"not_picked":["Flame Barrier","Dual Wield"],"picked":"Ghostly Armor","floor":2},{"not_picked":["Entrench","Bloodletting"],"picked":"Infernal Blade","floor":3},{"not_picked":["Carnage","Cleave"],"picked":"Rampage","floor":4},{"not_picked":["Clothesline","Clash"],"picked":"Sword Boomerang","floor":7},{"not_picked":["Iron Wave","Berserk"],"picked":"Fire Breathing","floor":10},{"not_picked":["Dropkick","Twin Strike"],"picked":"Heavy Blade","floor":11},{"not_picked":["Warcry","Pummel"],"picked":"Thunderclap","floor":14}],"player_experience":20994,"relics_obtained":[{"floor":7,"key":"WingedGreaves"},{"floor":9,"key":"Letter Opener"},{"floor":10,"key":"Vajra"},{"floor":14,"key":"Gremlin Horn"}],"event_choices":[{"damage_healed":0,"gold_gain":0,"cards_transformed":["Strike_R"],"player_choice":"Transformed","damage_taken":0,"max_hp_gain":0,"max_hp_loss":0,"event_name":"Transmorgrifier","floor":5,"gold_loss":0,"cards_obtained":["Carnage"]},{"damage_healed":0,"gold_gain":75,"player_choice":"Gather Gold","damage_taken":11,"max_hp_gain":0,"max_hp_loss":0,"event_name":"World of Goop","floor":13,"gold_loss":0}],"is_beta":false,"boss_relics":[],"items_purged_floors":[],"is_endless":false,"potions_floor_spawned":[1,2,3,7,14],"killed_by":"The Guardian","ascension_level":0}