{"gold_per_floor":[115,290,290,290,8,34,34,69,69,89,89,167,199,212,212,315,315,328,44,44,44,72,100,100,15,62,78,106,130,144,154,154,154],"floor_reached":33,"playtime":1169,"items_purged":[],"score":583,"play_id":"9764810b-0a79-4554-be7e-7d4fa7993b04","local_time":"20190804155556","is_ascension_mode":true,"campfire_choices":[{"data":"Zap","floor":7,"key":"SMITH"},{"data":"Strike_B","floor":11,"key":"PURGE"},{"data":"Strike_B","floor":15,"key":"PURGE"},{"floor":24,"key":"REST"},{"data":"Strike_B","floor":32,"key":"PURGE"}],"neow_cost":"NONE","seed_source_timestamp":1083470381119600,"circlet_count":0,"master_deck":["AscendersBane","Strike_B+1","Defend_B","Defend_B","Defend_B","Defend_B","Zap+1","Dualcast","Coolheaded","Glacier","Glacier","Streamline","Gash+1","Ball Lightning","Biased Cognition","Capacitor","Leap","Writhe","Chill"],"relics":["Cracked Core","NeowsBlessing","Ginger","Runic Capacitor","Strawberry","Peace Pipe","Meat on the Bone","Blue Candle","Mercury Hourglass","Sozu","Singing Bowl","Unceasing Top","Red Mask","Smiling Mask","Bronze Scales","Whetstone","Bag of Marbles","Art of War"],"potions_floor_usage":[23],"damage_taken":[{"damage":0,"enemies":"Jaw Worm","floor":1,"turns":1},{"damage":0,"enemies":"3 Sentries","floor":6,"turns":1},{"damage":0,"enemies":"Lagavulin","floor":8,"turns":1},{"damage":0,"enemies":"Cultist","floor":10,"turns":4},{"damage":4,"enemies":"3 Sentries","floor":13,"turns":13},{"damage":0,"enemies":"2 Louse","floor":14,"turns":2},{"damage":6,"enemies":"The Guardian","floor":16,"turns":13},{"damage":15,"enemies":"2 Thieves","floor":18,"turns":3},{"damage":26,"enemies":"Masked Bandits","floor":22,"turns":5},{"damage":37,"enemies":"Gremlin Leader","floor":23,"turns":8},{"damage":0,"enemies":"Spheric Guardian","floor":27,"turns":4},{"damage":24,"enemies":"Book of Stabbing","floor":28,"turns":5},{"damage":13,"enemies":"3 Cultists","floor":30,"turns":5},{"damage":0,"enemies":"Shelled Parasite and Fungi","floor":31,"turns":7},{"damage":95,"enemies":"Champ","floor":33,"turns":21}],"seed_played":"5276400439296399865","potions_obtained":[{"floor":1,"key":"FairyPotion"},{"floor":8,"key":"Ancient Potion"}],"is_trial":false,"path_per_floor":["M","?","?","T","$","E","R","E","T","M","R","T","E","M","R","B",null,"M","$","?","?","?","E","R","?","T","M","E","T","M","M","R","B"],"character_chosen":"DEFECT","items_purchased":["Runic Capacitor","Glacier","Singing Bowl","Leap"],"campfire_rested":1,"item_purchase_floors":[5,5,19,19],"current_hp_per_floor":[68,68,68,68,68,75,75,75,75,75,75,75,71,71,71,65,78,63,63,63,63,51,28,53,53,53,55,43,43,44,58,58,0],"gold":154,"neow_bonus":"THREE_ENEMY_KILL","is_prod":false,"is_daily":false,"chose_seed":false,"campfire_upgraded":1,"win_rate":0,"timestamp":1564930556,"path_taken":["M","?","?","?","?","E","R","E","T","?","R","?","E","M","R","BOSS","M","$","?","?","?","E","R","?","T","M","E","?","M","M","R","BOSS"],"build_version":"2019-07-17","purchased_purges":0,"victory":false,"max_hp_per_floor":[75,75,75,75,75,82,82,82,82,82,82,82,82,82,82,82,82,82,82,82,82,84,86,86,86,86,88,88,88,90,92,92,92],"card_choices":[{"not_picked":["Loop","Cold Snap"],"picked":"Coolheaded","floor":1},{"not_picked":["Go for the Eyes","Darkness"],"picked":"Glacier","floor":6},{"not_picked":["Auto Shields","Thunder Strike"],"picked":"Streamline","floor":8},{"not_picked":["Storm","Tempest"],"picked":"Gash","floor":10},{"not_picked":["Aggregate","Streamline","Steam Power"],"picked":"SKIP","floor":13},{"not_picked":["Capacitor","Compile Driver"],"picked":"Ball Lightning","floor":14},{"not_picked":["Hyperbeam","Buffer"],"picked":"Biased Cognition","floor":16},{"not_picked":["Sunder","Static Discharge"],"picked":"Capacitor","floor":18},{"not_picked":["Barrage","White Noise","Conserve Battery+1"],"picked":"Singing Bowl","floor":22},{"not_picked":["White Noise","Doom and Gloom","Streamline"],"picked":"Singing Bowl","floor":23},{"not_picked":["Steam","Hologram","Sweeping Beam"],"picked":"Singing Bowl","floor":27},{"not_picked":["Turbo+1","Leap"],"picked":"Chill","floor":28},{"not_picked":["Conserve Battery","Go for the Eyes","Coolheaded"],"picked":"Singing Bowl","floor":30},{"not_picked":["Sweeping Beam","Redo","Go for the Eyes+1"],"picked":"Singing Bowl","floor":31}],"player_experience":193034,"relics_obtained":[{"floor":4,"key":"Ginger"},{"floor":6,"key":"Strawberry"},{"floor":8,"key":"Peace Pipe"},{"floor":9,"key":"Meat on the Bone"},{"floor":12,"key":"Blue Candle"},{"floor":13,"key":"Mercury Hourglass"},{"floor":22,"key":"Red Mask"},{"floor":23,"key":"Smiling Mask"},{"floor":26,"key":"Whetstone"},{"floor":28,"key":"Bag of Marbles"},{"floor":29,"key":"Art of War"}],"event_choices":[{"damage_healed":0,"gold_gain":175,"player_choice":"AGREE","damage_taken":0,"max_hp_gain":0,"max_hp_loss":0,"event_name":"Liars Game","floor":2,"gold_loss":0,"cards_obtained":["Doubt"]},{"cards_removed":["Doubt"],"damage_healed":0,"gold_gain":0,"player_choice":"Forget","damage_taken":0,"max_hp_gain":0,"max_hp_loss":0,"event_name":"Living Wall","floor":3,"gold_loss":0},{"damage_healed":0,"gold_gain":0,"player_choice":"Opened","damage_taken":0,"relics_obtained":["Unceasing Top"],"max_hp_gain":0,"max_hp_loss":0,"event_name":"The Mausoleum","floor":20,"gold_loss":0,"cards_obtained":["Writhe"]},{"damage_healed":0,"gold_gain":0,"player_choice":"Ignored","damage_taken":0,"max_hp_gain":0,"max_hp_loss":0,"event_name":"Ghosts","floor":21,"gold_loss":0},{"damage_healed":0,"gold_gain":0,"player_choice":"Fought Bandits","damage_taken":0,"max_hp_gain":0,"max_hp_loss":0,"event_name":"Masked Bandits","floor":22,"gold_loss":0},{"damage_healed":0,"gold_gain":0,"player_choice":"Obtained Relic","damage_taken":0,"relics_obtained":["Bronze Scales"],"max_hp_gain":0,"max_hp_loss":0,"event_name":"Addict","floor":25,"gold_loss":85}],"is_beta":false,"boss_relics":[{"not_picked":["Coffee Dripper","Nuclear Battery"],"picked":"Sozu"}],"items_purged_floors":[],"is_endless":false,"potions_floor_spawned":[1,8,13,27,28,30],"killed_by":"Champ","ascension_level":12}