{"gold_per_floor":[368,385,397,5,15,15,35,66,66,78,108,123,139,195,195,299,299,310,310,163,163,178,178,212,212,212,212,227,257,286,298,310,420,432,461,473,503,94,107,135,135,135,208,242,242,261,279,310,310,310],"floor_reached":51,"playtime":5645,"items_purged":["Writhe"],"score":931,"play_id":"c20de525-b0bb-40d1-ad1b-ce9c599fc3d0","local_time":"20190824003652","is_ascension_mode":true,"campfire_choices":[{"data":"Genetic Algorithm","floor":6.0,"key":"SMITH"},{"data":"Zap","floor":15.0,"key":"SMITH"},{"data":"Echo Form","floor":23.0,"key":"SMITH"},{"data":"Static Discharge","floor":25.0,"key":"SMITH"},{"data":"Streamline","floor":27.0,"key":"SMITH"},{"data":"Sunder","floor":32.0,"key":"SMITH"},{"data":"Creative AI","floor":41,"key":"SMITH"},{"floor":49,"key":"REST"}],"neow_cost":"CURSE","seed_source_timestamp":0,"circlet_count":0,"master_deck":["Strike_B+1","Strike_B+1","Strike_B+1","Defend_B+1","Defend_B+1","Defend_B+1","Defend_B+1","Zap+1","Dualcast+1","Ball Lightning+1","Steam+1","Hologram+1","Genetic Algorithm+1","Coolheaded+1","Chill+1","Leap+1","Hello World+1","Reinforced Body+1","Conserve Battery+1","Turbo+1","Glacier+1","Echo Form+1","Force Field+1","Static Discharge+1","Loop+1","Sunder+1","Streamline+1","Redo+1","Glacier+1","Beam Cell+1","Chill+1","Creative AI+1","Steam+1","Chaos+1","Go for the Eyes+1","Defragment+1","Heatsinks+1","Swift Strike+1","Rip and Tear+1","Aggregate+1","Barrage+1"],"special_seed":0,"relics":["Cracked Core","Bottled Lightning","Potion Belt","Mummified Hand","FossilizedHelix","Question Card","Busted Crown","Mercury Hourglass","Bottled Flame","MawBank","Runic Pyramid","Centennial Puzzle","Molten Egg 2","Blood Vial","Mark of the Bloom","Pantograph","Shuriken","Ancient Tea Set"],"potions_floor_usage":[44,50,50],"damage_taken":[{"damage":0.0,"enemies":"Cultist","floor":1.0,"turns":4.0},{"damage":6.0,"enemies":"Jaw Worm","floor":2.0,"turns":2.0},{"damage":6.0,"enemies":"2 Louse","floor":3.0,"turns":3.0},{"damage":9.0,"enemies":"Exordium Thugs","floor":5.0,"turns":4.0},{"damage":4.0,"enemies":"Looter","floor":7.0,"turns":3.0},{"damage":26.0,"enemies":"Lagavulin","floor":8.0,"turns":7.0},{"damage":2.0,"enemies":"Exordium Wildlife","floor":10.0,"turns":5.0},{"damage":0.0,"enemies":"3 Sentries","floor":11.0,"turns":7.0},{"damage":0.0,"enemies":"3 Louse","floor":12.0,"turns":4.0},{"damage":0.0,"enemies":"2 Fungi Beasts","floor":13.0,"turns":4.0},{"damage":0.0,"enemies":"Lagavulin Event","floor":14.0,"turns":7.0},{"damage":6.0,"enemies":"The Guardian","floor":16.0,"turns":13.0},{"damage":0.0,"enemies":"Spheric Guardian","floor":18.0,"turns":8.0},{"damage":0.0,"enemies":"Chosen","floor":22.0,"turns":7.0},{"damage":12.0,"enemies":"Book of Stabbing","floor":24.0,"turns":7.0},{"damage":4.0,"enemies":"Centurion and Healer","floor":28.0,"turns":10.0},{"damage":0.0,"enemies":"Slavers","floor":29.0,"turns":6.0},{"damage":0.0,"enemies":"3 Cultists","floor":30.0,"turns":5.0},{"damage":8.0,"enemies":"Automaton","floor":33.0,"turns":11.0},{"damage":0.0,"enemies":"Orb Walker","floor":35.0,"turns":3.0},{"damage":0.0,"enemies":"3 Shapes","floor":37.0,"turns":6.0},{"damage":0,"enemies":"Maw","floor":39,"turns":9},{"damage":0,"enemies":"Nemesis","floor":40,"turns":9},{"damage":0,"enemies":"Reptomancer","floor":44,"turns":9},{"damage":0,"enemies":"Sphere and 2 Shapes","floor":46,"turns":6},{"damage":0,"enemies":"3 Darklings","floor":47,"turns":7},{"damage":3,"enemies":"Giant Head","floor":48,"turns":12},{"damage":3,"enemies":"Donu and Deca","floor":50,"turns":9}],"seed_played":"-2726793109000363517","potions_obtained":[{"floor":2.0,"key":"SpeedPotion"},{"floor":7.0,"key":"LiquidBronze"},{"floor":11.0,"key":"GamblersBrew"},{"floor":13.0,"key":"GamblersBrew"},{"floor":16.0,"key":"Swift Potion"},{"floor":18.0,"key":"GamblersBrew"},{"floor":24.0,"key":"Block Potion"},{"floor":30.0,"key":"GamblersBrew"},{"floor":33.0,"key":"PowerPotion"},{"floor":37.0,"key":"Fire Potion"},{"floor":47,"key":"Energy Potion"}],"is_trial":false,"path_per_floor":["M","M","M","$","M","R","M","E","T","M","E","M","M","?","R","B",null,"M","?","$","?","M","R","E","R","T","R","M","E","M","?","R","B",null,"M","?","M","$","M","E","R","?","T","E","?","M","M","E","R","B",null],"character_chosen":"DEFECT","items_purchased":["Genetic Algorithm","Bottled Lightning","Loop","Sunder","Chaos","Centennial Puzzle","Molten Egg 2"],"campfire_rested":1,"item_purchase_floors":[4,4,20,20,38,38,38],"current_hp_per_floor":[75,69,63,63,54,54,50,24,24,22,22,22,22,22,22,16,75,75,75,75,75,75,75,63,63,63,63,59,59,59,59,59,51,75,75,75,75,75,75,75,75,75,75,75,75,75,75,72,72,69],"gold":310,"neow_bonus":"TWO_FIFTY_GOLD","is_prod":false,"is_daily":false,"chose_seed":false,"campfire_upgraded":7,"win_rate":0,"timestamp":1566621412,"path_taken":["M","M","M","$","M","R","M","E","T","M","E","M","M","?","R","BOSS","M","?","$","?","M","R","E","R","T","R","?","E","M","?","R","BOSS","M","?","M","$","M","E","R","?","T","E","?","M","M","E","R","BOSS"],"build_version":"2019-08-23","purchased_purges":1,"victory":true,"max_hp_per_floor":[75,75,75,75,75,75,75,75,75,75,75,75,75,75,75,75,75,75,75,75,75,75,75,75,75,75,75,75,75,75,75,75,75,75,75,75,75,75,75,75,75,75,75,75,75,75,75,75,75,75],"card_choices":[{"not_picked":["FTL","Doom and Gloom"],"picked":"Ball Lightning","floor":1.0},{"not_picked":["Steam Power","Barrage"],"picked":"Steam","floor":2.0},{"not_picked":["Compile Driver","Barrage"],"picked":"Hologram","floor":3.0},{"not_picked":["Steam Power","Hologram"],"picked":"Coolheaded","floor":5.0},{"not_picked":["Compile Driver","All For One"],"picked":"Chill","floor":7.0},{"not_picked":["Gash","Blizzard"],"picked":"Leap","floor":8.0},{"not_picked":["Coolheaded","Tempest"],"picked":"Hello World","floor":10.0},{"not_picked":["Reprogram","Darkness"],"picked":"Reinforced Body","floor":11.0},{"not_picked":["Hologram","Darkness"],"picked":"Conserve Battery","floor":12.0},{"not_picked":["Gash","Stack"],"picked":"Turbo","floor":13.0},{"not_picked":["Ball Lightning","Coolheaded"],"picked":"Glacier","floor":14.0},{"not_picked":["Buffer","Machine Learning","Reboot"],"picked":"Echo Form","floor":16.0},{"not_picked":["Go for the Eyes"],"picked":"Force Field+1","floor":18.0},{"not_picked":["Leap"],"picked":"Streamline","floor":22.0},{"not_picked":["Undo"],"picked":"Redo+1","floor":24.0},{"not_picked":["Barrage+1"],"picked":"Glacier","floor":28.0},{"not_picked":["Reinforced Body+1"],"picked":"Beam Cell+1","floor":29.0},{"not_picked":["Cold Snap"],"picked":"Chill","floor":30.0},{"not_picked":["All For One"],"picked":"Creative AI","floor":33.0},{"not_picked":["Coolheaded","Steam"],"picked":"SKIP","floor":35.0},{"not_picked":["Streamline"],"picked":"Steam+1","floor":37.0},{"not_picked":["Steam+1"],"picked":"Go for the Eyes+1","floor":39},{"not_picked":["Stack+1"],"picked":"Defragment+1","floor":40},{"not_picked":["Double Energy"],"picked":"Heatsinks+1","floor":44},{"not_picked":["Finesse"],"picked":"Swift Strike+1","floor":45},{"not_picked":["Conserve Battery+1"],"picked":"Rip and Tear+1","floor":46},{"not_picked":["Tempest+1"],"picked":"Aggregate+1","floor":47},{"not_picked":["Hologram"],"picked":"Barrage+1","floor":48}],"player_experience":23103,"relics_obtained":[{"floor":8.0,"key":"Potion Belt"},{"floor":9.0,"key":"Mummified Hand"},{"floor":11.0,"key":"FossilizedHelix"},{"floor":14.0,"key":"Question Card"},{"floor":24.0,"key":"Mercury Hourglass"},{"floor":26.0,"key":"Bottled Flame"},{"floor":29.0,"key":"MawBank"},{"floor":40,"key":"Blood Vial"},{"floor":43,"key":"Pantograph"},{"floor":44,"key":"Shuriken"},{"floor":48,"key":"Ancient Tea Set"}],"event_choices":[{"damage_healed":0.0,"max_hp_gain":0.0,"max_hp_loss":0.0,"gold_gain":0.0,"event_name":"Dead Adventurer","player_choice":"Searched \u00271\u0027 times","floor":14.0,"gold_loss":0.0,"damage_taken":0.0},{"damage_healed":0.0,"max_hp_gain":0.0,"max_hp_loss":0.0,"gold_gain":0.0,"event_name":"The Library","player_choice":"Read","floor":19.0,"gold_loss":0.0,"damage_taken":0.0,"cards_obtained":["Static Discharge"]},{"damage_healed":0.0,"max_hp_gain":0.0,"max_hp_loss":0.0,"gold_gain":0.0,"event_name":"Vampires","player_choice":"Ignored","floor":21.0,"gold_loss":0.0,"damage_taken":0.0},{"damage_healed":0.0,"max_hp_gain":0.0,"max_hp_loss":0.0,"gold_gain":0.0,"event_name":"Back to Basics","player_choice":"Simplicity","floor":31.0,"gold_loss":0.0,"damage_taken":0.0,"cards_upgraded":["Strike_B","Strike_B","Strike_B","Strike_B","Defend_B","Defend_B","Defend_B","Defend_B"]},{"cards_removed":["Strike_B"],"damage_healed":0.0,"max_hp_gain":0.0,"max_hp_loss":0.0,"gold_gain":0.0,"event_name":"Falling","player_choice":"Removed Attack","floor":36.0,"gold_loss":0.0,"damage_taken":0.0},{"damage_healed":0,"gold_gain":0,"player_choice":"Upgrade","damage_taken":0,"relics_obtained":["Mark of the Bloom"],"max_hp_gain":0,"max_hp_loss":0,"event_name":"MindBloom","floor":42,"gold_loss":0,"cards_upgraded":["Dualcast","Ball Lightning","Steam","Hologram","Coolheaded","Chill","Leap","Hello World","Reinforced Body","Conserve Battery","Turbo","Glacier","Loop","Glacier","Chill","Chaos"]},{"damage_healed":0,"gold_gain":0,"player_choice":"Memory 1","damage_taken":0,"max_hp_gain":0,"max_hp_loss":0,"event_name":"SensoryStone","floor":45,"gold_loss":0}],"is_beta":true,"boss_relics":[{"not_picked":["Astrolabe","Runic Dome"],"picked":"Busted Crown"},{"not_picked":["Orrery","Calling Bell"],"picked":"Runic Pyramid"}],"items_purged_floors":[4],"is_endless":false,"potions_floor_spawned":[2,7,11,13,16,18,24,30,33,37,39,40,47],"ascension_level":1}