{"gold_per_floor":[111,125,125,143,318,318,330,330,330,347,347,362,312,326,326,422,422,422,422,347,347,47,47,47],"floor_reached":24,"playtime":618,"items_purged":[],"score":216,"play_id":"150a4bc6-006e-4711-99f3-714e34da1ad4","local_time":"20190505041527","is_ascension_mode":true,"campfire_choices":[{"data":"Beam Cell","floor":6,"key":"SMITH"},{"data":"Hologram","floor":11,"key":"SMITH"},{"data":"Barrage","floor":15,"key":"SMITH"},{"floor":23,"key":"REST"}],"neow_cost":"NONE","seed_source_timestamp":50288899947000,"circlet_count":0,"master_deck":["Strike_B","Strike_B","Strike_B","Strike_B","Defend_B","Defend_B","Defend_B","Defend_B","Zap+1","Dualcast","Beam Cell+1","Barrage+1","Hologram+1","All For One","Defragment"],"relics":["Busted Crown","Nunchaku","Darkstone Periapt","Ectoplasm","Red Mask","Ginger"],"potions_floor_usage":[16,21],"damage_taken":[{"damage":0,"enemies":"2 Louse","floor":1,"turns":2},{"damage":1,"enemies":"Cultist","floor":2,"turns":4},{"damage":2,"enemies":"Small Slimes","floor":4,"turns":2},{"damage":11,"enemies":"Looter","floor":7,"turns":2},{"damage":20,"enemies":"Gremlin Gang","floor":10,"turns":5},{"damage":3,"enemies":"Blue Slaver","floor":12,"turns":3},{"damage":2,"enemies":"2 Fungi Beasts","floor":14,"turns":3},{"damage":34,"enemies":"Hexaghost","floor":16,"turns":8},{"damage":0,"enemies":"Chosen","floor":18,"turns":3},{"damage":32,"enemies":"2 Thieves","floor":20,"turns":5},{"damage":36,"enemies":"Masked Bandits","floor":21,"turns":4},{"damage":30,"enemies":"Shelled Parasite and Fungi","floor":24,"turns":4}],"seed_played":"7805914330794688307","potions_obtained":[{"floor":2,"key":"Explosive Potion"},{"floor":4,"key":"GamblersBrew"},{"floor":12,"key":"AttackPotion"},{"floor":20,"key":"Dexterity Potion"}],"is_trial":false,"path_per_floor":["M","M","?","M","?","R","M","?","T","M","R","M","?","M","R","B",null,"M","?","M","?","$","R","M"],"character_chosen":"DEFECT","items_purchased":["Ginger"],"campfire_rested":1,"item_purchase_floors":[22],"current_hp_per_floor":[75,74,74,72,72,72,61,61,61,41,41,38,38,36,36,2,75,75,75,43,7,7,29,0],"gold":47,"neow_bonus":"BOSS_RELIC","is_prod":false,"is_daily":false,"chose_seed":false,"campfire_upgraded":3,"win_rate":0,"timestamp":1557026127,"path_taken":["M","M","?","?","?","R","M","?","T","?","R","M","?","M","R","BOSS","M","?","M","?","$","R","M"],"build_version":"2019-01-23","purchased_purges":0,"victory":false,"max_hp_per_floor":[75,75,75,75,75,75,75,75,75,75,75,75,75,75,75,75,75,75,75,75,75,75,75,75],"card_choices":[{"not_picked":["Turbo"],"picked":"SKIP","floor":1},{"not_picked":[],"picked":"Beam Cell","floor":2},{"not_picked":[],"picked":"Doom and Gloom","floor":4},{"not_picked":[],"picked":"Barrage","floor":7},{"not_picked":[],"picked":"Hologram","floor":10},{"not_picked":[],"picked":"All For One","floor":12},{"not_picked":["Redo"],"picked":"SKIP","floor":14},{"not_picked":["Force Field"],"picked":"SKIP","floor":18},{"not_picked":["Static Discharge"],"picked":"SKIP","floor":20},{"not_picked":[],"picked":"Defragment","floor":21}],"player_experience":67646,"relics_obtained":[{"floor":9,"key":"Darkstone Periapt"},{"floor":21,"key":"Red Mask"}],"event_choices":[{"damage_healed":0,"gold_gain":0,"player_choice":"Upgraded","damage_taken":0,"max_hp_gain":0,"max_hp_loss":0,"event_name":"Upgrade Shrine","floor":3,"gold_loss":0,"cards_upgraded":["Zap"]},{"damage_healed":0,"gold_gain":175,"player_choice":"AGREE","damage_taken":0,"max_hp_gain":0,"max_hp_loss":0,"event_name":"Liars Game","floor":5,"gold_loss":0,"cards_obtained":["Doubt"]},{"cards_removed":["Doom and Gloom"],"damage_healed":0,"gold_gain":0,"player_choice":"Gave Card","damage_taken":0,"relics_obtained":["Nunchaku"],"max_hp_gain":0,"max_hp_loss":0,"event_name":"WeMeetAgain","floor":8,"gold_loss":0},{"cards_removed":["Doubt"],"damage_healed":0,"gold_gain":0,"player_choice":"Card Removal","damage_taken":0,"max_hp_gain":0,"max_hp_loss":0,"event_name":"The Cleric","floor":13,"gold_loss":50},{"damage_healed":0,"gold_gain":99,"player_choice":"Stole From Cult","damage_taken":0,"max_hp_gain":0,"max_hp_loss":0,"event_name":"Nest","floor":19,"gold_loss":0},{"damage_healed":0,"gold_gain":0,"player_choice":"Fought Bandits","damage_taken":0,"max_hp_gain":0,"max_hp_loss":0,"event_name":"Masked Bandits","floor":21,"gold_loss":0}],"is_beta":false,"boss_relics":[{"not_picked":["White Beast Statue","Tiny House"],"picked":"Ectoplasm"}],"items_purged_floors":[],"is_endless":false,"potions_floor_spawned":[2,4,12,20],"killed_by":"Shelled Parasite and Fungi","ascension_level":3}