{"gold_per_floor":[112,123,136,146,39,39,71,85,111,111,111,111,286,296,296,393,393,409,40,29,29,29,29,29,40,40,81,22,54,54,73,73,173,173,188,38,38,38,38,63,63,80,104,104,121,121,121],"floor_reached":47,"playtime":2970,"items_purged":["Regret"],"score":641,"play_id":"a57e4d55-8db1-4699-b7a4-8d4935c8a600","local_time":"20181210021036","is_ascension_mode":false,"campfire_choices":[{"data":"Footwork","floor":6.0,"key":"SMITH"},{"data":"Noxious Fumes","floor":10.0,"key":"SMITH"},{"data":"Footwork","floor":12.0,"key":"SMITH"},{"floor":15.0,"key":"REST"},{"data":"Caltrops","floor":23.0,"key":"SMITH"},{"data":"Footwork","floor":30.0,"key":"SMITH"},{"data":"Footwork","floor":32.0,"key":"SMITH"},{"floor":41.0,"key":"REST"}],"neow_cost":"TEN_PERCENT_HP_LOSS","seed_source_timestamp":0,"circlet_count":0,"master_deck":["Defend_G","Defend_G","Defend_G","Defend_G","Defend_G","Strike_G","Strike_G","Strike_G","Survivor","Neutralize","Cloak And Dagger","Dagger Spray","Footwork+1","Deflect","Noxious Fumes+1","Dodge and Roll","Footwork+1","Sucker Punch","Doubt","Deflect","Bouncing Flask","Malaise","Flying Knee+1","Caltrops+1","Slice","Sucker Punch","Dash","Decay","Shame","Slice","Footwork+1","Footwork+1","Deflect","Blur","Tools of the Trade","Setup+1","Caltrops","Crippling Poison","Pain","Panacea","Bandage Up","Madness","Cloak And Dagger+1","Blur+1","Backflip","Normality","Slice","Deadly Poison+1"],"special_seed":0,"relics":["Ring of the Snake","Centennial Puzzle","Dream Catcher","Lantern","Velvet Choker","Bronze Scales","Boot","MawBank","Orichalcum","Thread and Needle","Cursed Key","Blue Candle","Mummified Hand","Blood Vial"],"potions_floor_usage":[47,47],"damage_taken":[{"damage":1.0,"enemies":"Cultist","floor":1.0,"turns":5.0},{"damage":0.0,"enemies":"Small Slimes","floor":2.0,"turns":4.0},{"damage":0.0,"enemies":"2 Louse","floor":3.0,"turns":2.0},{"damage":1.0,"enemies":"Exordium Wildlife","floor":4.0,"turns":4.0},{"damage":22.0,"enemies":"3 Sentries","floor":7.0,"turns":9.0},{"damage":0.0,"enemies":"2 Fungi Beasts","floor":8.0,"turns":6.0},{"damage":5.0,"enemies":"3 Louse","floor":14.0,"turns":3.0},{"damage":22.0,"enemies":"Hexaghost","floor":16.0,"turns":12.0},{"damage":4.0,"enemies":"Chosen","floor":18.0,"turns":5.0},{"damage":13.0,"enemies":"2 Thieves","floor":20.0,"turns":4.0},{"damage":23.0,"enemies":"3 Cultists","floor":25.0,"turns":5.0},{"damage":9.0,"enemies":"Gremlin Leader","floor":27.0,"turns":7.0},{"damage":2.0,"enemies":"Book of Stabbing","floor":29.0,"turns":6.0},{"damage":0.0,"enemies":"Snake Plant","floor":31.0,"turns":4.0},{"damage":14.0,"enemies":"Collector","floor":33.0,"turns":14.0},{"damage":6.0,"enemies":"3 Shapes","floor":35.0,"turns":5.0},{"damage":30.0,"enemies":"Nemesis","floor":40.0,"turns":12.0},{"damage":6.0,"enemies":"Orb Walker","floor":42.0,"turns":5.0},{"damage":2.0,"enemies":"Maw","floor":45.0,"turns":11.0},{"damage":37,"enemies":"Awakened One","floor":47,"turns":6}],"seed_played":"6850101942810018994","potions_obtained":[{"floor":3.0,"key":"SpeedPotion"},{"floor":4.0,"key":"FearPotion"},{"floor":7.0,"key":"Weak Potion"},{"floor":20.0,"key":"Regen Potion"},{"floor":29.0,"key":"SkillPotion"},{"floor":31.0,"key":"Swift Potion"},{"floor":40.0,"key":"SkillPotion"},{"floor":45.0,"key":"GhostInAJar"}],"is_trial":false,"path_per_floor":["M","M","M","M","$","R","E","M","T","R","?","R","?","M","R","B",null,"M","$","M","?","?","R","?","M","T","E","$","E","R","M","R","B",null,"M","$","T","?","$","E","R","M","T","?","M","?","B"],"character_chosen":"THE_SILENT","items_purchased":["Noxious Fumes","Dodge and Roll","Bronze Scales","Caltrops","Slice","Sucker Punch","Footwork","Caltrops","Crippling Poison"],"campfire_rested":2,"item_purchase_floors":[5,5,19,19,19,19,28,36,36],"current_hp_per_floor":[62,62,62,61,61,61,39,39,39,39,39,39,39,34,52,30,63,59,59,46,46,46,46,46,38,38,29,29,27,27,27,27,13,63,57,57,57,47,47,21,39,33,33,33,37,37,6],"gold":121,"neow_bonus":"REMOVE_TWO","is_prod":false,"is_daily":false,"chose_seed":false,"campfire_upgraded":6,"win_rate":0,"timestamp":1544425836,"path_taken":["M","M","M","M","?","R","E","M","T","R","?","R","?","M","R","BOSS","M","$","M","?","?","R","?","M","T","E","?","E","R","M","R","BOSS","M","$","?","?","$","E","R","M","T","?","?","?","BOSS"],"build_version":"2018-12-06","purchased_purges":1,"victory":false,"max_hp_per_floor":[63,63,63,63,63,63,63,63,63,63,63,63,63,63,63,63,63,63,63,63,63,63,63,63,63,63,63,63,63,63,63,63,63,63,63,63,63,63,63,63,63,63,63,63,63,63,63],"card_choices":[{"not_picked":["Deflect","Expertise"],"picked":"Cloak And Dagger","floor":1.0},{"not_picked":["Dodge and Roll","Backflip"],"picked":"Dagger Spray","floor":2.0},{"not_picked":["Dagger Throw","Outmaneuver"],"picked":"Footwork","floor":3.0},{"not_picked":["Quick Slash","Poisoned Stab"],"picked":"Deflect","floor":4.0},{"not_picked":["Finisher","Bouncing Flask"],"picked":"Footwork","floor":7.0},{"not_picked":["Prepared","Skewer"],"picked":"Sucker Punch","floor":8.0},{"not_picked":["Sucker Punch","Underhanded Strike"],"picked":"Deflect","floor":14.0},{"not_picked":["Catalyst","Masterful Stab"],"picked":"Bouncing Flask","floor":15.0},{"not_picked":["Grand Finale","Envenom"],"picked":"Malaise","floor":16.0},{"not_picked":["Acrobatics","Underhanded Strike"],"picked":"Flying Knee+1","floor":18.0},{"not_picked":["Slice","Crippling Poison+1"],"picked":"Dash","floor":20.0},{"not_picked":["Backflip","Quick Slash"],"picked":"Slice","floor":25.0},{"not_picked":["Backstab+1","Bullet Time"],"picked":"Footwork","floor":27.0},{"not_picked":["Flying Knee","Tactician"],"picked":"Deflect","floor":29.0},{"not_picked":["All Out Attack","Underhanded Strike"],"picked":"Blur","floor":31.0},{"not_picked":["Night Terror","Malaise"],"picked":"Tools of the Trade","floor":33.0},{"not_picked":["Dagger Throw","Cloak And Dagger"],"picked":"Setup+1","floor":35.0},{"not_picked":["PanicButton","Trip"],"picked":"Panacea","floor":38.0},{"not_picked":["Violence","Panache"],"picked":"Bandage Up","floor":38.0},{"not_picked":["Jack Of All Trades","Trip"],"picked":"Madness","floor":38.0},{"not_picked":["Heel Hook","Dagger Spray+1"],"picked":"Cloak And Dagger+1","floor":40.0},{"not_picked":["Cloak And Dagger+1","Escape Plan+1"],"picked":"Blur+1","floor":41.0},{"not_picked":["Concentrate","Poisoned Stab"],"picked":"Backflip","floor":42.0},{"not_picked":["Heel Hook","Outmaneuver+1"],"picked":"Deadly Poison+1","floor":45.0}],"player_experience":347326,"relics_obtained":[{"floor":7.0,"key":"Centennial Puzzle"},{"floor":9.0,"key":"Dream Catcher"},{"floor":26.0,"key":"MawBank"},{"floor":27.0,"key":"Orichalcum"},{"floor":29.0,"key":"Thread and Needle"},{"floor":37.0,"key":"Blue Candle"},{"floor":40.0,"key":"Mummified Hand"},{"floor":43.0,"key":"Blood Vial"}],"event_choices":[{"damage_healed":0.0,"max_hp_gain":0.0,"max_hp_loss":0.0,"gold_gain":0.0,"event_name":"Big Fish","player_choice":"Box","floor":11.0,"gold_loss":0.0,"damage_taken":0.0,"relics_obtained":["Lantern"],"cards_obtained":["Regret"]},{"damage_healed":0.0,"max_hp_gain":0.0,"max_hp_loss":0.0,"gold_gain":175.0,"event_name":"Liars Game","player_choice":"AGREE","floor":13.0,"gold_loss":0.0,"damage_taken":0.0,"cards_obtained":["Doubt"]},{"damage_healed":0.0,"max_hp_gain":0.0,"max_hp_loss":0.0,"gold_gain":0.0,"event_name":"Forgotten Altar","player_choice":"Smashed Altar","floor":21.0,"gold_loss":0.0,"damage_taken":0.0,"cards_obtained":["Decay"]},{"damage_healed":0.0,"max_hp_gain":0.0,"max_hp_loss":0.0,"gold_gain":0.0,"event_name":"Beggar","player_choice":"Ignored","floor":22.0,"gold_loss":0.0,"damage_taken":0.0},{"damage_healed":0.0,"max_hp_gain":0.0,"max_hp_loss":0.0,"gold_gain":0.0,"event_name":"Addict","player_choice":"Stole Relic","floor":24.0,"gold_loss":0.0,"damage_taken":0.0,"relics_obtained":["Boot"],"cards_obtained":["Shame"]},{"damage_healed":0.0,"max_hp_gain":0.0,"max_hp_loss":0.0,"gold_gain":0.0,"event_name":"SensoryStone","player_choice":"Memory 3","floor":38.0,"gold_loss":0.0,"damage_taken":10.0},{"damage_healed":0.0,"max_hp_gain":0.0,"max_hp_loss":0.0,"gold_gain":0.0,"event_name":"Duplicator","player_choice":"Copied","floor":44.0,"gold_loss":0.0,"damage_taken":0.0,"cards_obtained":["Slice"]},{"damage_healed":0.0,"max_hp_gain":0.0,"max_hp_loss":0.0,"gold_gain":0.0,"event_name":"SecretPortal","player_choice":"Took Portal","floor":46.0,"gold_loss":0.0,"damage_taken":0.0}],"is_beta":false,"boss_relics":[{"not_picked":["Fusion Hammer","Runic Pyramid"],"picked":"Velvet Choker"},{"not_picked":["WristBlade","Tiny House"],"picked":"Cursed Key"}],"items_purged_floors":[19],"is_endless":false,"potions_floor_spawned":[3,4,7,16,20,29,31,40,45],"killed_by":"Awakened One","ascension_level":0}