{"gold_per_floor":[116,132,149,58,75,75,89,89,89,14,33,50,50,79,79,179,179,190,465,479,498,28,28,47,47,47,76,93,16,116,15,15,117,117,130,146,162,175,175,175,194,204,204,204,204],"floor_reached":45,"playtime":3947,"items_purged":["Strike_G","Strike_G"],"score":591,"play_id":"2cec0356-1381-4337-8d30-835029f22218","local_time":"20181208183705","is_ascension_mode":false,"campfire_choices":[{"data":"Storm of Steel","floor":6.0,"key":"SMITH"},{"data":"Setup","floor":8.0,"key":"SMITH"},{"floor":13.0,"key":"REST"},{"data":"Accuracy","floor":15.0,"key":"SMITH"},{"data":"A Thousand Cuts","floor":23.0,"key":"SMITH"},{"data":"Neutralize","floor":25.0,"key":"SMITH"},{"floor":32.0,"key":"REST"},{"floor":40,"key":"REST"},{"floor":44,"key":"REST"}],"neow_cost":"TEN_PERCENT_HP_LOSS","seed_source_timestamp":0,"circlet_count":0,"master_deck":["Defend_G","Defend_G","Defend_G","Defend_G","Defend_G","Strike_G","Strike_G","Strike_G","Survivor","Neutralize+1","Storm of Steel+1","Dodge and Roll","Sucker Punch","Quick Slash","Accuracy+1","Backflip","Setup+1","Choke","Acrobatics","Backflip","A Thousand Cuts+1","Prepared+1","Regret","Blade Dance","Backflip","Well Laid Plans","Finesse","Heel Hook","Infinite Blades","Sucker Punch","Backflip","Deflect","Injury","Doubt","Doubt","Parasite","Iron Wave","Dodge and Roll+1"],"special_seed":0,"relics":["Ring of the Serpent","Mummified Hand","Pen Nib","Paper Crane","Thread and Needle","The Specimen","Calling Bell","Bag of Marbles","Singing Bowl","Turnip","Meat on the Bone"],"potions_floor_usage":[37],"damage_taken":[{"damage":0.0,"enemies":"Cultist","floor":1.0,"turns":3.0},{"damage":3.0,"enemies":"Small Slimes","floor":2.0,"turns":4.0},{"damage":0.0,"enemies":"Jaw Worm","floor":3.0,"turns":5.0},{"damage":4.0,"enemies":"Gremlin Gang","floor":5.0,"turns":5.0},{"damage":5.0,"enemies":"Looter","floor":7.0,"turns":2.0},{"damage":13.0,"enemies":"Red Slaver","floor":11.0,"turns":2.0},{"damage":6.0,"enemies":"Lots of Slimes","floor":12.0,"turns":3.0},{"damage":27.0,"enemies":"Gremlin Nob","floor":14.0,"turns":5.0},{"damage":7.0,"enemies":"Hexaghost","floor":16.0,"turns":10.0},{"damage":9.0,"enemies":"2 Thieves","floor":18.0,"turns":3.0},{"damage":1.0,"enemies":"Chosen","floor":20.0,"turns":4.0},{"damage":0.0,"enemies":"Snecko","floor":21.0,"turns":4.0},{"damage":20.0,"enemies":"Cultist and Chosen","floor":24.0,"turns":5.0},{"damage":14.0,"enemies":"Gremlin Leader","floor":27.0,"turns":6.0},{"damage":5.0,"enemies":"3 Cultists","floor":28.0,"turns":5.0},{"damage":40.0,"enemies":"Collector","floor":33.0,"turns":8.0},{"damage":22.0,"enemies":"3 Shapes","floor":35.0,"turns":9.0},{"damage":16.0,"enemies":"3 Darklings","floor":36.0,"turns":7.0},{"damage":24,"enemies":"Writhing Mass","floor":37,"turns":7},{"damage":0,"enemies":"4 Shapes","floor":38,"turns":12},{"damage":13,"enemies":"Maw","floor":41,"turns":8},{"damage":3,"enemies":"Sphere and 2 Shapes","floor":42,"turns":4},{"damage":24,"enemies":"Transient","floor":45,"turns":5}],"seed_played":"-1102860372652550191","potions_obtained":[{"floor":2.0,"key":"GamblersBrew"},{"floor":12.0,"key":"Block Potion"},{"floor":14.0,"key":"PowerPotion"},{"floor":20.0,"key":"FearPotion"},{"floor":24.0,"key":"SpeedPotion"},{"floor":27.0,"key":"LiquidBronze"},{"floor":33.0,"key":"Weak Potion"},{"floor":35.0,"key":"GamblersBrew"},{"floor":36.0,"key":"Ancient Potion"},{"floor":42,"key":"LiquidBronze"}],"is_trial":false,"path_per_floor":["M","M","M","$","M","R","M","R","T","$","M","M","R","E","R","B",null,"M","?","M","M","$","R","M","R","T","E","M","$","?","$","R","B",null,"M","M","M","M","?","R","M","M","T","R","M"],"character_chosen":"THE_SILENT","items_purchased":["Accuracy","Backflip","Paper Crane","Well Laid Plans","Finesse","Regen Potion","Backflip","Deflect"],"campfire_rested":4,"item_purchase_floors":[4,4,22,22,22,29,31,31],"current_hp_per_floor":[63,60,60,60,56,56,51,51,51,51,38,32,50,23,23,16,63,54,54,53,53,53,53,33,33,33,19,14,14,14,14,32,7,63,43,29,7,9,9,30,19,16,16,37,13],"gold":204,"neow_bonus":"THREE_RARE_CARDS","is_prod":false,"is_daily":false,"chose_seed":false,"campfire_upgraded":5,"win_rate":0,"timestamp":1544312225,"path_taken":["M","M","M","?","M","R","M","R","T","$","M","M","R","E","R","BOSS","M","?","M","M","$","R","M","R","T","E","M","?","?","$","R","BOSS","M","M","?","M","?","R","?","M","T","R","?"],"build_version":"2018-12-06","purchased_purges":2,"victory":false,"max_hp_per_floor":[63,63,63,63,63,63,63,63,63,63,63,63,63,63,63,63,63,63,63,63,63,63,63,63,63,63,63,63,63,63,63,63,63,63,65,67,69,71,71,71,73,73,73,73,73],"card_choices":[{"not_picked":["Burst","Doppelganger"],"picked":"Storm of Steel","floor":0.0},{"not_picked":["PiercingWail","Skewer"],"picked":"Dodge and Roll","floor":1.0},{"not_picked":["Slice","Storm of Steel"],"picked":"Sucker Punch","floor":2.0},{"not_picked":["Outmaneuver","Bane"],"picked":"Quick Slash","floor":3.0},{"not_picked":["Sucker Punch","Bouncing Flask"],"picked":"Setup","floor":5.0},{"not_picked":["Flying Knee","Endless Agony"],"picked":"Choke","floor":7.0},{"not_picked":["Tactician","Noxious Fumes"],"picked":"Acrobatics","floor":11.0},{"not_picked":["Poisoned Stab","Sucker Punch"],"picked":"Backflip","floor":12.0},{"not_picked":["Flechettes","Catalyst","Choke"],"picked":"SKIP","floor":14.0},{"not_picked":["Tools of the Trade","Burst"],"picked":"A Thousand Cuts","floor":16.0},{"not_picked":["Poisoned Stab","Bane"],"picked":"Prepared+1","floor":18.0},{"not_picked":["Acrobatics+1","Outmaneuver"],"picked":"Blade Dance","floor":20.0},{"not_picked":["Poisoned Stab","Bane"],"picked":"Backflip","floor":21.0},{"not_picked":["Tactician","Unload"],"picked":"Heel Hook","floor":24.0},{"not_picked":["Blade Dance","Concentrate"],"picked":"Infinite Blades","floor":27.0},{"not_picked":["Blade Dance","Reflex"],"picked":"Sucker Punch","floor":28.0},{"not_picked":["Corpse Explosion","Grand Finale"],"picked":"Phantasmal Killer","floor":33.0},{"not_picked":["Dodge and Roll+1","Deflect","Sucker Punch+1"],"picked":"Singing Bowl","floor":35.0},{"not_picked":["Calculated Gamble+1","Quick Slash+1","Poisoned Stab"],"picked":"Singing Bowl","floor":36.0},{"not_picked":["Flechettes","Backflip","Expertise+1"],"picked":"Singing Bowl","floor":37},{"not_picked":["Slice","Predator+1","Grand Finale"],"picked":"Singing Bowl","floor":38},{"not_picked":["Outmaneuver","Escape Plan+1","Predator+1"],"picked":"Singing Bowl","floor":41},{"not_picked":["Prepared","Outmaneuver"],"picked":"Dodge and Roll+1","floor":42}],"player_experience":343379,"relics_obtained":[{"floor":9.0,"key":"Mummified Hand"},{"floor":14.0,"key":"Pen Nib"},{"floor":26.0,"key":"Thread and Needle"},{"floor":27.0,"key":"The Specimen"},{"floor":34.0,"key":"Bag of Marbles"},{"floor":34.0,"key":"Singing Bowl"},{"floor":34.0,"key":"Turnip"},{"floor":43,"key":"Meat on the Bone"}],"event_choices":[{"damage_healed":0.0,"max_hp_gain":0.0,"max_hp_loss":0.0,"gold_gain":275.0,"event_name":"Golden Shrine","player_choice":"Desecrate","floor":19.0,"gold_loss":0.0,"damage_taken":0.0,"cards_obtained":["Regret"]},{"damage_healed":0.0,"max_hp_gain":0.0,"max_hp_loss":0.0,"gold_gain":100.0,"event_name":"Golden Shrine","player_choice":"Pray","floor":30.0,"gold_loss":0.0,"damage_taken":0.0},{"cards_removed":["Phantasmal Killer"],"damage_healed":0,"gold_gain":0,"player_choice":"Took Card","damage_taken":0,"max_hp_gain":0,"max_hp_loss":0,"event_name":"NoteForYourself","floor":39,"gold_loss":0,"cards_obtained":["Iron Wave"]}],"is_beta":false,"boss_relics":[{"not_picked":["Sozu","Lizard Tail"],"picked":"Ring of the Serpent"},{"not_picked":["Tiny House","HoveringKite"],"picked":"Calling Bell"}],"items_purged_floors":[10,22],"is_endless":false,"potions_floor_spawned":[2,12,14,20,24,27,33,35,36,42],"killed_by":"Transient","ascension_level":0}