{"gold_per_floor":[115,134,8,8,21,49,49,82,82,100,275,275,295,313,313,415,415,434,434,22,22,34,34],"floor_reached":23,"playtime":1247,"items_purged":[],"score":201,"play_id":"2e5094e3-a35f-4c61-b9fa-40a8987d8408","local_time":"20190202130525","is_ascension_mode":false,"campfire_choices":[{"floor":12,"key":"REST"},{"data":"Noxious Fumes","floor":15,"key":"SMITH"}],"neow_cost":"NONE","seed_source_timestamp":0,"circlet_count":0,"master_deck":["Defend_G","Defend_G","Defend_G","Defend_G","Defend_G","Strike_G","Strike_G","Strike_G","Strike_G","Strike_G","Survivor","Neutralize","Phantasmal Killer","Deadly Poison","Deflect","Slice","Noxious Fumes+1","PiercingWail","Noxious Fumes+1","Terror","Bouncing Flask+1","Doubt","Masterful Stab","Bouncing Flask+1","Glass Knife","Deflect+1","The Bomb+1","Good Instincts+1","Setup+1"],"special_seed":0,"relics":["Ring of the Serpent","Pocketwatch","Dodecahedron","Toxic Egg 2","Omamori","Ornamental Fan"],"potions_floor_usage":[18],"damage_taken":[{"damage":0.0,"enemies":"2 Louse","floor":1.0,"turns":4.0},{"damage":3.0,"enemies":"Jaw Worm","floor":2.0,"turns":4.0},{"damage":2.0,"enemies":"Cultist","floor":5.0,"turns":4.0},{"damage":25.0,"enemies":"Lagavulin","floor":6.0,"turns":8.0},{"damage":27,"enemies":"Gremlin Nob","floor":8,"turns":5},{"damage":0,"enemies":"Exordium Wildlife","floor":10,"turns":5},{"damage":1,"enemies":"Red Slaver","floor":13,"turns":3},{"damage":0,"enemies":"Large Slime","floor":14,"turns":5},{"damage":5,"enemies":"Hexaghost","floor":16,"turns":8},{"damage":12,"enemies":"Shell Parasite","floor":18,"turns":4},{"damage":24,"enemies":"2 Thieves","floor":22,"turns":4},{"damage":15,"enemies":"Snake Plant","floor":23,"turns":2}],"seed_played":"-6681644856574120224","potions_obtained":[{"floor":1.0,"key":"SpeedPotion"},{"floor":6.0,"key":"Dexterity Potion"},{"floor":16,"key":"Strength Potion"},{"floor":18,"key":"Ancient Potion"}],"is_trial":false,"path_per_floor":["M","M","$","?","M","E","?","E","T","M","?","R","M","M","R","B",null,"M","?","$","T","M","M"],"character_chosen":"THE_SILENT","items_purchased":["Slice","Noxious Fumes","The Bomb+1","Good Instincts+1","Omamori"],"campfire_rested":1,"item_purchase_floors":[3,3,20,20,20],"current_hp_per_floor":[70,67,67,72,70,45,45,18,18,18,18,40,39,39,39,34,75,63,63,63,63,39,24],"gold":34,"neow_bonus":"ONE_RANDOM_RARE_CARD","is_prod":false,"is_daily":false,"chose_seed":false,"campfire_upgraded":1,"win_rate":0,"timestamp":1549130725,"path_taken":["M","M","$","?","M","E","?","E","T","M","?","R","?","M","R","BOSS","M","?","?","?","?","M"],"build_version":"2019-01-23","purchased_purges":0,"victory":false,"max_hp_per_floor":[70,70,70,75,75,75,75,75,75,75,75,75,75,75,75,75,75,75,75,75,75,75,75],"card_choices":[{"not_picked":["Endless Agony","PiercingWail"],"picked":"Deadly Poison","floor":1.0},{"not_picked":["Cloak And Dagger","Dagger Spray"],"picked":"Deflect","floor":2.0},{"not_picked":["Choke","Blade Dance"],"picked":"PiercingWail","floor":5.0},{"not_picked":["Caltrops","Deflect"],"picked":"Noxious Fumes","floor":6.0},{"not_picked":["Heel Hook","Underhanded Strike"],"picked":"Terror","floor":8},{"not_picked":["Deadly Poison+1","Dodge and Roll+1"],"picked":"Bouncing Flask+1","floor":10},{"not_picked":["Acrobatics+1","Dagger Throw"],"picked":"Masterful Stab","floor":13},{"not_picked":["Dagger Spray","All Out Attack"],"picked":"Bouncing Flask+1","floor":14},{"not_picked":["Grand Finale","Unload"],"picked":"Glass Knife","floor":16},{"not_picked":["Tactician+1","Dagger Throw+1"],"picked":"Deflect+1","floor":18},{"not_picked":["Bane","Caltrops"],"picked":"Setup+1","floor":22}],"player_experience":405445,"relics_obtained":[{"floor":6.0,"key":"Pocketwatch"},{"floor":8,"key":"Dodecahedron"},{"floor":9,"key":"Toxic Egg 2"},{"floor":21,"key":"Ornamental Fan"}],"event_choices":[{"damage_healed":0.0,"max_hp_gain":5.0,"max_hp_loss":0.0,"gold_gain":0.0,"event_name":"Big Fish","player_choice":"Donut","floor":4.0,"gold_loss":0.0,"damage_taken":0.0},{"damage_healed":0,"gold_gain":0,"player_choice":"Searched \u00271\u0027 times","damage_taken":0,"max_hp_gain":0,"max_hp_loss":0,"event_name":"Dead Adventurer","floor":7,"gold_loss":0},{"damage_healed":0,"gold_gain":175,"player_choice":"AGREE","damage_taken":0,"max_hp_gain":0,"max_hp_loss":0,"event_name":"Liars Game","floor":11,"gold_loss":0,"cards_obtained":["Doubt"]},{"damage_healed":0,"gold_gain":0,"player_choice":"Upgraded","damage_taken":0,"max_hp_gain":0,"max_hp_loss":0,"event_name":"Upgrade Shrine","floor":19,"gold_loss":0,"cards_upgraded":["Noxious Fumes"]}],"is_beta":false,"boss_relics":[{"not_picked":["Tiny House","Busted Crown"],"picked":"Ring of the Serpent"}],"items_purged_floors":[],"is_endless":false,"potions_floor_spawned":[1,6,16,18],"killed_by":"Snake Plant","ascension_level":0}