{"gold_per_floor":[361,311,311,331,345,375,398,428,428,447,462,462,46,65,65,162,162,174,23,23,37,57,57,34,34,34,46,46],"floor_reached":28,"playtime":978,"items_purged":[],"score":253,"play_id":"7a32574b-d380-4c54-97aa-76282270dcda","local_time":"20190504230858","is_ascension_mode":true,"campfire_choices":[{"floor":12,"key":"REST"},{"data":"Zap","floor":15,"key":"SMITH"},{"data":"Loop","floor":23,"key":"SMITH"},{"floor":25,"key":"REST"}],"neow_cost":"CURSE","seed_source_timestamp":31539189118500,"circlet_count":0,"master_deck":["Zap+1","Dualcast","Loop","Go for the Eyes","Leap","Gash","Core Surge","Leap","Defragment","Gash","Biased Cognition","Capacitor+1","Tempest","Loop+1","Fusion+1","Force Field+1","Hologram","Cold Snap","Defragment"],"relics":["Cracked Core","Dream Catcher","Boot","Letter Opener","Dodecahedron","Tiny Chest","Lee\u0027s Waffle","Pandora\u0027s Box","Matryoshka"],"potions_floor_usage":[6,21,28,28],"damage_taken":[{"damage":4,"enemies":"2 Louse","floor":1,"turns":2},{"damage":1,"enemies":"Cultist","floor":4,"turns":3},{"damage":8,"enemies":"Small Slimes","floor":5,"turns":3},{"damage":39,"enemies":"Gremlin Nob","floor":6,"turns":5},{"damage":8,"enemies":"Lagavulin","floor":8,"turns":7},{"damage":0,"enemies":"Red Slaver","floor":10,"turns":3},{"damage":7,"enemies":"Exordium Wildlife","floor":11,"turns":4},{"damage":0,"enemies":"Looter","floor":14,"turns":3},{"damage":31,"enemies":"The Guardian","floor":16,"turns":11},{"damage":9,"enemies":"3 Byrds","floor":18,"turns":3},{"damage":13,"enemies":"2 Thieves","floor":21,"turns":3},{"damage":29,"enemies":"Centurion and Healer","floor":22,"turns":6},{"damage":34,"enemies":"Cultist and Chosen","floor":27,"turns":6},{"damage":21,"enemies":"Book of Stabbing","floor":28,"turns":3}],"seed_played":"-5723871879738415063","potions_obtained":[{"floor":1,"key":"PowerPotion"},{"floor":4,"key":"Energy Potion"},{"floor":11,"key":"Block Potion"},{"floor":16,"key":"FocusPotion"},{"floor":20,"key":"PowerPotion"},{"floor":27,"key":"FearPotion"}],"is_trial":false,"path_per_floor":["M","?","?","M","M","E","T","E","T","M","M","R","$","M","R","B",null,"M","$","?","M","M","R","$","R","T","M","E"],"character_chosen":"DEFECT","items_purchased":["Gash","Tiny Chest","Lee\u0027s Waffle","AttackPotion","Tempest","Loop","Hologram"],"campfire_rested":2,"item_purchase_floors":[13,13,13,13,19,19,24],"current_hp_per_floor":[71,71,71,70,62,23,23,15,15,15,8,29,79,79,79,48,79,70,70,70,57,28,28,28,51,51,17,0],"gold":46,"neow_bonus":"TWO_FIFTY_GOLD","is_prod":false,"is_daily":false,"chose_seed":false,"campfire_upgraded":2,"win_rate":0,"timestamp":1557007738,"path_taken":["M","?","?","M","?","E","?","E","T","M","M","R","$","M","R","BOSS","M","$","?","?","M","R","?","R","T","M","E"],"build_version":"2019-01-23","purchased_purges":0,"victory":false,"max_hp_per_floor":[75,72,72,72,72,72,72,72,72,72,72,72,79,79,79,79,79,79,79,79,79,79,79,79,79,79,79,79],"card_choices":[{"not_picked":["Turbo","Force Field"],"picked":"Loop","floor":1},{"not_picked":["FTL","Static Discharge"],"picked":"Go for the Eyes","floor":4},{"not_picked":["Beam Cell","Reprogram"],"picked":"Leap","floor":5},{"not_picked":["Rip and Tear","Sweeping Beam"],"picked":"Gash","floor":6},{"not_picked":["FTL","Turbo"],"picked":"Core Surge","floor":8},{"not_picked":["Lockon","Capacitor"],"picked":"Leap","floor":10},{"not_picked":["Redo","Compile Driver","Rainbow"],"picked":"SKIP","floor":11},{"not_picked":["Ball Lightning","Rebound"],"picked":"Defragment","floor":12},{"not_picked":["Steam Power","Aggregate","Reinforced Body"],"picked":"SKIP","floor":14},{"not_picked":["Amplify","All For One"],"picked":"Biased Cognition","floor":16},{"not_picked":["Lockon","Gash"],"picked":"Capacitor+1","floor":18},{"not_picked":["Barrage","White Noise"],"picked":"Fusion+1","floor":21},{"not_picked":["Fusion+1","Storm"],"picked":"Force Field+1","floor":22},{"not_picked":["Beam Cell+1","Rebound"],"picked":"Cold Snap","floor":25},{"not_picked":["Redo+1","Tempest"],"picked":"Defragment","floor":27}],"player_experience":59024,"relics_obtained":[{"floor":6,"key":"Dream Catcher"},{"floor":7,"key":"Boot"},{"floor":8,"key":"Letter Opener"},{"floor":9,"key":"Dodecahedron"},{"floor":26,"key":"Matryoshka"}],"event_choices":[{"cards_removed":["Parasite"],"damage_healed":0,"gold_gain":0,"player_choice":"Card Removal","damage_taken":0,"max_hp_gain":0,"max_hp_loss":0,"event_name":"The Cleric","floor":2,"gold_loss":50},{"cards_removed":["Strike_B"],"damage_healed":0,"gold_gain":0,"player_choice":"Purged","damage_taken":0,"max_hp_gain":0,"max_hp_loss":0,"event_name":"Purifier","floor":3,"gold_loss":0},{"damage_healed":0,"gold_gain":0,"player_choice":"Got Potions","damage_taken":0,"max_hp_gain":0,"max_hp_loss":0,"event_name":"Lab","floor":20,"gold_loss":0}],"is_beta":false,"boss_relics":[{"not_picked":["Coffee Dripper","Runic Pyramid"],"picked":"Pandora\u0027s Box"}],"items_purged_floors":[],"is_endless":false,"potions_floor_spawned":[1,4,11,16,18,27],"killed_by":"Book of Stabbing","ascension_level":2}