{"path_per_floor":["M","?","?","?","?","E","M","E","T","M","E","M","M","M","R","B",null,"M","?","M","M","M","R","?","M","T","T","$","?","?","M","R","B",null,"M","?","?","M","T","M","?","R","T","M","$","M","?","M","R","B"],"character_chosen":"DEFECT","items_purchased":["DataDisk","Force Field","Loop","Axe Kick","Trip","Pear"],"gold_per_floor":[116,116,116,116,116,148,167,197,197,211,239,259,269,282,282,384,384,397,397,413,427,441,441,441,457,457,537,38,38,38,52,52,151,151,165,165,165,181,255,268,268,268,268,285,37,57,57,67,67,67],"floor_reached":51,"campfire_rested":3,"playtime":4197,"current_hp_per_floor":[75,75,75,68,68,61,61,61,61,61,58,60,62,64,64,53,75,67,67,52,46,29,51,35,12,12,12,12,12,12,27,49,50,75,62,62,53,39,39,41,31,53,53,69,79,72,72,85,85,34],"items_purged":["Strike_B"],"gold":67,"score":696,"play_id":"45a1f59a-be5e-4a90-8cf7-5355019da0d1","local_time":"20180508114534","is_prod":false,"is_daily":false,"chose_seed":false,"is_ascension_mode":false,"campfire_upgraded":1,"timestamp":1525747534,"path_taken":["M","?","?","?","?","E","M","E","T","?","E","M","M","M","R","BOSS","M","?","?","M","M","R","?","M","T","?","$","?","?","M","R","BOSS","M","?","?","M","?","?","?","R","T","M","$","M","?","M","R","BOSS"],"build_version":"2018-05-03","seed_source_timestamp":7430061875292,"purchased_purges":1,"victory":true,"master_deck":["Defend_B","Defend_B","Defend_B","Zap","Dualcast","Go for the Eyes","Jack Of All Trades","Rainbow","Cold Snap","Storm","Seek","White Noise","Ball Lightning","Storm","Cold Snap","Capacitor","Loop","Creative AI+1","Capacitor","Beam Cell","Fission","Self Repair+1","Force Field","Loop","Axe Kick","Trip","Decay","Defragment","Thunder Strike","Hello World+1","Madness","Madness","White Noise+1","Barrage","Transmutation","Jack Of All Trades","Bandage Up","Leap","BootSequence+1","Tempest+1"],"max_hp_per_floor":[75,75,75,75,75,75,75,75,75,75,75,75,75,75,75,75,75,75,75,75,75,75,75,75,75,75,75,75,75,75,75,75,75,75,75,75,75,75,75,75,75,75,75,75,85,85,85,85,85,85],"relics":["Cracked Core","Unceasing Top","Thread and Needle","Sundial","Peace Pipe","Blood Vial","Lizard Tail","Nilry\u0027s Codex","Shuriken","Ornamental Fan","DataDisk","Ice Cream","Sozu","Frozen Egg 2","Cables","Pear"],"card_choices":[{"not_picked":["Stack","Undo"],"picked":"Go for the Eyes","floor":1},{"not_picked":["Static Discharge","Coolheaded"],"picked":"Storm","floor":6},{"not_picked":["Skim","Impulse"],"picked":"Seek","floor":7},{"not_picked":["Beam Cell","Skim"],"picked":"White Noise","floor":8},{"not_picked":["Coolheaded","Capacitor"],"picked":"Ball Lightning","floor":10},{"not_picked":["Rebound","Go for the Eyes"],"picked":"Storm","floor":11},{"not_picked":["Sweeping Beam","Auto Shields"],"picked":"Cold Snap","floor":12},{"not_picked":["Skim","Axe Kick"],"picked":"Capacitor","floor":13},{"not_picked":["Gash","Recycle"],"picked":"Loop","floor":14},{"not_picked":["Nova","Hyperbeam"],"picked":"Creative AI","floor":16},{"not_picked":["Aggregate","Stack"],"picked":"Capacitor","floor":18},{"not_picked":["Ball Lightning","Coolheaded"],"picked":"Beam Cell","floor":20},{"not_picked":["Axe Kick","Streamline"],"picked":"Fission","floor":22},{"not_picked":["Steam Power","Force Field"],"picked":"Self Repair","floor":25},{"not_picked":["Self Repair","Capacitor"],"picked":"Defragment","floor":31},{"not_picked":["Creative AI","Echo Form"],"picked":"Thunder Strike","floor":33},{"not_picked":["Doom and Gloom","Auto Shields"],"picked":"Hello World","floor":35},{"not_picked":["Storm","Rip and Tear"],"picked":"White Noise","floor":38},{"not_picked":["Chill","Axe Kick"],"picked":"Barrage","floor":40},{"not_picked":["Flash of Steel","Purity"],"picked":"Transmutation","floor":41},{"not_picked":["Purity","Madness"],"picked":"Jack Of All Trades","floor":41},{"not_picked":["Sadistic Nature","Finesse"],"picked":"Bandage Up","floor":41},{"not_picked":["Recycle","Reinforced Body"],"picked":"Leap","floor":44},{"not_picked":["Coolheaded","Impulse"],"picked":"BootSequence","floor":46},{"not_picked":["Ball Lightning","Self Repair"],"picked":"Tempest","floor":48}],"player_experience":46812,"potions_floor_usage":[11,11,16,18,21,31,33,35,48],"damage_taken":[{"damage":0,"enemies":"Small Slimes","floor":1,"turns":2},{"damage":7,"enemies":"Lagavulin","floor":6,"turns":5},{"damage":0,"enemies":"Cultist","floor":7,"turns":4},{"damage":0,"enemies":"3 Sentries","floor":8,"turns":9},{"damage":0,"enemies":"Jaw Worm","floor":10,"turns":3},{"damage":3,"enemies":"Lagavulin","floor":11,"turns":6},{"damage":0,"enemies":"Red Slaver","floor":12,"turns":3},{"damage":0,"enemies":"3 Louse","floor":13,"turns":2},{"damage":0,"enemies":"2 Fungi Beasts","floor":14,"turns":3},{"damage":13,"enemies":"Hexaghost","floor":16,"turns":6},{"damage":8,"enemies":"2 Thieves","floor":18,"turns":3},{"damage":17,"enemies":"3 Byrds","floor":20,"turns":3},{"damage":17,"enemies":"Snake Plant","floor":21,"turns":4},{"damage":19,"enemies":"3 Cultists","floor":22,"turns":6},{"damage":25,"enemies":"Slaver and Parasite","floor":25,"turns":6},{"damage":4,"enemies":"Sentry and Sphere","floor":31,"turns":5},{"damage":63,"enemies":"Collector","floor":33,"turns":7},{"damage":23,"enemies":"Flame Bruiser 1 Orb","floor":35,"turns":5},{"damage":26,"enemies":"3 Darklings","floor":38,"turns":7},{"damage":0,"enemies":"Maw","floor":40,"turns":5},{"damage":0,"enemies":"Flame Bruiser 2 Orb","floor":44,"turns":4},{"damage":34,"enemies":"3 Darklings","floor":46,"turns":7},{"damage":0,"enemies":"Spire Growth","floor":48,"turns":4},{"damage":65,"enemies":"Time Eater","floor":50,"turns":9}],"event_choices":[{"event_name":"Match and Keep!","player_choice":"2 cards matched","floor":2,"damage_taken":0},{"event_name":"Wheel of Change","player_choice":"Relic","floor":3,"damage_taken":0},{"event_name":"Golden Wing","player_choice":"Card Removal","floor":4,"damage_taken":0},{"event_name":"Living Wall","player_choice":"Change","floor":5,"damage_taken":0},{"event_name":"Ghosts","player_choice":"Ignored","floor":19,"damage_taken":0},{"event_name":"Cursed Tome","player_choice":"Obtained Book","floor":24,"damage_taken":0},{"event_name":"The Mausoleum","player_choice":"Yes","floor":29,"damage_taken":0},{"event_name":"Forgotten Altar","player_choice":"Smashed Altar","floor":30,"damage_taken":0},{"event_name":"Tomb of Lord Red Mask","player_choice":"Ignored","floor":36,"damage_taken":0},{"event_name":"Winding Halls","player_choice":"Embrace Madness","floor":37,"damage_taken":0},{"event_name":"SensoryStone","player_choice":"Memory 3","floor":41,"damage_taken":0}],"boss_relics":[{"not_picked":["Orrery","Snecko Eye"],"picked":"Lizard Tail"},{"not_picked":["Philosopher\u0027s Stone","Calling Bell"],"picked":"Sozu"}],"potions_floor_spawned":[6,7,12,13,16,18,22,31,33,40,48],"seed_played":"2798924788057533916","ascension_level":0,"is_trial":false}