{"path_per_floor":["M","?","?","M","M","E","M","R","T","R","M","M","?"],"character_chosen":"THE_SILENT","items_purchased":[],"gold_per_floor":[139,139,139,152,165,200,214,214,214,214,230,245,320,320],"floor_reached":14,"campfire_rested":0,"playtime":665,"current_hp_per_floor":[64,64,64,64,64,48,42,42,42,42,42,41,30,18],"items_purged":[],"gold":320,"score":101,"play_id":"8ec2d7ff-6061-4069-8d92-de831640bbfe","local_time":"20180406153936","is_prod":false,"is_daily":false,"is_ascension_mode":true,"campfire_upgraded":2,"timestamp":1522996776,"path_taken":["M","?","?","M","M","E","M","R","T","R","M","M","?","E"],"build_version":"2018-04-05v2","purchased_purges":0,"victory":false,"master_deck":["Defend_G","Defend_G","Defend_G","Defend_G","Defend_G","Strike_G","Strike_G","Strike_G","Strike_G","Strike_G","Survivor+1","Neutralize","All Out Attack+1","Backflip","Outmaneuver","Sucker Punch","Dash+1","Crippling Poison+1","Backstab","Escape Plan"],"max_hp_per_floor":[75,75,75,75,75,82,82,82,82,82,82,82,82,82],"relics":["Tiny House","Strawberry","Du-Vu Doll"],"card_choices":[{"not_picked":["Expertise","Bane"],"picked":"All Out Attack","floor":0},{"not_picked":["Well Laid Plans","Dagger Throw"],"picked":"Backflip","floor":1},{"not_picked":["Dagger Throw","Acrobatics"],"picked":"Outmaneuver","floor":4},{"not_picked":["Outmaneuver","Accuracy"],"picked":"Sucker Punch","floor":5},{"not_picked":["Predator","Sucker Punch"],"picked":"Dash","floor":6},{"not_picked":["PiercingWail","Dagger Throw"],"picked":"Crippling Poison","floor":7},{"not_picked":["Deflect","Endless Agony"],"picked":"Backstab","floor":11},{"not_picked":["Quick Slash","Accuracy"],"picked":"Escape Plan","floor":12}],"player_experience":142051,"potions_floor_usage":[6,11],"damage_taken":[{"damage":11,"enemies":"2 Louse","floor":1,"turns":2},{"damage":0,"enemies":"Cultist","floor":4,"turns":5},{"damage":0,"enemies":"Small Slimes","floor":5,"turns":2},{"damage":23,"enemies":"Lagavulin","floor":6,"turns":7},{"damage":6,"enemies":"Red Slaver","floor":7,"turns":3},{"damage":0,"enemies":"Lots of Slimes","floor":11,"turns":2},{"damage":1,"enemies":"2 Fungi Beasts","floor":12,"turns":3},{"damage":12,"enemies":"3 Sentries","floor":14,"turns":6}],"event_choices":[{"event_name":"The Woman in Blue","player_choice":"Bought 0 Potions","floor":2,"damage_taken":0},{"event_name":"Upgrade Shrine","player_choice":"Upgraded","floor":3,"damage_taken":0},{"event_name":"World of Goop","player_choice":"Gather Gold","floor":13,"damage_taken":0}],"boss_relics":[],"potions_floor_spawned":[1,4,6,11],"seed_played":"486212570672774134","killed_by":"3 Sentries","ascension_level":2,"is_trial":false}