{"gold_per_floor":[109,121,135,135,135,73,73,22,22,22,22,60,60,60,60,190,190,215,236,257,1,1],"floor_reached":22,"playtime":1425,"items_purged":[],"score":246,"play_id":"1ae887e8-f798-4ef0-99e4-4874b9ac18b7","local_time":"20180918004106","is_ascension_mode":true,"campfire_choices":[{"floor":7,"key":"REST"},{"data":"Gash","floor":10,"key":"SMITH"},{"floor":15,"key":"REST"}],"neow_cost":"PERCENT_DAMAGE","seed_source_timestamp":357309770279689,"circlet_count":0,"master_deck":["Strike_B","Strike_B","Strike_B","Strike_B+1","Defend_B","Defend_B","Defend_B","Defend_B","Zap","Dualcast+1","Machine Learning","Streamline+1","Gash","Gash+1","Leap","Glacier","Thunder Strike","Loop","Beam Cell+1","Capacitor","Go for the Eyes"],"relics":["Cracked Core","Golden Idol","DataDisk","Art of War","Bottled Tornado","Cursed Key","PrismaticShard"],"potions_floor_usage":[19,20,20,20],"damage_taken":[{"damage":2,"enemies":"Jaw Worm","floor":1,"turns":3},{"damage":7,"enemies":"Small Slimes","floor":2,"turns":3},{"damage":1,"enemies":"2 Louse","floor":3,"turns":2},{"damage":30,"enemies":"3 Sentries","floor":12,"turns":6},{"damage":4,"enemies":"Hexaghost","floor":16,"turns":11},{"damage":4,"enemies":"Shell Parasite","floor":18,"turns":4},{"damage":18,"enemies":"3 Byrds","floor":19,"turns":6},{"damage":22,"enemies":"Shelled Parasite and Fungi","floor":20,"turns":6},{"damage":19,"enemies":"Snake Plant","floor":22,"turns":3}],"seed_played":"1634064173091356160","potions_obtained":[{"floor":12,"key":"Weak Potion"},{"floor":16,"key":"SkillPotion"},{"floor":18,"key":"SkillPotion"},{"floor":19,"key":"Fruit Juice"}],"is_trial":false,"path_per_floor":["M","M","M","?","?","?","R","$","T","R","?","E","?","$","R","B",null,"M","M","M","$"],"character_chosen":"DEFECT","items_purchased":["Leap","PrismaticShard","Go for the Eyes"],"campfire_rested":2,"item_purchase_floors":[8,21,21],"current_hp_per_floor":[48,41,40,40,40,40,62,62,62,62,47,17,17,17,39,35,65,61,43,26,26,7],"gold":1,"neow_bonus":"THREE_RARE_CARDS","is_prod":false,"is_daily":false,"chose_seed":false,"campfire_upgraded":1,"win_rate":0,"timestamp":1537245666,"path_taken":["M","M","M","?","?","?","R","$","T","R","?","E","?","$","R","BOSS","M","M","M","$","M"],"build_version":"2018-09-06","purchased_purges":0,"victory":false,"max_hp_per_floor":[75,75,75,75,75,75,75,75,75,75,75,75,75,75,75,75,75,75,75,80,80,80],"card_choices":[{"not_picked":["Reboot","Meteor Strike"],"picked":"Machine Learning","floor":0},{"not_picked":["Cold Snap","Leap"],"picked":"Streamline","floor":1},{"not_picked":["Go for the Eyes","Leap"],"picked":"Gash","floor":2},{"not_picked":["Streamline","Stack"],"picked":"Gash","floor":3},{"not_picked":["Buffer","Aggregate"],"picked":"Glacier","floor":12},{"not_picked":["Rainbow","Meteor Strike"],"picked":"Thunder Strike","floor":16},{"not_picked":["Reprogram","Glacier"],"picked":"Loop","floor":18},{"not_picked":["Blizzard+1","Coolheaded"],"picked":"Beam Cell+1","floor":19},{"not_picked":["Recycle+1","Double Energy"],"picked":"Capacitor","floor":20}],"player_experience":286539,"relics_obtained":[{"floor":9,"key":"Art of War"},{"floor":12,"key":"Bottled Tornado"}],"event_choices":[{"event_name":"Living Wall","player_choice":"Grow","floor":4,"damage_taken":0},{"event_name":"Golden Idol","player_choice":"Take Wound","floor":5,"damage_taken":0},{"event_name":"WeMeetAgain","player_choice":"Gold","floor":6,"damage_taken":0},{"event_name":"Shining Light","player_choice":"Entered Light","floor":11,"damage_taken":0},{"event_name":"Wheel of Change","player_choice":"Card Removal","floor":13,"damage_taken":0}],"is_beta":false,"boss_relics":[{"not_picked":["Tiny House","Nuclear Battery"],"picked":"Cursed Key"}],"items_purged_floors":[],"is_endless":false,"potions_floor_spawned":[12,16,18,19],"killed_by":"Snake Plant","ascension_level":7}