{"path_per_floor":["M","M","M","?","M","R","E","R","T","R","$","?","M","E","R","B",null,"M","?","M","?","M","R","E","R","T","?","M","R","E","$","R","B",null,"M","?","?","M","T","R","E","M","T","M","$","M","M","M","R"],"character_chosen":"THE_SILENT","items_purchased":["Acrobatics","Slice","Bag of Marbles","Anchor","Bronze Scales","Slice"],"gold_per_floor":[12,24,40,40,54,54,81,81,108,108,9,9,24,55,55,157,157,168,83,94,94,106,106,132,132,156,156,173,173,206,53,53,156,156,170,170,170,187,259,259,289,303,330,340,27,37,49,63,63,63],"floor_reached":50,"campfire_rested":4,"playtime":4358,"current_hp_per_floor":[69,69,63,63,48,48,33,33,33,33,33,33,31,31,52,17,70,70,70,63,63,37,37,34,34,34,34,34,55,44,44,44,11,70,48,48,48,44,44,65,43,32,32,27,27,38,40,32,53,13],"items_purged":[],"gold":63,"score":627,"play_id":"4dcae42a-d8ab-4dbe-ab34-ecec8132f4c5","local_time":"20180405121245","is_prod":false,"is_daily":false,"is_ascension_mode":true,"campfire_upgraded":6,"timestamp":1522897965,"path_taken":["M","M","M","?","M","R","E","R","T","R","?","?","M","E","R","BOSS","M","?","M","?","M","R","E","R","T","?","M","R","E","?","R","BOSS","M","?","?","M","?","R","E","M","T","M","$","M","M","M","R","BOSS"],"build_version":"2018-03-29v2","purchased_purges":0,"victory":false,"master_deck":["Defend_G","Defend_G","Defend_G","Defend_G","Defend_G","Strike_G","Strike_G","Strike_G","Survivor","Neutralize","Infinite Blades","Concentrate+1","Flying Knee","Distraction+1","Skewer+1","Acrobatics","Slice","After Image","Predator+1","Tools of the Trade","Storm of Steel+1","Underhanded Strike","Backflip+1","Leg Sweep+1","Infinite Blades","Storm of Steel+1","Terror+1","Infinite Blades","Tools of the Trade","Leg Sweep","Quick Slash","Dodge and Roll","Sucker Punch+1","Underhanded Strike","Backflip+1","Cloak And Dagger+1","Quick Slash","Acrobatics+1","Predator","Slice","Calculated Gamble+1","Noxious Fumes"],"max_hp_per_floor":[70,70,70,70,70,70,70,70,70,70,70,70,70,70,70,70,70,70,70,70,70,70,70,70,70,70,70,70,70,70,70,70,70,70,70,70,70,70,70,70,70,70,70,70,70,70,72,72,72,72],"relics":["Ring of the Snake","Du-Vu Doll","Lantern","Pen Nib","Oddly Smooth Stone","Sozu","Ancient Tea Set","Bottled Flame","Orichalcum","Vajra","Bag of Marbles","Orrery","Meat on the Bone","Bag of Preparation","Singing Bowl","Anchor","Bronze Scales"],"card_choices":[{"not_picked":["Accuracy","Sucker Punch"],"picked":"Infinite Blades","floor":1.0},{"not_picked":["Eviscerate","Slice"],"picked":"Concentrate","floor":2.0},{"not_picked":["Dagger Throw","Poisoned Stab"],"picked":"Flying Knee","floor":3.0},{"not_picked":["Slice","Reflex"],"picked":"Distraction","floor":5.0},{"not_picked":["Bane","Escape Plan"],"picked":"Skewer","floor":7.0},{"not_picked":["Choke","Crippling Poison"],"picked":"Predator","floor":13.0},{"not_picked":["Skewer","Dagger Spray"],"picked":"Tools of the Trade","floor":14.0},{"not_picked":["Venomology","Corpse Explosion"],"picked":"Storm of Steel","floor":16.0},{"not_picked":["Reflex","Deadly Poison"],"picked":"Underhanded Strike","floor":18.0},{"not_picked":["Bouncing Flask","Heel Hook"],"picked":"Backflip","floor":20.0},{"not_picked":["Dagger Throw","Bane"],"picked":"Leg Sweep","floor":22.0},{"not_picked":["Deadly Poison","Dagger Spray"],"picked":"Infinite Blades","floor":24.0},{"not_picked":["Choke","Dagger Spray"],"picked":"Terror","floor":28.0},{"not_picked":["Die Die Die","Reflex"],"picked":"Infinite Blades","floor":30.0},{"not_picked":["Adrenaline","Envenom"],"picked":"Tools of the Trade","floor":33.0},{"not_picked":["Finisher","Skewer"],"picked":"Leg Sweep","floor":34.0},{"not_picked":["Bane","Dagger Spray"],"picked":"Quick Slash","floor":34.0},{"not_picked":["Heel Hook","Flying Knee"],"picked":"Dodge and Roll","floor":34.0},{"not_picked":["Die Die Die","Quick Slash"],"picked":"Sucker Punch","floor":34.0},{"not_picked":["Caltrops","Poisoned Stab"],"picked":"Underhanded Strike","floor":34.0},{"not_picked":["Calculated Gamble","Distraction"],"picked":"Backflip","floor":35},{"not_picked":["Deadly Poison","PiercingWail"],"picked":"Cloak And Dagger","floor":38},{"not_picked":["Corpse Explosion","Cloak And Dagger"],"picked":"Quick Slash","floor":41},{"not_picked":["Finisher","Slice"],"picked":"Acrobatics","floor":42},{"not_picked":["Acrobatics","Distraction"],"picked":"Predator","floor":44},{"not_picked":["Dash","Bane"],"picked":"Calculated Gamble","floor":46},{"not_picked":["Slice","All Out Attack"],"picked":"Noxious Fumes","floor":48}],"player_experience":133377,"potions_floor_usage":[50,50],"damage_taken":[{"damage":1.0,"enemies":"Small Slimes","floor":1.0,"turns":4.0},{"damage":0.0,"enemies":"Cultist","floor":2.0,"turns":3.0},{"damage":6.0,"enemies":"2 Louse","floor":3.0,"turns":3.0},{"damage":15.0,"enemies":"Exordium Thugs","floor":5.0,"turns":5.0},{"damage":15.0,"enemies":"Gremlin Nob","floor":7.0,"turns":5.0},{"damage":2.0,"enemies":"3 Louse","floor":13.0,"turns":2.0},{"damage":0.0,"enemies":"Lagavulin","floor":14.0,"turns":5.0},{"damage":35.0,"enemies":"The Guardian","floor":16.0,"turns":13.0},{"damage":0.0,"enemies":"3 Byrds","floor":18.0,"turns":5.0},{"damage":7.0,"enemies":"Shell Parasite","floor":20.0,"turns":4.0},{"damage":26.0,"enemies":"Centurion and Healer","floor":22.0,"turns":7.0},{"damage":3.0,"enemies":"Gremlin Leader","floor":24.0,"turns":5.0},{"damage":0.0,"enemies":"Snake Plant","floor":28.0,"turns":2.0},{"damage":11.0,"enemies":"Slavers","floor":30.0,"turns":5.0},{"damage":33.0,"enemies":"Automaton","floor":33.0,"turns":9.0},{"damage":22,"enemies":"3 Darklings","floor":35,"turns":6},{"damage":4,"enemies":"Orb Walker","floor":38,"turns":3},{"damage":34,"enemies":"Nemesis","floor":41,"turns":5},{"damage":23,"enemies":"3 Darklings","floor":42,"turns":5},{"damage":17,"enemies":"Sphere and 2 Shapes","floor":44,"turns":8},{"damage":1,"enemies":"Maw","floor":46,"turns":6},{"damage":0,"enemies":"3 Darklings","floor":47,"turns":2},{"damage":20,"enemies":"Sphere and 2 Shapes","floor":48,"turns":7},{"damage":40,"enemies":"Donu and Deca","floor":50,"turns":6}],"event_choices":[{"event_name":"The Lab","player_choice":"Got Potions","floor":4.0,"damage_taken":0.0},{"event_name":"Transmorgrifier","player_choice":"Transform","floor":12.0,"damage_taken":0.0},{"event_name":"Addict","player_choice":"Obtained Relic","floor":19.0,"damage_taken":0.0},{"event_name":"Back to Basics","player_choice":"Elegance","floor":21.0,"damage_taken":0.0},{"event_name":"Duplicator","player_choice":"One dupe","floor":27.0,"damage_taken":0.0},{"event_name":"Tomb of Lord Red Mask","player_choice":"Ignored","floor":36,"damage_taken":0},{"event_name":"Upgrade Shrine","player_choice":"Upgraded","floor":37,"damage_taken":0}],"boss_relics":[],"potions_floor_spawned":[1,3,7,14,22,30,33,35,44,46,47],"seed_played":"-2834508645495329603","killed_by":"Donu and Deca","ascension_level":2,"is_trial":false}