{"path_per_floor":["M","M","M","M","M","R","$","R","T","E","?","$","E","M","R","B",null,"M","T","M","M","M","R","?","E","T","E","?","M","$","M","R"],"character_chosen":"THE_SILENT","items_purchased":["Night Terror","Dagger Spray","Block Potion","Gremlin Horn"],"gold_per_floor":[111,127,140,160,174,174,17,17,17,44,44,20,94,107,107,231,231,245,298,323,342,361,361,361,399,468,506,406,421,64,87,87],"floor_reached":33,"campfire_rested":3,"playtime":2070,"current_hp_per_floor":[70,70,67,64,51,51,51,51,51,29,29,29,24,24,45,8,70,60,60,55,34,22,43,66,42,42,23,23,16,16,8,29],"items_purged":["Strike_G"],"gold":87,"score":299,"play_id":"a943f9ec-aeaa-45a7-8afa-b6b42d34e62b","is_prod":false,"is_daily":false,"is_ascension_mode":false,"campfire_upgraded":2,"path_taken":["M","M","M","M","M","R","?","R","T","E","?","$","E","M","R","BOSS","M","?","M","M","M","R","?","E","T","E","?","M","$","M","R","BOSS"],"build_version":"2018-02-22-PROD2","purchased_purges":1,"victory":false,"master_deck":["Defend_G","Defend_G","Defend_G","Defend_G","Defend_G","Strike_G","Strike_G","Strike_G","Strike_G","Survivor","Neutralize","Dagger Throw","Flying Knee","Dagger Throw","Well Laid Plans","Eviscerate+1","Night Terror+1","Die Die Die","Injury","Dagger Spray","Dagger Spray","Dagger Throw","Phantasmal Killer","Backstab","Writhe","Leg Sweep","Calculated Gamble+1","Dagger Spray","Clumsy","J.A.X.","Choke","Catalyst"],"max_hp_per_floor":[70,70,70,70,70,70,70,70,70,70,70,70,70,70,70,70,70,70,70,70,70,70,70,70,70,70,70,70,70,70,70,70],"relics":["Velvet Choker","Du-Vu Doll","Orichalcum","Golden Idol","Tiny Chest","Cursed Key","Juzu Bracelet","Bag of Preparation","Smiling Mask","Mercury Hourglass","Gremlin Horn"],"card_choices":[{"not_picked":["Outmaneuver","Sucker Punch"],"picked":"Dagger Throw"},{"not_picked":["Acrobatics","Dodge and Roll"],"picked":"Flying Knee"},{"not_picked":["Quick Slash","Slice"],"picked":"Dagger Throw"},{"not_picked":["Heel Hook","Backflip"],"picked":"Well Laid Plans"},{"not_picked":["Expertise","Infinite Blades"],"picked":"Eviscerate"},{"not_picked":["Predator","Acrobatics"],"picked":"Die Die Die"},{"not_picked":["Prepared","Deflect"],"picked":"Dagger Spray"},{"not_picked":["Prepared","Endless Agony"],"picked":"Dagger Throw"},{"not_picked":["Die Die Die","Tools of the Trade"],"picked":"Phantasmal Killer"},{"not_picked":["Deflect","Flechettes"],"picked":"Backstab"},{"not_picked":["Dodge and Roll","Masterful Stab"],"picked":"Leg Sweep"},{"not_picked":["Reflex","Backflip"],"picked":"Calculated Gamble"},{"not_picked":["Deadly Poison","Deflect"],"picked":"Dagger Spray"},{"not_picked":["Bullet Time","Dagger Throw"],"picked":"Choke"},{"not_picked":["Backflip","Slice"],"picked":"Catalyst"}],"player_experience":14130,"potions_floor_usage":[10,16,18,21,27,33],"damage_taken":[{"damage":0,"enemies":"Cultist","floor":1,"turns":5},{"damage":0,"enemies":"Small Slimes","floor":2,"turns":3},{"damage":3,"enemies":"Jaw Worm","floor":3,"turns":3},{"damage":3,"enemies":"3 Louse","floor":4,"turns":3},{"damage":13,"enemies":"Exordium Thugs","floor":5,"turns":6},{"damage":31,"enemies":"Lagavulin","floor":10,"turns":6},{"damage":5,"enemies":"3 Sentries","floor":13,"turns":5},{"damage":0,"enemies":"Blue Slaver","floor":14,"turns":2},{"damage":37,"enemies":"The Guardian","floor":16,"turns":11},{"damage":10,"enemies":"2 Thieves","floor":18,"turns":3},{"damage":5,"enemies":"Spheric Guardian","floor":20,"turns":3},{"damage":21,"enemies":"Snake Plant","floor":21,"turns":4},{"damage":12,"enemies":"3 Cultists","floor":22,"turns":4},{"damage":24,"enemies":"Book of Stabbing","floor":25,"turns":5},{"damage":19,"enemies":"Slavers","floor":27,"turns":4},{"damage":7,"enemies":"Slaver and Parasite","floor":29,"turns":4},{"damage":8,"enemies":"Snake Plant","floor":31,"turns":3},{"damage":64,"enemies":"Automaton","floor":33,"turns":6}],"event_choices":[{"event_name":"Golden Idol","player_choice":"Take Wound","floor":11,"damage_taken":0},{"event_name":"The Library","player_choice":"Heal","floor":24,"damage_taken":0},{"event_name":"Drug Dealer","player_choice":"Got JAXXED","floor":28,"damage_taken":0}],"boss_relics":[{"not_picked":["Runic Pyramid","Ectoplasm"],"picked":"Cursed Key"}],"potions_floor_spawned":[4,5,13,14,25,29,31],"seed_played":"-4427719578028674727","killed_by":"Automaton","ascension_level":0,"is_trial":false}