{"gold_per_floor":[112,129,129,145,145,185,185,150,173,20,53,53,97,97,97,97],"floor_reached":16,"playtime":988,"items_purged":[],"score":133,"play_id":"7531f710-4c46-4fdc-965e-327104fcfd99","local_time":"20190915164935","is_ascension_mode":true,"campfire_choices":[{"data":"Genetic Algorithm","floor":7.0,"key":"SMITH"},{"data":"Defragment","floor":12.0,"key":"SMITH"},{"data":"Go for the Eyes","floor":15.0,"key":"SMITH"}],"neow_cost":"PERCENT_DAMAGE","seed_source_timestamp":94386242930100,"circlet_count":0,"master_deck":["Strike_B","Strike_B","Strike_B","Strike_B","Defend_B","Defend_B","Defend_B+1","Defend_B","Zap","Dualcast+1","Go for the Eyes+1","Rebound","Glacier","Genetic Algorithm+1","Defragment+1","Auto Shields"],"special_seed":0,"relics":["Cracked Core","Nunchaku","Golden Idol","Bag of Marbles","War Paint","OrangePellets","Matryoshka","Darkstone Periapt","Torii"],"potions_floor_usage":[],"damage_taken":[{"damage":3.0,"enemies":"Jaw Worm","floor":1.0,"turns":4.0},{"damage":0.0,"enemies":"Small Slimes","floor":2.0,"turns":3.0},{"damage":11.0,"enemies":"2 Louse","floor":4.0,"turns":3.0},{"damage":12.0,"enemies":"Lagavulin","floor":6.0,"turns":6.0},{"damage":13.0,"enemies":"Gremlin Nob","floor":11.0,"turns":4.0},{"damage":15.0,"enemies":"3 Sentries","floor":13.0,"turns":9.0},{"damage":15,"enemies":"Hexaghost","floor":16,"turns":15}],"seed_played":"-4087623092760058628","potions_obtained":[{"floor":1.0,"key":"Fire Potion"},{"floor":6.0,"key":"FocusPotion"}],"is_trial":false,"path_per_floor":["M","M","?","M","?","E","R","?","T","$","E","R","E","?","R","B"],"character_chosen":"DEFECT","items_purchased":["OrangePellets"],"campfire_rested":0,"item_purchase_floors":[10],"current_hp_per_floor":[51,51,51,40,40,28,28,45,45,45,32,32,17,14,14,0],"gold":97,"neow_bonus":"ONE_RARE_RELIC","is_prod":false,"is_daily":false,"chose_seed":false,"campfire_upgraded":3,"win_rate":0,"timestamp":1568558975,"path_taken":["M","M","?","M","?","E","R","?","T","?","E","R","E","?","R","BOSS"],"build_version":"2019-09-12","purchased_purges":0,"victory":false,"max_hp_per_floor":[75,75,75,75,69,69,69,69,69,69,69,69,69,69,69,69],"card_choices":[{"not_picked":["Reprogram","Turbo"],"picked":"Go for the Eyes","floor":1.0},{"not_picked":["Go for the Eyes","Barrage"],"picked":"Rebound","floor":2.0},{"not_picked":["Barrage","Recycle"],"picked":"Glacier","floor":4.0},{"not_picked":["Consume","Thunder Strike"],"picked":"Genetic Algorithm","floor":6.0},{"not_picked":["Core Surge","Blizzard"],"picked":"Defragment","floor":11.0},{"not_picked":["Sweeping Beam","Compile Driver"],"picked":"Auto Shields","floor":13.0}],"player_experience":233197,"relics_obtained":[{"floor":6.0,"key":"Bag of Marbles"},{"floor":9.0,"key":"War Paint"},{"floor":11.0,"key":"Matryoshka"},{"floor":13.0,"key":"Darkstone Periapt"}],"event_choices":[{"damage_healed":0.0,"max_hp_gain":0.0,"max_hp_loss":0.0,"gold_gain":0.0,"event_name":"Liars Game","player_choice":"Ignored","floor":3.0,"gold_loss":0.0,"damage_taken":0.0},{"damage_healed":0.0,"max_hp_gain":0.0,"max_hp_loss":6.0,"gold_gain":0.0,"event_name":"Golden Idol","player_choice":"Lose Max HP","floor":5.0,"gold_loss":0.0,"damage_taken":0.0,"relics_obtained":["Golden Idol"]},{"damage_healed":17.0,"max_hp_gain":0.0,"max_hp_loss":0.0,"gold_gain":0.0,"event_name":"The Cleric","player_choice":"Healed","floor":8.0,"gold_loss":35.0,"damage_taken":0.0},{"damage_healed":0.0,"max_hp_gain":0.0,"max_hp_loss":0.0,"gold_gain":0.0,"event_name":"Scrap Ooze","player_choice":"Success","floor":14.0,"gold_loss":0.0,"damage_taken":3.0,"relics_obtained":["Torii"]}],"is_beta":true,"boss_relics":[],"items_purged_floors":[],"is_endless":false,"potions_floor_spawned":[1,6],"killed_by":"Hexaghost","ascension_level":3}