{"gold_per_floor":[99,99,99,99,99,99,99,99,99,84,84,84,10,10,10,10,10,10,10,0,0,0,0,0,0,0,0,0,0,0,0,0,0,0,0,0,0,0,0,0,0,0,0,0,0,0,0,0,0,0],"floor_reached":51,"playtime":3092,"items_purged":[],"score":933,"play_id":"6203c4d7-9c64-4ba8-85f9-21df1ea714c9","local_time":"20181028065548","is_ascension_mode":true,"campfire_choices":[{"data":"Skewer","floor":7,"key":"SMITH"},{"floor":12,"key":"DIG"},{"floor":15,"key":"REST"},{"floor":23,"key":"DIG"},{"floor":27,"key":"REST"},{"floor":29,"key":"DIG"},{"floor":32,"key":"REST"},{"floor":40,"key":"DIG"},{"floor":42,"key":"DIG"},{"floor":44,"key":"DIG"},{"floor":49,"key":"REST"}],"neow_cost":"NONE","seed_source_timestamp":1580106596800910,"circlet_count":0,"master_deck":["Survivor","Neutralize","Skewer+1","Terror","Dagger Spray","Well Laid Plans","Footwork","Masterful Stab+1","Cloak And Dagger","Venomology","Choke+1","Slice+1","Infinite Blades+1","Quick Slash+1","Backflip","Cloak And Dagger","Trip","Footwork","Blur+1","Glass Knife+1","Deflect","Expertise","Blade Dance","Slice+1","Prepared","Sucker Punch+1","Dagger Throw+1","Slice+1","Dash+1","Caltrops+1","Sucker Punch+1","Accuracy","Blur+1","Blur+1"],"relics":["Ectoplasm","Shovel","Incense Burner","Nunchaku","Molten Egg 2","Fusion Hammer","Tingsha","Question Card","Regal Pillow","Potion Belt","Red Mask","Pandora\u0027s Box","WarpedTongs","Anchor","Meat on the Bone","Pear","Shuriken"],"potions_floor_usage":[11,16,18,18,18,20,21,22,24,25,30,33,33,33,41,41,41,45,50,50,50,50],"damage_taken":[{"damage":1,"enemies":"Jaw Worm","floor":1,"turns":5},{"damage":0,"enemies":"Small Slimes","floor":2,"turns":2},{"damage":0,"enemies":"Cultist","floor":5,"turns":3},{"damage":6,"enemies":"3 Louse","floor":6,"turns":2},{"damage":19,"enemies":"3 Sentries","floor":8,"turns":9},{"damage":0,"enemies":"Looter","floor":10,"turns":2},{"damage":0,"enemies":"Gremlin Nob","floor":11,"turns":2},{"damage":7,"enemies":"Red Slaver","floor":14,"turns":4},{"damage":5,"enemies":"The Guardian","floor":16,"turns":9},{"damage":0,"enemies":"3 Byrds","floor":18,"turns":2},{"damage":6,"enemies":"2 Thieves","floor":20,"turns":4},{"damage":2,"enemies":"Chosen and Byrds","floor":21,"turns":5},{"damage":29,"enemies":"Snecko","floor":22,"turns":5},{"damage":0,"enemies":"3 Cultists","floor":24,"turns":3},{"damage":16,"enemies":"Book of Stabbing","floor":25,"turns":4},{"damage":11,"enemies":"Masked Bandits","floor":30,"turns":4},{"damage":24,"enemies":"Shelled Parasite and Fungi","floor":31,"turns":4},{"damage":31,"enemies":"Champ","floor":33,"turns":8},{"damage":1,"enemies":"Orb Walker","floor":35,"turns":3},{"damage":26,"enemies":"3 Shapes","floor":38,"turns":6},{"damage":0,"enemies":"Writhing Mass","floor":41,"turns":4},{"damage":36,"enemies":"4 Shapes","floor":45,"turns":7},{"damage":17,"enemies":"Sphere and 2 Shapes","floor":48,"turns":4},{"damage":24,"enemies":"Donu and Deca","floor":50,"turns":7}],"seed_played":"-8834564152801690156","potions_obtained":[{"floor":2,"key":"Energy Potion"},{"floor":10,"key":"EssenceOfSteel"},{"floor":14,"key":"Explosive Potion"},{"floor":16,"key":"EssenceOfSteel"},{"floor":21,"key":"Dexterity Potion"},{"floor":22,"key":"Explosive Potion"},{"floor":31,"key":"Swift Potion"},{"floor":35,"key":"Energy Potion"},{"floor":38,"key":"Ancient Potion"}],"is_trial":false,"path_per_floor":["M","M","?","?","M","M","R","E","T","M","E","R","$","M","R","B",null,"M","?","M","M","M","R","M","E","T","R","?","R","?","M","R","B",null,"M","?","?","M","?","R","M","R","T","R","M","$","?","M","R","B"],"character_chosen":"THE_SILENT","items_purchased":["Masterful Stab+1"],"campfire_rested":4,"item_purchase_floors":[13],"current_hp_per_floor":[62,62,55,55,55,49,49,30,30,30,30,30,30,23,44,39,62,62,80,74,72,43,43,43,27,27,66,50,50,39,15,54,23,66,65,65,65,39,39,39,51,51,61,61,37,37,37,32,74,50],"gold":0,"neow_bonus":"BOSS_RELIC","is_prod":false,"is_daily":false,"chose_seed":false,"campfire_upgraded":1,"win_rate":0,"timestamp":1540724148,"path_taken":["M","M","?","?","M","M","R","E","T","M","E","R","$","M","R","BOSS","M","?","?","M","M","R","M","E","T","R","?","R","?","M","R","BOSS","M","?","?","M","?","R","M","R","T","R","?","$","?","M","R","BOSS"],"build_version":"2018-10-25v2","purchased_purges":0,"victory":true,"max_hp_per_floor":[70,70,70,70,70,70,70,70,70,70,70,70,70,70,70,70,70,70,80,80,80,80,80,80,80,80,80,80,80,80,80,80,80,80,80,80,80,80,80,80,80,80,90,90,90,90,90,90,90,90],"card_choices":[{"not_picked":["Backflip","Dagger Throw"],"picked":"Skewer","floor":1},{"not_picked":["Flying Knee","Bane"],"picked":"Terror","floor":2},{"not_picked":["Slice","Underhanded Strike"],"picked":"Dagger Spray","floor":5},{"not_picked":["Poisoned Stab","Acrobatics"],"picked":"Well Laid Plans","floor":6},{"not_picked":["Concentrate","Bane","Dagger Spray"],"picked":"SKIP","floor":8},{"not_picked":["Dodge and Roll","Backflip"],"picked":"Footwork","floor":10},{"not_picked":["Finisher","Predator"],"picked":"Venomology","floor":11},{"not_picked":["PiercingWail","Accuracy"],"picked":"Cloak And Dagger","floor":14},{"not_picked":["A Thousand Cuts","Bullet Time"],"picked":"Venomology","floor":16},{"not_picked":["Bouncing Flask+1","Masterful Stab+1"],"picked":"Choke+1","floor":18},{"not_picked":["Backflip","Acrobatics"],"picked":"Slice+1","floor":20},{"not_picked":["Endless Agony+1","Prepared+1"],"picked":"Infinite Blades+1","floor":21},{"not_picked":["Crippling Poison","Outmaneuver"],"picked":"Quick Slash+1","floor":22},{"not_picked":["Bane+1","Poisoned Stab+1"],"picked":"Backflip","floor":24},{"not_picked":["Bouncing Flask","Sucker Punch+1"],"picked":"Cloak And Dagger","floor":25},{"not_picked":["Dagger Spray+1","Sucker Punch+1","Expertise"],"picked":"Footwork","floor":30},{"not_picked":["Crippling Poison","Dodge and Roll+1","Quick Slash+1"],"picked":"Blur+1","floor":31},{"not_picked":["Die Die Die+1","Malaise","Corpse Explosion"],"picked":"Glass Knife+1","floor":33},{"not_picked":["Outmaneuver","Poisoned Stab+1","Dodge and Roll"],"picked":"Dash+1","floor":35},{"not_picked":["Bane+1","Dagger Spray+1","Flying Knee+1"],"picked":"Caltrops+1","floor":38},{"not_picked":["Endless Agony+1","Bane+1","Dagger Spray+1"],"picked":"Sucker Punch+1","floor":41},{"not_picked":["Underhanded Strike+1","Concentrate","Tactician"],"picked":"Accuracy","floor":45},{"not_picked":["Terror","Cloak And Dagger+1","Dagger Throw+1"],"picked":"Blur+1","floor":48}],"player_experience":300885,"relics_obtained":[{"floor":8,"key":"Shovel"},{"floor":9,"key":"Incense Burner"},{"floor":11,"key":"Nunchaku"},{"floor":12,"key":"Molten Egg 2"},{"floor":23,"key":"Tingsha"},{"floor":25,"key":"Question Card"},{"floor":26,"key":"Regal Pillow"},{"floor":29,"key":"Potion Belt"},{"floor":30,"key":"Red Mask"},{"floor":40,"key":"Anchor"},{"floor":42,"key":"Meat on the Bone"},{"floor":43,"key":"Pear"},{"floor":44,"key":"Shuriken"}],"event_choices":[{"cards_removed":["Strike_G"],"damage_healed":0,"gold_gain":0,"player_choice":"Card Removal","damage_taken":7,"max_hp_gain":0,"max_hp_loss":0,"event_name":"Golden Wing","floor":3,"gold_loss":0},{"cards_removed":["Strike_G"],"damage_healed":0,"gold_gain":0,"player_choice":"Purged","damage_taken":0,"max_hp_gain":0,"max_hp_loss":0,"event_name":"Purifier","floor":4,"gold_loss":0},{"cards_removed":["Venomology"],"damage_healed":8,"gold_gain":0,"player_choice":"Offered Rare","damage_taken":0,"max_hp_gain":10,"max_hp_loss":0,"event_name":"Bonfire Elementals","floor":19,"gold_loss":0},{"damage_healed":0,"gold_gain":0,"player_choice":"CARD ","damage_taken":16,"max_hp_gain":0,"max_hp_loss":0,"event_name":"Knowing Skull","floor":28,"potions_obtained":[],"gold_loss":0,"cards_obtained":["Trip"]},{"damage_healed":0,"gold_gain":0,"player_choice":"Fought Bandits","damage_taken":0,"max_hp_gain":0,"max_hp_loss":0,"event_name":"Masked Bandits","floor":30,"gold_loss":0},{"damage_healed":0,"gold_gain":0,"player_choice":"Rummage","damage_taken":0,"relics_obtained":["WarpedTongs"],"max_hp_gain":0,"max_hp_loss":0,"event_name":"Accursed Blacksmith","floor":36,"gold_loss":0,"cards_obtained":["Pain"]},{"cards_removed":["Pain"],"damage_healed":0,"gold_gain":0,"player_choice":"Purged","damage_taken":0,"max_hp_gain":0,"max_hp_loss":0,"event_name":"Purifier","floor":37,"gold_loss":0},{"damage_healed":0,"gold_gain":0,"player_choice":"Ignored","damage_taken":0,"max_hp_gain":0,"max_hp_loss":0,"event_name":"SecretPortal","floor":39,"gold_loss":0},{"damage_healed":0,"gold_gain":0,"player_choice":"Copied","damage_taken":0,"max_hp_gain":0,"max_hp_loss":0,"event_name":"Duplicator","floor":47,"gold_loss":0,"cards_obtained":["Blur"]}],"is_beta":false,"boss_relics":[{"not_picked":["Snecko Eye","HoveringKite"],"picked":"Fusion Hammer"},{"not_picked":["Empty Cage","Coffee Dripper"],"picked":"Pandora\u0027s Box"}],"items_purged_floors":[],"is_endless":false,"potions_floor_spawned":[2,10,14,16,21,22,31,35,38],"ascension_level":7}