{"gold_per_floor":[11,11,11,11,11,11,24,24,24,24,24,39,82,41,41,167,167,183,204,97,110,124,124,137,137,194,194,194,194,271,287,287,417,417,441,441,454,454,475,475,89,89,115,115,115,115,136,136,136,136],"floor_reached":51,"playtime":1784,"items_purged":[],"score":666,"play_id":"6f27d0e3-40e9-4150-8047-7f1358882336","local_time":"20190916233251","is_ascension_mode":false,"campfire_choices":[{"data":"Dualcast","floor":6,"key":"SMITH"},{"data":"Stack","floor":8,"key":"SMITH"},{"data":"BootSequence","floor":10,"key":"SMITH"},{"data":"Sunder","floor":15,"key":"SMITH"},{"floor":23,"key":"REST"},{"floor":25,"key":"REST"},{"data":"Hyperbeam","floor":28,"key":"SMITH"},{"floor":32,"key":"REST"},{"floor":40,"key":"REST"},{"floor":44,"key":"REST"},{"data":"Static Discharge","floor":46,"key":"SMITH"},{"floor":49,"key":"REST"}],"neow_cost":"NO_GOLD","seed_source_timestamp":188149232066991,"circlet_count":0,"master_deck":["Strike_B","Strike_B","Strike_B","Strike_B","Defend_B+1","Defend_B","Defend_B","Defend_B+1","Zap+1","Dualcast+1","BootSequence+1","Stack+1","Ball Lightning","Sunder+1","Capacitor","Hyperbeam+1","Steam Power+1","Leap+1","Static Discharge+1","Barrage","Cold Snap","Hello World","Melter+1","Compile Driver+1","Electrodynamics","Cold Snap+1","Streamline+1","Parasite","Gash+1","Finesse+1","Rebound+1"],"relics":["Cracked Core","Golden Idol","Bottled Lightning","Shuriken","WingedGreaves","SlaversCollar","Tiny Chest","MutagenicStrength","Toxic Egg 2","Runic Pyramid","Pear","Bronze Scales","Bag of Marbles"],"potions_floor_usage":[16,33,39,50],"damage_taken":[{"damage":1,"enemies":"Cultist","floor":1,"turns":3},{"damage":0,"enemies":"2 Louse","floor":7,"turns":2},{"damage":0,"enemies":"Jaw Worm","floor":12,"turns":2},{"damage":9,"enemies":"3 Sentries","floor":13,"turns":6},{"damage":35,"enemies":"Hexaghost","floor":16,"turns":11},{"damage":15,"enemies":"Spheric Guardian","floor":18,"turns":5},{"damage":2,"enemies":"2 Thieves","floor":19,"turns":3},{"damage":24,"enemies":"Chosen and Byrds","floor":21,"turns":6},{"damage":20,"enemies":"Centurion and Healer","floor":22,"turns":9},{"damage":20,"enemies":"Snake Plant","floor":24,"turns":4},{"damage":2,"enemies":"Snecko","floor":31,"turns":3},{"damage":61,"enemies":"Automaton","floor":33,"turns":8},{"damage":6,"enemies":"3 Darklings","floor":35,"turns":3},{"damage":0,"enemies":"3 Shapes","floor":37,"turns":3},{"damage":70,"enemies":"Writhing Mass","floor":39,"turns":10},{"damage":19,"enemies":"Sphere and 2 Shapes","floor":47,"turns":4},{"damage":109,"enemies":"Donu and Deca","floor":50,"turns":8}],"seed_played":"-8112549823137940784","potions_obtained":[{"floor":7,"key":"Swift Potion"},{"floor":13,"key":"SneckoOil"},{"floor":19,"key":"SpeedPotion"},{"floor":22,"key":"FearPotion"},{"floor":37,"key":"Explosive Potion"},{"floor":39,"key":"Regen Potion"}],"is_trial":false,"path_per_floor":["M","?","?","$","T","R","M","R","T","R","?","M","E","$","R","B",null,"M","M","$","M","M","R","M","R","T","?","R","?","T","M","R","B",null,"M","?","M","?","M","R","$","?","T","R","?","R","M","?","R","B",null],"character_chosen":"DEFECT","items_purchased":["Capacitor","Static Discharge","Barrage","Pear","Bronze Scales"],"campfire_rested":6,"item_purchase_floors":[14,20,20,41,41],"current_hp_per_floor":[88,88,66,66,66,66,66,66,66,66,48,48,39,39,39,4,89,74,72,72,48,28,54,34,60,60,60,60,43,43,41,69,8,94,88,88,88,88,18,46,56,56,56,87,104,104,85,85,104,10],"gold":136,"neow_bonus":"TWENTY_PERCENT_HP_BONUS","is_prod":false,"is_daily":false,"chose_seed":false,"campfire_upgraded":6,"win_rate":0,"timestamp":1568691171,"path_taken":["M","?","?","$","?","R","M","R","T","R","?","M","E","$","R","BOSS","M","M","$","M","M","R","M","R","T","?","R","?","?","M","R","BOSS","M","?","M","?","M","R","$","?","T","R","?","R","?","?","R","BOSS"],"build_version":"2019-09-16","purchased_purges":0,"victory":true,"max_hp_per_floor":[89,89,89,89,89,89,89,89,89,89,89,89,89,89,89,89,89,89,89,89,89,89,89,89,89,89,89,89,94,94,94,94,94,94,94,94,94,94,94,94,104,104,104,104,104,104,104,104,104,104],"card_choices":[{"not_picked":["Compile Driver","Barrage"],"picked":"BootSequence","floor":1},{"not_picked":["Steam Power","Sweeping Beam"],"picked":"Stack","floor":7},{"not_picked":["Compile Driver","Heatsinks"],"picked":"Ball Lightning","floor":12},{"not_picked":["Force Field","Gash"],"picked":"Sunder","floor":13},{"not_picked":["Machine Learning","Meteor Strike"],"picked":"Hyperbeam","floor":16},{"not_picked":["Steam","Heatsinks"],"picked":"Steam Power+1","floor":18},{"not_picked":["Storm+1","Undo"],"picked":"Leap+1","floor":19},{"not_picked":["Loop","Undo+1"],"picked":"Cold Snap","floor":21},{"not_picked":["Turbo","Barrage"],"picked":"Hello World","floor":22},{"not_picked":["Beam Cell","Stack+1"],"picked":"Melter+1","floor":24},{"not_picked":["Multi-Cast+1","Stack+1"],"picked":"Compile Driver+1","floor":31},{"not_picked":["Thunder Strike","Core Surge"],"picked":"Electrodynamics","floor":33},{"not_picked":["Hologram+1","Rebound+1"],"picked":"Cold Snap+1","floor":35},{"not_picked":["Rebound+1","Cold Snap"],"picked":"Streamline+1","floor":37},{"not_picked":["Stack+1","Steam+1"],"picked":"Gash+1","floor":39},{"not_picked":["Master of Strategy+1","Forethought+1"],"picked":"Finesse+1","floor":42},{"not_picked":["Cold Snap","Skim+1"],"picked":"Rebound+1","floor":47}],"player_experience":526024,"relics_obtained":[{"floor":5,"key":"Bottled Lightning"},{"floor":9,"key":"Shuriken"},{"floor":13,"key":"WingedGreaves"},{"floor":26,"key":"Tiny Chest"},{"floor":30,"key":"Toxic Egg 2"},{"floor":43,"key":"Bag of Marbles"}],"event_choices":[{"damage_healed":0,"gold_gain":0,"player_choice":"Grow","damage_taken":0,"max_hp_gain":0,"max_hp_loss":0,"event_name":"Living Wall","floor":2,"gold_loss":0,"cards_upgraded":["Zap"]},{"damage_healed":0,"gold_gain":0,"player_choice":"Take Damage","damage_taken":22,"relics_obtained":["Golden Idol"],"max_hp_gain":0,"max_hp_loss":0,"event_name":"Golden Idol","floor":3,"gold_loss":0},{"damage_healed":0,"gold_gain":0,"player_choice":"Entered Light","damage_taken":18,"max_hp_gain":0,"max_hp_loss":0,"event_name":"Shining Light","floor":11,"gold_loss":0,"cards_upgraded":["Defend_B","Defend_B"]},{"damage_healed":0,"gold_gain":0,"player_choice":"Inject Mutagens","damage_taken":0,"relics_obtained":["MutagenicStrength"],"max_hp_gain":0,"max_hp_loss":0,"event_name":"Drug Dealer","floor":27,"gold_loss":0},{"damage_healed":0,"gold_gain":0,"player_choice":"Shed Blood","damage_taken":22,"max_hp_gain":5,"max_hp_loss":0,"event_name":"Forgotten Altar","floor":29,"gold_loss":0},{"damage_healed":0,"gold_gain":0,"player_choice":"Ignored","damage_taken":0,"max_hp_gain":0,"max_hp_loss":0,"event_name":"Tomb of Lord Red Mask","floor":36,"gold_loss":0},{"damage_healed":0,"gold_gain":0,"player_choice":"Ignored","damage_taken":0,"max_hp_gain":0,"max_hp_loss":0,"event_name":"Mysterious Sphere","floor":38,"gold_loss":0},{"damage_healed":0,"gold_gain":0,"player_choice":"Memory 1","damage_taken":0,"max_hp_gain":0,"max_hp_loss":0,"event_name":"SensoryStone","floor":42,"gold_loss":0},{"damage_healed":17,"gold_gain":0,"player_choice":"Full Heal","damage_taken":0,"max_hp_gain":0,"max_hp_loss":0,"event_name":"Wheel of Change","floor":45,"gold_loss":0},{"damage_healed":0,"gold_gain":0,"player_choice":"0 cards matched","damage_taken":0,"max_hp_gain":0,"max_hp_loss":0,"event_name":"Match and Keep!","floor":48,"gold_loss":0,"cards_obtained":[]}],"is_beta":true,"boss_relics":[{"not_picked":["SacredBark","Snecko Eye"],"picked":"SlaversCollar"},{"not_picked":["Tiny House","Runic Dome"],"picked":"Runic Pyramid"}],"items_purged_floors":[],"is_endless":false,"potions_floor_spawned":[7,13,19,22,24,37,39],"ascension_level":0}