{"gold_per_floor":[114,132,132,132,132,167,186,186,186,186,197,197,522,536,536,637,687,703,723,737,109,128,153,153,153],"floor_reached":25,"playtime":828,"items_purged":["Strike_R"],"score":296,"play_id":"e7a5ff81-1834-4457-8101-236be359b574","local_time":"20190816153608","is_ascension_mode":true,"campfire_choices":[{"data":"Body Slam","floor":8,"key":"SMITH"},{"data":"Anger","floor":10,"key":"SMITH"},{"data":"Spot Weakness","floor":12,"key":"SMITH"},{"data":"Second Wind","floor":15,"key":"SMITH"},{"data":"Armaments","floor":24,"key":"SMITH"}],"neow_cost":"NONE","seed_source_timestamp":97359685107700,"circlet_count":0,"master_deck":["Strike_R+1","Strike_R+1","Strike_R+1","Defend_R","Defend_R","Defend_R","Defend_R","Bash","Sword Boomerang","Anger+1","Spot Weakness+1","Body Slam+1","Battle Trance","Second Wind+1","Impervious","Limit Break","Inflame","Cleave","Rage","Armaments+1","Body Slam+1","Entrench"],"relics":["Burning Blood","NeowsBlessing","Bag of Marbles","StoneCalendar","Shuriken","Old Coin","Tiny House","Kunai","Mango","Bottled Tornado"],"potions_floor_usage":[11,23],"damage_taken":[{"damage":0,"enemies":"Jaw Worm","floor":1,"turns":1},{"damage":0,"enemies":"2 Louse","floor":2,"turns":1},{"damage":0,"enemies":"Gremlin Nob","floor":6,"turns":1},{"damage":0,"enemies":"Small Slimes","floor":7,"turns":2},{"damage":3,"enemies":"Red Slaver","floor":11,"turns":2},{"damage":21,"enemies":"Lagavulin","floor":13,"turns":4},{"damage":7,"enemies":"Blue Slaver","floor":14,"turns":2},{"damage":26,"enemies":"Hexaghost","floor":16,"turns":6},{"damage":25,"enemies":"Spheric Guardian","floor":18,"turns":4},{"damage":15,"enemies":"2 Thieves","floor":19,"turns":3},{"damage":21,"enemies":"Snake Plant","floor":20,"turns":2},{"damage":26,"enemies":"Centurion and Healer","floor":22,"turns":4},{"damage":24,"enemies":"Slavers","floor":23,"turns":5},{"damage":50,"enemies":"Gremlin Leader","floor":25,"turns":3}],"seed_played":"-97299997081985426","potions_obtained":[{"floor":2,"key":"SkillPotion"},{"floor":11,"key":"Fruit Juice"},{"floor":14,"key":"FearPotion"},{"floor":16,"key":"Dexterity Potion"},{"floor":17,"key":"BloodPotion"},{"floor":18,"key":"GamblersBrew"}],"is_trial":false,"path_per_floor":["M","M","?","?","?","E","M","R","T","R","M","R","E","M","R","B",null,"M","M","M","$","M","E","R","E"],"character_chosen":"IRONCLAD","items_purchased":["Kunai","Mango"],"campfire_rested":0,"item_purchase_floors":[21,21],"current_hp_per_floor":[80,80,68,52,52,58,64,64,64,64,72,72,57,56,56,36,90,71,62,47,61,41,49,49,0],"gold":153,"neow_bonus":"THREE_ENEMY_KILL","is_prod":false,"is_daily":false,"chose_seed":false,"campfire_upgraded":5,"win_rate":0,"timestamp":1565962568,"path_taken":["M","M","?","?","?","E","M","R","T","R","M","R","E","M","R","BOSS","M","M","M","$","M","E","R","E"],"build_version":"2019-07-17","purchased_purges":1,"victory":false,"max_hp_per_floor":[80,80,80,80,80,80,80,80,80,80,85,85,85,85,85,85,90,90,90,90,104,104,104,104,104],"card_choices":[{"not_picked":["Clash","Shrug It Off"],"picked":"Sword Boomerang","floor":1},{"not_picked":["Clash","Shockwave"],"picked":"Anger","floor":2},{"not_picked":["Clash","Perfected Strike"],"picked":"Spot Weakness","floor":6},{"not_picked":["Corruption","Evolve"],"picked":"Body Slam","floor":7},{"not_picked":["Warcry","Carnage"],"picked":"Battle Trance","floor":11},{"not_picked":["Clothesline","Reckless Charge"],"picked":"Second Wind","floor":13},{"not_picked":["Sword Boomerang","Carnage"],"picked":"Impervious","floor":14},{"not_picked":["Exhume","Double Tap"],"picked":"Limit Break","floor":16},{"not_picked":["Sword Boomerang","Twin Strike"],"picked":"Inflame","floor":17},{"not_picked":["Pummel","Headbutt"],"picked":"Cleave","floor":18},{"not_picked":["Sever Soul","Corruption"],"picked":"Rage","floor":19},{"not_picked":["Twin Strike+1","Wild Strike+1"],"picked":"Armaments","floor":20},{"not_picked":["Inflame+1","Anger"],"picked":"Body Slam+1","floor":22},{"not_picked":["Dark Embrace","Bludgeon"],"picked":"Entrench","floor":23}],"player_experience":117097,"relics_obtained":[{"floor":6,"key":"StoneCalendar"},{"floor":9,"key":"Shuriken"},{"floor":13,"key":"Old Coin"},{"floor":23,"key":"Bottled Tornado"}],"event_choices":[{"damage_healed":0,"gold_gain":0,"player_choice":"Success","damage_taken":12,"relics_obtained":["Bag of Marbles"],"max_hp_gain":0,"max_hp_loss":0,"event_name":"Scrap Ooze","floor":3,"gold_loss":0},{"damage_healed":0,"gold_gain":0,"player_choice":"Entered Light","damage_taken":16,"max_hp_gain":0,"max_hp_loss":0,"event_name":"Shining Light","floor":4,"gold_loss":0,"cards_upgraded":["Strike_R","Strike_R"]},{"cards_removed":["Strike_R"],"damage_healed":0,"gold_gain":0,"player_choice":"Purged","damage_taken":0,"max_hp_gain":0,"max_hp_loss":0,"event_name":"Purifier","floor":5,"gold_loss":0}],"is_beta":false,"boss_relics":[{"not_picked":["Fusion Hammer","Sozu"],"picked":"Tiny House"}],"items_purged_floors":[21],"is_endless":false,"potions_floor_spawned":[2,11,14,16,18,20],"killed_by":"Gremlin Leader","ascension_level":1}