{"path_per_floor":["M","M","M","M","M","E","R","?","T","M","R","?","E","M","R","B",null,"M","$","M","?","$","R","E","R","T","M","T","?","M","M","R","B",null,"M","M","?","T","M","R","M"],"character_chosen":"THE_SILENT","items_purchased":["Infinite Blades","Tiny Chest","Dash","Dodge and Roll","Well Laid Plans","Dark Shackles"],"gold_per_floor":[112,123,137,155,168,194,194,257,282,302,302,302,334,349,349,447,447,465,267,284,284,22,22,48,48,72,89,143,143,163,176,176,280,280,292,306,306,306,319,319,335,335],"floor_reached":42,"campfire_rested":3,"playtime":2537,"item_purchase_floors":[19,19,22,22,22,22],"current_hp_per_floor":[70,68,68,68,68,55,55,55,55,47,47,47,32,32,32,32,70,57,57,46,33,33,55,51,51,51,28,28,28,16,15,37,31,75,43,30,30,30,8,30,1,1],"items_purged":[],"gold":335,"score":604,"play_id":"ba436341-18ea-4ea7-a3f0-e2f48fa9d06c","local_time":"20180601040654","is_prod":false,"is_daily":false,"chose_seed":false,"is_ascension_mode":true,"campfire_upgraded":4,"win_rate":0,"timestamp":1527840414,"campfire_choices":[{"data":"Leg Sweep","floor":7,"key":"SMITH"},{"data":"Prepared","floor":11,"key":"SMITH"},{"data":"Dodge and Roll","floor":15,"key":"SMITH"},{"floor":23,"key":"REST"},{"data":"Glass Knife","floor":25,"key":"SMITH"},{"floor":32,"key":"REST"},{"floor":40,"key":"REST"}],"path_taken":["M","M","M","M","M","E","R","?","T","M","R","?","E","M","R","BOSS","M","$","M","?","$","R","E","R","T","M","?","?","M","M","R","BOSS","M","M","?","?","M","R","M","M"],"build_version":"2018-05-31","seed_source_timestamp":1043751867918750,"purchased_purges":0,"victory":false,"master_deck":["Survivor","Neutralize","Flying Knee+1","Dodge and Roll+1","Setup","Infinite Blades","Eviscerate","Infinite Blades","Dagger Throw","Dagger Throw","Setup","Deadly Poison","All Out Attack","Noxious Fumes+1","Leg Sweep+1","Noxious Fumes","Flying Knee","Sucker Punch+1","Prepared+1","Cloak And Dagger","Glass Knife+1","Slice","Infinite Blades","Distraction","Dash","Dodge and Roll","Well Laid Plans","Dark Shackles","Glass Knife","Infinite Blades","Noxious Fumes","Corpse Explosion","Backflip+1","Outmaneuver+1","Flash of Steel","Footwork","Dagger Throw+1"],"max_hp_per_floor":[70,70,70,70,70,70,70,70,70,70,70,70,70,70,70,70,70,70,70,70,75,75,75,75,75,75,75,75,75,75,75,75,75,75,75,75,75,75,75,75,75,75],"relics":["Pandora\u0027s Box","Ancient Tea Set","Pen Nib","Bronze Scales","Runic Dome","Tiny Chest","Vajra","Whetstone","Snake Skull","Lizard Tail","Du-Vu Doll"],"card_choices":[{"not_picked":["Slice","Dagger Spray"],"picked":"All Out Attack","floor":1},{"not_picked":["PiercingWail","Flechettes"],"picked":"Noxious Fumes","floor":2},{"not_picked":["Underhanded Strike","Expertise"],"picked":"Leg Sweep","floor":3},{"not_picked":["Choke","Acrobatics"],"picked":"Noxious Fumes","floor":4},{"not_picked":["Poisoned Stab","Acrobatics"],"picked":"Flying Knee","floor":5},{"not_picked":["Eviscerate","Finisher"],"picked":"Sucker Punch","floor":6},{"not_picked":["Dagger Spray","Bane"],"picked":"Prepared","floor":10},{"not_picked":["Envenom","Sucker Punch","Masterful Stab"],"picked":"SKIP","floor":13},{"not_picked":["Underhanded Strike","Skewer"],"picked":"Cloak And Dagger","floor":14},{"not_picked":["Envenom","Phantasmal Killer"],"picked":"Glass Knife","floor":16},{"not_picked":["Acrobatics","PiercingWail"],"picked":"Slice","floor":18},{"not_picked":["Flying Knee","Poisoned Stab"],"picked":"Distraction","floor":20},{"not_picked":["Finisher+1","Bane"],"picked":"Glass Knife","floor":24},{"not_picked":["Slice+1","Deadly Poison+1"],"picked":"Infinite Blades","floor":27},{"not_picked":["Dagger Spray","Underhanded Strike","Predator"],"picked":"SKIP","floor":30},{"not_picked":["Flying Knee+1","Sucker Punch"],"picked":"Noxious Fumes","floor":31},{"not_picked":["Tools of the Trade","Bullet Time"],"picked":"Corpse Explosion","floor":33},{"not_picked":["Eviscerate+1","Slice"],"picked":"Backflip+1","floor":35},{"not_picked":["Quick Slash+1","Slice+1"],"picked":"Outmaneuver+1","floor":36},{"not_picked":["Swift Strike","Enlightenment"],"picked":"Flash of Steel","floor":37},{"not_picked":["Flying Knee+1","Terror"],"picked":"Footwork","floor":39},{"not_picked":["Slice+1","Outmaneuver+1"],"picked":"Dagger Throw+1","floor":41}],"player_experience":190555,"potions_floor_usage":[13,14,24,24,24,35],"damage_taken":[{"damage":0,"enemies":"2 Louse","floor":1,"turns":2},{"damage":2,"enemies":"Cultist","floor":2,"turns":3},{"damage":0,"enemies":"Jaw Worm","floor":3,"turns":3},{"damage":0,"enemies":"2 Fungi Beasts","floor":4,"turns":3},{"damage":0,"enemies":"Large Slime","floor":5,"turns":5},{"damage":13,"enemies":"Gremlin Nob","floor":6,"turns":4},{"damage":8,"enemies":"Exordium Thugs","floor":10,"turns":2},{"damage":15,"enemies":"Lagavulin","floor":13,"turns":4},{"damage":0,"enemies":"Looter","floor":14,"turns":1},{"damage":0,"enemies":"Hexaghost","floor":16,"turns":7},{"damage":13,"enemies":"Shell Parasite","floor":18,"turns":4},{"damage":11,"enemies":"Spheric Guardian","floor":20,"turns":3},{"damage":4,"enemies":"Slavers","floor":24,"turns":4},{"damage":23,"enemies":"Slaver and Parasite","floor":27,"turns":5},{"damage":12,"enemies":"Centurion and Healer","floor":30,"turns":5},{"damage":1,"enemies":"Chosen and Byrds","floor":31,"turns":5},{"damage":6,"enemies":"Champ","floor":33,"turns":10},{"damage":32,"enemies":"3 Shapes","floor":35,"turns":3},{"damage":13,"enemies":"Orb Walker","floor":36,"turns":4},{"damage":22,"enemies":"3 Darklings","floor":39,"turns":5},{"damage":29,"enemies":"Maw","floor":41,"turns":8},{"damage":0,"enemies":"4 Shapes","floor":42,"turns":1}],"relics_obtained":[{"floor":6,"key":"Ancient Tea Set"},{"floor":9,"key":"Pen Nib"},{"floor":13,"key":"Bronze Scales"},{"floor":24,"key":"Vajra"},{"floor":26,"key":"Whetstone"},{"floor":28,"key":"Snake Skull"},{"floor":38,"key":"Du-Vu Doll"}],"event_choices":[{"event_name":"Golden Wing","player_choice":"Gained Gold","floor":8,"damage_taken":0},{"event_name":"Living Wall","player_choice":"Grow","floor":12,"damage_taken":0},{"event_name":"Forgotten Altar","player_choice":"Shed Blood","floor":21,"damage_taken":0},{"event_name":"Beggar","player_choice":"Ignored","floor":29,"damage_taken":0},{"event_name":"SensoryStone","player_choice":"Memory 1","floor":37,"damage_taken":0}],"boss_relics":[{"not_picked":["Velvet Choker","Snecko Eye"],"picked":"Runic Dome"},{"not_picked":["Philosopher\u0027s Stone","White Beast Statue"],"picked":"Lizard Tail"}],"items_purged_floors":[],"potions_floor_spawned":[2,3,10,13,14,18,31,33,41],"seed_played":"3525824922753788592","killed_by":"4 Shapes","ascension_level":3,"potions_obtained":[{"floor":2,"key":"FearPotion"},{"floor":3,"key":"Dexterity Potion"},{"floor":10,"key":"SkillPotion"},{"floor":13,"key":"Block Potion"},{"floor":14,"key":"SteroidPotion"},{"floor":18,"key":"Block Potion"},{"floor":31,"key":"Swift Potion"},{"floor":33,"key":"Strength Potion"},{"floor":41,"key":"PowerPotion"}],"is_trial":false}