{"gold_per_floor":[110,185,260,272,285,285,300,300,324,344,361,388,2,34,34,133,133,145,145,169,189,104,116,161,173,185,197,225,271,283,329,341,449,461,486,498,510,542,554,597,709,721,733,762,474,507,507,524,524,524,524,524,56,81,81],"floor_reached":56,"playtime":4986,"items_purged":["Strike_B"],"score":1665,"play_id":"00dab991-231c-4f16-a07b-60a0b00a9cee","local_time":"20190924144431","is_ascension_mode":true,"campfire_choices":[{"floor":6.0,"key":"REST"},{"floor":8.0,"key":"REST"},{"floor":15.0,"key":"REST"},{"floor":23.0,"key":"RECALL"},{"floor":25.0,"key":"REST"},{"data":"Apotheosis","floor":27.0,"key":"SMITH"},{"floor":32.0,"key":"REST"},{"floor":42.0,"key":"REST"},{"floor":49.0,"key":"REST"},{"floor":52.0,"key":"REST"}],"neow_cost":"PERCENT_DAMAGE","seed_source_timestamp":0,"circlet_count":0,"master_deck":["Defend_B","Defend_B","Defend_B","Zap","Dualcast","Heatsinks","Beam Cell","Gash","Rainbow","Creative AI","Apotheosis+1","Flash of Steel","Buffer","Reboot","Scrape","Double Energy","Steam Power","Go for the Eyes","Melter","Gash","Gash+1","Echo Form","Hologram","Genetic Algorithm+1","Buffer","Hologram+1","Madness","Madness","Chill+1","Double Energy+1","Tempest","Multi-Cast","Secret Technique","Bandage Up","Self Repair","Amplify"],"special_seed":0,"relics":["Cracked Core","Lantern","Centennial Puzzle","Ancient Tea Set","Orrery","Anchor","MawBank","Omamori","Bottled Lightning","Oddly Smooth Stone","Art of War","Sozu","Orichalcum","Bird Faced Urn","Vajra","Kunai","Strawberry","Boot"],"potions_floor_usage":[55],"damage_taken":[{"damage":2.0,"enemies":"Jaw Worm","floor":1.0,"turns":3.0},{"damage":8.0,"enemies":"2 Louse","floor":4.0,"turns":2.0},{"damage":1.0,"enemies":"Cultist","floor":5.0,"turns":3.0},{"damage":34.0,"enemies":"Exordium Thugs","floor":7.0,"turns":5.0},{"damage":9.0,"enemies":"3 Louse","floor":10.0,"turns":3.0},{"damage":10.0,"enemies":"Large Slime","floor":11.0,"turns":7.0},{"damage":0.0,"enemies":"Lagavulin","floor":14.0,"turns":7.0},{"damage":26.0,"enemies":"Hexaghost","floor":16.0,"turns":9.0},{"damage":0.0,"enemies":"2 Thieves","floor":18.0,"turns":4.0},{"damage":0.0,"enemies":"Shell Parasite","floor":21.0,"turns":2.0},{"damage":30.0,"enemies":"Gremlin Leader","floor":24.0,"turns":3.0},{"damage":0.0,"enemies":"Centurion and Healer","floor":28.0,"turns":5.0},{"damage":21.0,"enemies":"Slavers","floor":29.0,"turns":5.0},{"damage":17.0,"enemies":"Book of Stabbing","floor":31.0,"turns":4.0},{"damage":10.0,"enemies":"Automaton","floor":33.0,"turns":6.0},{"damage":0.0,"enemies":"Orb Walker","floor":35.0,"turns":4.0},{"damage":0.0,"enemies":"3 Darklings","floor":38.0,"turns":5.0},{"damage":0.0,"enemies":"Giant Head","floor":40.0,"turns":6.0},{"damage":0.0,"enemies":"Mind Bloom Boss Battle","floor":41.0,"turns":6.0},{"damage":16.0,"enemies":"Jaw Worm Horde","floor":44.0,"turns":4.0},{"damage":10.0,"enemies":"Nemesis","floor":46.0,"turns":3.0},{"damage":0.0,"enemies":"Maw","floor":48.0,"turns":5.0},{"damage":51.0,"enemies":"Time Eater","floor":50.0,"turns":10.0},{"damage":16.0,"enemies":"Shield and Spear","floor":54.0,"turns":6.0},{"damage":49,"enemies":"The Heart","floor":55,"turns":8}],"seed_played":"5989006322566527269","potions_obtained":[{"floor":1.0,"key":"Swift Potion"},{"floor":4.0,"key":"Explosive Potion"},{"floor":7.0,"key":"Poison Potion"},{"floor":16.0,"key":"Fire Potion"},{"floor":21.0,"key":"FocusPotion"},{"floor":24.0,"key":"Weak Potion"},{"floor":33.0,"key":"SteroidPotion"}],"is_trial":false,"path_per_floor":["M","?","?","M","M","R","M","R","T","M","M","T","$","E","R","B",null,"M","?","T","M","?","R","E","R","T","R","M","E","?","E","R","B",null,"M","$","?","M","?","E","?","R","T","M","$","E","?","M","R","B",null,"R","$","E","B",null],"character_chosen":"DEFECT","items_purchased":["Creative AI","Apotheosis","Flash of Steel","Block Potion","Vajra","Tempest","Secret Technique","Strawberry","Bandage Up","Self Repair"],"campfire_rested":8,"item_purchase_floors":[13,13,13,13,45,45,53,53,53,53],"current_hp_per_floor":[48,37,30,22,21,43,9,31,31,22,12,12,12,12,34,8,58,58,58,58,58,58,58,28,50,50,50,50,29,29,12,34,24,62,62,62,62,62,53,53,53,75,75,63,63,61,61,73,75,33,65,75,82,82,82],"gold":81,"neow_bonus":"TRANSFORM_TWO_CARDS","is_prod":false,"is_daily":false,"chose_seed":false,"campfire_upgraded":1,"win_rate":0,"timestamp":1569329071,"path_taken":["M","?","?","M","?","R","M","R","T","M","M","?","$","E","R","BOSS","M","?","?","?","?","R","E","R","T","R","M","E","?","E","R","BOSS","M","$","?","M","?","E","?","R","T","M","$","E","?","M","R","BOSS","R","$","E","BOSS"],"build_version":"2019-07-17","purchased_purges":1,"victory":true,"max_hp_per_floor":[75,75,75,75,75,75,75,75,75,75,75,75,75,75,75,75,75,75,75,75,75,75,75,75,75,75,75,75,75,75,75,75,75,75,75,75,75,75,75,75,75,75,75,75,75,75,75,75,75,75,75,75,82,82,82],"card_choices":[{"not_picked":["Darkness","Streamline"],"picked":"Gash","floor":1.0},{"not_picked":["Stack","Coolheaded","Leap"],"picked":"SKIP","floor":4.0},{"not_picked":["Turbo","Redo","Sweeping Beam"],"picked":"SKIP","floor":5.0},{"not_picked":["Redo","Leap","Sweeping Beam"],"picked":"SKIP","floor":7.0},{"not_picked":["Blizzard","Rebound","Compile Driver"],"picked":"SKIP","floor":10.0},{"not_picked":["Beam Cell","Hologram"],"picked":"Rainbow","floor":11.0},{"not_picked":["Gash","Leap"],"picked":"Buffer","floor":14.0},{"not_picked":["Creative AI","Hyperbeam"],"picked":"Reboot","floor":16.0},{"not_picked":["Leap","Defragment"],"picked":"Scrape","floor":17.0},{"not_picked":["Go for the Eyes","FTL"],"picked":"Double Energy","floor":17.0},{"not_picked":["Melter","Streamline"],"picked":"Steam Power","floor":17.0},{"not_picked":["Conserve Battery","Steam"],"picked":"Go for the Eyes","floor":17.0},{"not_picked":["Darkness","Barrage"],"picked":"Melter","floor":17.0},{"not_picked":["Beam Cell","Leap"],"picked":"Gash","floor":18.0},{"not_picked":["Steam","Conserve Battery"],"picked":"Gash+1","floor":21.0},{"not_picked":["Chill","Capacitor+1"],"picked":"Echo Form","floor":24.0},{"not_picked":["Cold Snap","Redo","Fusion"],"picked":"SKIP","floor":28.0},{"not_picked":["Beam Cell","Conserve Battery+1"],"picked":"Hologram","floor":29.0},{"not_picked":["Loop+1","Lockon+1"],"picked":"Genetic Algorithm+1","floor":31.0},{"not_picked":["Meteor Strike","Rainbow"],"picked":"Buffer","floor":33.0},{"not_picked":["Gash","Storm"],"picked":"Hologram+1","floor":35.0},{"not_picked":["Cold Snap","Conserve Battery+1","Ball Lightning+1"],"picked":"SKIP","floor":38.0},{"not_picked":["Creative AI","Rebound+1"],"picked":"Chill+1","floor":40.0},{"not_picked":["Leap+1","Sweeping Beam"],"picked":"Double Energy+1","floor":41.0},{"not_picked":["Beam Cell+1","Ball Lightning+1","Melter+1"],"picked":"SKIP","floor":44.0},{"not_picked":["Melter","Redo+1","Ball Lightning"],"picked":"SKIP","floor":46.0},{"not_picked":["Chaos","Go for the Eyes"],"picked":"Multi-Cast","floor":48.0},{"not_picked":["Undo+1","Sunder"],"picked":"Amplify","floor":54.0}],"player_experience":212697,"relics_obtained":[{"floor":9.0,"key":"Lantern"},{"floor":12.0,"key":"Centennial Puzzle"},{"floor":14.0,"key":"Ancient Tea Set"},{"floor":20.0,"key":"Anchor"},{"floor":24.0,"key":"Omamori"},{"floor":26.0,"key":"Bottled Lightning"},{"floor":29.0,"key":"Oddly Smooth Stone"},{"floor":31.0,"key":"Art of War"},{"floor":40.0,"key":"Orichalcum"},{"floor":41.0,"key":"Bird Faced Urn"},{"floor":46.0,"key":"Kunai"},{"floor":54.0,"key":"Boot"}],"event_choices":[{"damage_healed":0.0,"max_hp_gain":0.0,"max_hp_loss":0.0,"gold_gain":75.0,"event_name":"World of Goop","player_choice":"Gather Gold","floor":2.0,"gold_loss":0.0,"damage_taken":11.0},{"damage_healed":0.0,"max_hp_gain":0.0,"max_hp_loss":0.0,"gold_gain":75.0,"event_name":"FaceTrader","player_choice":"Touch","floor":3.0,"gold_loss":0.0,"damage_taken":7.0},{"damage_healed":0.0,"max_hp_gain":0.0,"max_hp_loss":0.0,"gold_gain":0.0,"event_name":"Cursed Tome","player_choice":"Ignored","floor":19.0,"gold_loss":0.0,"damage_taken":0.0},{"damage_healed":0.0,"max_hp_gain":0.0,"max_hp_loss":0.0,"gold_gain":0.0,"event_name":"Addict","player_choice":"Obtained Relic","floor":22.0,"gold_loss":85.0,"damage_taken":0.0,"relics_obtained":["MawBank"]},{"cards_removed":["Strike_B"],"damage_healed":0.0,"max_hp_gain":0.0,"max_hp_loss":0.0,"gold_gain":0.0,"event_name":"Back to Basics","player_choice":"Elegance","floor":30.0,"gold_loss":0.0,"damage_taken":0.0},{"damage_healed":0.0,"max_hp_gain":0.0,"max_hp_loss":0.0,"gold_gain":0.0,"event_name":"Tomb of Lord Red Mask","player_choice":"Ignored","floor":37.0,"gold_loss":0.0,"damage_taken":0.0},{"damage_healed":0.0,"max_hp_gain":0.0,"max_hp_loss":0.0,"gold_gain":0.0,"event_name":"Winding Halls","player_choice":"Embrace Madness","floor":39.0,"gold_loss":0.0,"damage_taken":9.0,"cards_obtained":["Madness","Madness"]},{"damage_healed":0.0,"max_hp_gain":0.0,"max_hp_loss":0.0,"gold_gain":0.0,"event_name":"MindBloom","player_choice":"Fight","floor":41.0,"gold_loss":0.0,"damage_taken":0.0},{"cards_removed":["Defend_B"],"damage_healed":0.0,"max_hp_gain":0.0,"max_hp_loss":0.0,"gold_gain":0.0,"event_name":"Falling","player_choice":"Removed Skill","floor":47.0,"gold_loss":0.0,"damage_taken":0.0}],"is_beta":false,"boss_relics":[{"not_picked":["Philosopher\u0027s Stone","Calling Bell"],"picked":"Orrery"},{"not_picked":["Tiny House","FrozenCore"],"picked":"Sozu"}],"items_purged_floors":[45],"is_endless":false,"potions_floor_spawned":[1,4,7,16,21,24,33,35,41,44,54],"ascension_level":7}