{"gold_per_floor":[109,129,79,79,99,99,128,128,211,226,226,226,285,299,299,396,396,407,33,67,81,81,81,105,115,115,149,165,165,184,200,200,296,296,308,358,20,20,20,20,49,68,68,78,78,110,125,142,142,142],"floor_reached":51,"playtime":4452,"items_purged":[],"score":992,"play_id":"152a71a9-d72a-4805-82ba-7f4473513461","local_time":"20180829182447","is_ascension_mode":true,"campfire_choices":[{"data":"Dagger Spray","floor":6,"key":"SMITH"},{"data":"Sucker Punch","floor":8,"key":"SMITH"},{"data":"Slice","floor":12,"key":"SMITH"},{"floor":15,"key":"REST"},{"data":"RitualDagger","floor":23,"key":"SMITH"},{"floor":32,"key":"REST"},{"data":"After Image","floor":40,"key":"SMITH"},{"floor":45,"key":"DIG"},{"floor":49,"key":"DIG"}],"neow_cost":"CURSE","seed_source_timestamp":1261872833810659,"circlet_count":0,"master_deck":["Defend_G","Defend_G","Defend_G","Defend_G","Strike_G","Strike_G","Strike_G","Strike_G+1","Strike_G","Survivor","Neutralize+1","Clumsy","Malaise","Well Laid Plans","Dagger Spray+1","Dagger Spray+1","Sucker Punch+1","Slice+1","Escape Plan","Quick Slash","After Image","Acrobatics+1","Backflip","Backstab","Slice","Flying Knee","RitualDagger+1","Parasite","Endless Agony+1","Decay","Dodge and Roll","Backstab+1","Writhe","After Image+1","Acrobatics","Night Terror","Blade Dance","Cloak And Dagger","Regret","Calculated Gamble+1","Dodge and Roll+1","Writhe","Crippling Poison+1","Storm of Steel","Dagger Spray"],"relics":["Ring of the Snake","Whetstone","Centennial Puzzle","Tiny Chest","Meat on the Bone","Cursed Key","Shuriken","Red Mask","Lantern","Matryoshka","Anchor","Blue Candle","Eternal Feather","Tingsha","Chemical X","Oddly Smooth Stone","Pen Nib","Frozen Egg 2","Bottled Lightning","Potion Belt","Shovel","Dream Catcher","Omamori","Vajra"],"potions_floor_usage":[7,13,25,30,33,33,50,50,50],"damage_taken":[{"damage":0,"enemies":"Cultist","floor":1,"turns":4},{"damage":5,"enemies":"Small Slimes","floor":2,"turns":4},{"damage":1,"enemies":"Jaw Worm","floor":5,"turns":4},{"damage":14,"enemies":"3 Sentries","floor":7,"turns":8},{"damage":0,"enemies":"Lots of Slimes","floor":10,"turns":1},{"damage":28,"enemies":"Lagavulin Event","floor":13,"turns":6},{"damage":0,"enemies":"3 Louse","floor":14,"turns":1},{"damage":18,"enemies":"The Guardian","floor":16,"turns":13},{"damage":15,"enemies":"2 Thieves","floor":18,"turns":3},{"damage":0,"enemies":"Masked Bandits","floor":20,"turns":2},{"damage":0,"enemies":"3 Byrds","floor":21,"turns":3},{"damage":7,"enemies":"Snake Plant","floor":25,"turns":5},{"damage":22,"enemies":"Slavers","floor":27,"turns":5},{"damage":0,"enemies":"Centurion and Healer","floor":28,"turns":3},{"damage":0,"enemies":"3 Cultists","floor":30,"turns":3},{"damage":9,"enemies":"Snecko","floor":31,"turns":3},{"damage":45,"enemies":"Champ","floor":33,"turns":11},{"damage":3,"enemies":"Flame Bruiser 1 Orb","floor":35,"turns":6},{"damage":9,"enemies":"Mysterious Sphere","floor":36,"turns":9},{"damage":6,"enemies":"2 Orb Walkers","floor":41,"turns":4},{"damage":0,"enemies":"3 Shapes","floor":42,"turns":4},{"damage":2,"enemies":"Transient","floor":44,"turns":5},{"damage":6,"enemies":"Nemesis","floor":46,"turns":5},{"damage":3,"enemies":"3 Darklings","floor":47,"turns":5},{"damage":13,"enemies":"Maw","floor":48,"turns":9},{"damage":42,"enemies":"Donu and Deca","floor":50,"turns":13}],"seed_played":"7184845770499661543","potions_obtained":[{"floor":1,"key":"Weak Potion"},{"floor":2,"key":"AttackPotion"},{"floor":10,"key":"AttackPotion"},{"floor":16,"key":"EssenceOfSteel"},{"floor":20,"key":"FearPotion"},{"floor":21,"key":"Energy Potion"},{"floor":28,"key":"FearPotion"},{"floor":36,"key":"SpeedPotion"},{"floor":41,"key":"Ancient Potion"},{"floor":42,"key":"Dexterity Potion"},{"floor":46,"key":"Explosive Potion"}],"is_trial":false,"path_per_floor":["M","M","?","T","M","R","E","R","T","M","?","R","?","M","R","B",null,"M","$","?","M","?","R","T","M","T","E","M","?","M","M","R","B",null,"M","?","$","T","$","R","E","M","T","M","R","E","M","M","R","B"],"character_chosen":"THE_SILENT","items_purchased":["Shuriken","Backflip","Backstab","Chemical X","Oddly Smooth Stone"],"campfire_rested":2,"item_purchase_floors":[19,19,19,37,37],"current_hp_per_floor":[70,65,65,65,64,64,50,50,50,50,50,50,22,34,55,37,70,55,55,55,55,49,49,49,42,42,32,44,44,44,47,68,35,70,67,58,58,58,58,70,64,64,64,62,70,64,61,48,70,40],"gold":142,"neow_bonus":"THREE_RARE_CARDS","is_prod":false,"is_daily":false,"chose_seed":false,"campfire_upgraded":5,"win_rate":0,"timestamp":1535581487,"path_taken":["M","M","?","?","M","R","E","R","T","?","?","R","?","?","R","BOSS","M","$","?","M","?","R","?","M","T","E","?","?","M","M","R","BOSS","M","?","$","?","?","R","E","M","T","?","R","E","M","M","R","BOSS"],"build_version":"2018-08-23v2","purchased_purges":0,"victory":true,"max_hp_per_floor":[70,70,70,70,70,70,70,70,70,70,70,70,70,70,70,70,70,70,70,70,70,70,70,70,70,70,70,70,70,70,70,70,70,70,70,70,70,70,70,70,70,70,70,70,70,70,70,70,70,70],"card_choices":[{"not_picked":["Wraith Form v2","Grand Finale"],"picked":"Malaise","floor":0},{"not_picked":["Footwork","Blade Dance"],"picked":"Well Laid Plans","floor":1},{"not_picked":["Expertise","Flechettes"],"picked":"Dagger Spray","floor":2},{"not_picked":["Dagger Throw","Cloak And Dagger"],"picked":"Dagger Spray","floor":5},{"not_picked":["Deflect","A Thousand Cuts"],"picked":"Sucker Punch","floor":7},{"not_picked":["Choke","Dagger Throw"],"picked":"Slice","floor":10},{"not_picked":["PiercingWail","Sucker Punch"],"picked":"Escape Plan","floor":13},{"not_picked":["Choke","Blade Dance"],"picked":"Quick Slash","floor":14},{"not_picked":["Burst","Die Die Die"],"picked":"After Image","floor":16},{"not_picked":["Expertise","Reflex"],"picked":"Acrobatics+1","floor":18},{"not_picked":["Endless Agony","Underhanded Strike"],"picked":"Slice","floor":20},{"not_picked":["Predator","Setup"],"picked":"Flying Knee","floor":21},{"not_picked":["PiercingWail","Dagger Spray"],"picked":"Endless Agony+1","floor":25},{"not_picked":["Bouncing Flask+1","Dagger Spray"],"picked":"Dodge and Roll","floor":27},{"not_picked":["Predator","Dagger Throw+1"],"picked":"Backstab+1","floor":28},{"not_picked":["Cloak And Dagger","Dodge and Roll"],"picked":"After Image","floor":30},{"not_picked":["Blade Dance","Quick Slash"],"picked":"Acrobatics","floor":31},{"not_picked":["Bullet Time","Unload"],"picked":"Night Terror","floor":33},{"not_picked":["Masterful Stab+1","Dagger Spray"],"picked":"Blade Dance","floor":35},{"not_picked":["Poisoned Stab","Sucker Punch+1"],"picked":"Cloak And Dagger","floor":36},{"not_picked":["Setup","Outmaneuver+1"],"picked":"Calculated Gamble+1","floor":41},{"not_picked":["Leg Sweep+1","Predator+1"],"picked":"Dodge and Roll+1","floor":42},{"not_picked":["Bouncing Flask","Catalyst"],"picked":"Crippling Poison+1","floor":44},{"not_picked":["Reflex+1","Leg Sweep"],"picked":"Storm of Steel","floor":46},{"not_picked":["Deadly Poison+1","Dodge and Roll"],"picked":"Dagger Spray","floor":47},{"not_picked":["Underhanded Strike","Dagger Throw","Bane"],"picked":"SKIP","floor":48}],"player_experience":270563,"relics_obtained":[{"floor":4,"key":"Whetstone"},{"floor":7,"key":"Centennial Puzzle"},{"floor":9,"key":"Tiny Chest"},{"floor":13,"key":"Meat on the Bone"},{"floor":20,"key":"Red Mask"},{"floor":24,"key":"Lantern"},{"floor":26,"key":"Matryoshka"},{"floor":27,"key":"Anchor"},{"floor":36,"key":"Tingsha"},{"floor":38,"key":"Pen Nib"},{"floor":38,"key":"Frozen Egg 2"},{"floor":41,"key":"Bottled Lightning"},{"floor":43,"key":"Potion Belt"},{"floor":43,"key":"Shovel"},{"floor":45,"key":"Dream Catcher"},{"floor":46,"key":"Omamori"},{"floor":49,"key":"Vajra"}],"event_choices":[{"event_name":"The Cleric","player_choice":"Card Removal","floor":3,"damage_taken":0},{"event_name":"Upgrade Shrine","player_choice":"Upgraded","floor":11,"damage_taken":0},{"event_name":"Dead Adventurer","player_choice":"Searched \u00272\u0027 times","floor":13,"damage_taken":0},{"event_name":"Masked Bandits","player_choice":"Fought Bandits","floor":20,"damage_taken":0},{"event_name":"Nest","player_choice":"Joined the Cult","floor":22,"damage_taken":0},{"event_name":"The Mausoleum","player_choice":"Yes","floor":29,"damage_taken":0},{"event_name":"Mysterious Sphere","player_choice":"Fight","floor":36,"damage_taken":0}],"is_beta":false,"boss_relics":[{"not_picked":["Calling Bell","Snecko Eye"],"picked":"Cursed Key"},{"not_picked":["Tiny House","Astrolabe"],"picked":"Eternal Feather"}],"items_purged_floors":[],"is_endless":false,"potions_floor_spawned":[1,2,10,16,20,21,28,36,41,42,46],"ascension_level":4}