{"path_per_floor":["M","?","$","M","M","E","M","R","T","R","E","M","R","M","R","B",null,"M","M","$","?","T","E","M","M","T","R","M","$","?","$","R"],"character_chosen":"DEFECT","items_purchased":["Cold Snap","Mummified Hand","Turbo"],"gold_per_floor":[115,115,18,29,43,78,94,94,94,94,126,138,138,153,153,248,248,263,273,32,32,32,63,79,93,119,119,139,15,15,15,15,15],"floor_reached":33,"campfire_rested":2,"playtime":1951,"current_hp_per_floor":[67,67,67,67,67,61,56,56,56,56,37,37,37,36,36,13,68,60,47,47,34,34,22,22,22,22,34,16,16,7,7,32,32],"items_purged":["Normality","Normality"],"gold":15,"score":302,"play_id":"caa339e5-f81b-457c-b5bc-650e6a9e133a","local_time":"20180505153506","is_prod":false,"is_daily":false,"chose_seed":false,"is_ascension_mode":false,"campfire_upgraded":4,"timestamp":1525502106,"path_taken":["M","?","$","M","?","E","M","R","T","R","E","M","R","M","R","BOSS","M","?","$","?","?","E","M","M","T","R","M","$","?","?","R","BOSS"],"build_version":"2018-05-03","seed_source_timestamp":1957073023070948,"purchased_purges":2,"victory":false,"master_deck":["Strike_B","Strike_B","Defend_B","Defend_B","Defend_B","Defend_B","Zap","Dualcast","Go for the Eyes+1","Cold Snap","Ball Lightning","Streamline","Capacitor+1","Barrage+1","Beam Cell","Barrage","Loop+1","Fission","Gash","Cold Snap+1","Ghostly","Ghostly","Ghostly","Ghostly","Ghostly","Echo Form","Capacitor+1","Turbo","Decay","Consume+1","Turbo"],"max_hp_per_floor":[68,68,68,68,68,68,68,68,68,68,68,68,68,68,68,68,68,68,68,68,34,34,34,34,34,34,34,34,34,34,34,34,34],"relics":["Cracked Core","Happy Flower","Toolbox","Pen Nib","Regal Pillow","Cursed Key","Mummified Hand","Orichalcum","Bag of Preparation","Juzu Bracelet"],"card_choices":[{"not_picked":["Beam Cell","Rebound"],"picked":"Go for the Eyes","floor":1},{"not_picked":["Impulse","Rip and Tear"],"picked":"Ball Lightning","floor":4},{"not_picked":["Rip and Tear","Skim"],"picked":"Streamline","floor":5},{"not_picked":["Hyperbeam","Reprogram"],"picked":"Capacitor","floor":6},{"not_picked":["Sunder","Reprogram"],"picked":"Barrage","floor":7},{"not_picked":["Storm","Sweeping Beam"],"picked":"Beam Cell","floor":11},{"not_picked":["Reinforced Body","Skim"],"picked":"Barrage","floor":12},{"not_picked":["Steam Power","Coolheaded"],"picked":"Loop","floor":14},{"not_picked":["Hyperbeam","Machine Learning"],"picked":"Fission","floor":16},{"not_picked":["Coolheaded","Tempest"],"picked":"Gash","floor":18},{"not_picked":["Melter","Streamline"],"picked":"Cold Snap","floor":19},{"not_picked":["Go for the Eyes","Nova"],"picked":"Echo Form","floor":23},{"not_picked":["Sweeping Beam","Streamline"],"picked":"Capacitor","floor":24},{"not_picked":["Scrape","Chill"],"picked":"Turbo","floor":25},{"not_picked":["Sweeping Beam","Ball Lightning"],"picked":"Consume","floor":28}],"player_experience":27468,"potions_floor_usage":[18,18,23,28],"damage_taken":[{"damage":1,"enemies":"Jaw Worm","floor":1,"turns":3},{"damage":0,"enemies":"Cultist","floor":4,"turns":4},{"damage":0,"enemies":"Small Slimes","floor":5,"turns":3},{"damage":6,"enemies":"Gremlin Nob","floor":6,"turns":4},{"damage":5,"enemies":"Exordium Wildlife","floor":7,"turns":3},{"damage":19,"enemies":"3 Sentries","floor":11,"turns":7},{"damage":0,"enemies":"Exordium Thugs","floor":12,"turns":3},{"damage":1,"enemies":"2 Fungi Beasts","floor":14,"turns":2},{"damage":23,"enemies":"Hexaghost","floor":16,"turns":7},{"damage":8,"enemies":"3 Byrds","floor":18,"turns":2},{"damage":13,"enemies":"Chosen","floor":19,"turns":4},{"damage":12,"enemies":"Slavers","floor":23,"turns":7},{"damage":0,"enemies":"Centurion and Healer","floor":24,"turns":7},{"damage":0,"enemies":"Sentry and Sphere","floor":25,"turns":6},{"damage":18,"enemies":"Cultist and Chosen","floor":28,"turns":6},{"damage":0,"enemies":"Champ","floor":33,"turns":8}],"event_choices":[{"event_name":"Accursed Blacksmith","player_choice":"Rummage","floor":2,"damage_taken":0},{"event_name":"Ghosts","player_choice":"Became a Ghost","floor":21,"damage_taken":0},{"event_name":"Cursed Tome","player_choice":"Stopped","floor":30,"damage_taken":0}],"boss_relics":[{"not_picked":["Runic Pyramid","Snecko Eye"],"picked":"Cursed Key"}],"potions_floor_spawned":[5,6,11,12,16,18,25],"seed_played":"-8124047356220516179","killed_by":"Champ","ascension_level":0,"is_trial":false}