{"gold_per_floor":[114,64,64,64,78,105,105,134,180,180,255,255,255,31,31,134,134,146,160,160,100,112,112,143,73,73,100,113,113,148,162,162,162],"floor_reached":33,"playtime":829,"items_purged":["Strike_R"],"score":461,"play_id":"93db3315-6997-4304-b2d0-0962493928c2","local_time":"20190414194404","is_ascension_mode":true,"campfire_choices":[{"data":"Corruption","floor":7.0,"key":"SMITH"},{"data":"Bash","floor":10.0,"key":"SMITH"},{"data":"Strike_R","floor":12.0,"key":"SMITH"},{"data":"Strike_R","floor":15.0,"key":"SMITH"},{"data":"Whirlwind","floor":23.0,"key":"SMITH"},{"data":"Barricade","floor":29,"key":"SMITH"},{"floor":32,"key":"REST"}],"neow_cost":"NONE","seed_source_timestamp":76025368397500,"circlet_count":0,"master_deck":["Defend_R","Defend_R+1","Defend_R","Bash+1","Shrug It Off","Corruption+1","Double Tap+1","Barricade+1","True Grit","Evolve+1","Whirlwind+1","Flex","Shrug It Off+1","Flex","Sentinel"],"special_seed":0,"relics":["Burning Blood","NeowsBlessing","PreservedInsect","Sundial","War Paint","Bag of Preparation","Cursed Key","Blue Candle","Bottled Flame","Orichalcum"],"potions_floor_usage":[27,33,33,33],"damage_taken":[{"damage":0.0,"enemies":"2 Louse","floor":1.0,"turns":1.0},{"damage":0.0,"enemies":"Cultist","floor":5.0,"turns":1.0},{"damage":0.0,"enemies":"Lagavulin","floor":6.0,"turns":1.0},{"damage":0.0,"enemies":"Gremlin Nob","floor":8.0,"turns":2.0},{"damage":78.0,"enemies":"Hexaghost","floor":16.0,"turns":9.0},{"damage":35.0,"enemies":"Shell Parasite","floor":18.0,"turns":5.0},{"damage":0.0,"enemies":"Chosen","floor":19.0,"turns":4.0},{"damage":23.0,"enemies":"3 Cultists","floor":22.0,"turns":4.0},{"damage":0.0,"enemies":"Gremlin Leader","floor":24.0,"turns":2.0},{"damage":9,"enemies":"Book of Stabbing","floor":27,"turns":3},{"damage":4,"enemies":"Cultist and Chosen","floor":28,"turns":5},{"damage":26,"enemies":"Gremlin Leader","floor":30,"turns":3},{"damage":11,"enemies":"Centurion and Healer","floor":31,"turns":4},{"damage":64,"enemies":"Champ","floor":33,"turns":10}],"seed_played":"-5966739616797266005","potions_obtained":[{"floor":5.0,"key":"Regen Potion"},{"floor":6.0,"key":"AttackPotion"},{"floor":8.0,"key":"SteroidPotion"},{"floor":16.0,"key":"Swift Potion"},{"floor":22.0,"key":"Block Potion"},{"floor":27,"key":"Weak Potion"},{"floor":30,"key":"Explosive Potion"}],"is_trial":false,"path_per_floor":["M","?","$","?","M","E","R","E","T","R","?","R","?","$","R","B",null,"M","M","?","?","M","R","E","$","T","E","M","R","E","M","R","B"],"character_chosen":"IRONCLAD","items_purchased":["Bag of Preparation","Sentinel"],"campfire_rested":1,"item_purchase_floors":[14,25],"current_hp_per_floor":[80,80,80,80,80,80,80,80,80,80,69,69,74,74,74,11,85,56,62,62,62,45,45,51,51,51,48,50,50,30,25,50,0],"gold":162,"neow_bonus":"THREE_ENEMY_KILL","is_prod":false,"is_daily":false,"chose_seed":false,"campfire_upgraded":6,"win_rate":0,"timestamp":1555267444,"path_taken":["M","?","$","?","?","E","R","E","T","R","?","R","?","?","R","BOSS","M","?","?","?","?","R","E","?","T","E","M","R","E","M","R","BOSS"],"build_version":"2019-01-23","purchased_purges":1,"victory":false,"max_hp_per_floor":[80,80,80,80,80,80,80,80,80,80,80,80,85,85,85,85,85,85,85,85,85,85,85,85,85,85,85,85,85,85,85,85,85],"card_choices":[{"not_picked":["Sword Boomerang","Iron Wave"],"picked":"Shrug It Off","floor":1.0},{"not_picked":["Clothesline","Entrench"],"picked":"Corruption","floor":5.0},{"not_picked":["Uppercut","True Grit"],"picked":"Double Tap","floor":6.0},{"not_picked":["Pommel Strike","Carnage","Havoc"],"picked":"SKIP","floor":8.0},{"not_picked":["Berserk","Limit Break"],"picked":"Barricade","floor":16.0},{"not_picked":["Sword Boomerang+1","Rampage"],"picked":"True Grit","floor":18.0},{"not_picked":["Body Slam+1","Clothesline"],"picked":"Evolve+1","floor":19.0},{"not_picked":["Clash","Clothesline"],"picked":"Shrug It Off+1","floor":22.0},{"not_picked":["Headbutt+1","Dropkick"],"picked":"Flex","floor":24.0},{"not_picked":["Carnage","Reckless Charge+1","Ghostly Armor"],"picked":"SKIP","floor":27},{"not_picked":["Anger","Perfected Strike+1","Thunderclap+1"],"picked":"SKIP","floor":28},{"not_picked":["Evolve","Flex","Barricade"],"picked":"SKIP","floor":30},{"not_picked":["Shockwave","Wild Strike","Sever Soul"],"picked":"SKIP","floor":31}],"player_experience":29622,"relics_obtained":[{"floor":6.0,"key":"PreservedInsect"},{"floor":8.0,"key":"Sundial"},{"floor":9.0,"key":"War Paint"},{"floor":24.0,"key":"Blue Candle"},{"floor":27,"key":"Bottled Flame"},{"floor":30,"key":"Orichalcum"}],"event_choices":[{"cards_removed":["Strike_R"],"damage_healed":0.0,"max_hp_gain":0.0,"max_hp_loss":0.0,"gold_gain":0.0,"event_name":"The Cleric","player_choice":"Card Removal","floor":2.0,"gold_loss":50.0,"damage_taken":0.0},{"cards_removed":["Defend_R"],"damage_healed":0.0,"max_hp_gain":0.0,"max_hp_loss":0.0,"gold_gain":0.0,"event_name":"Bonfire Elementals","player_choice":"Offered Basic","floor":4.0,"gold_loss":0.0,"damage_taken":0.0},{"damage_healed":0.0,"max_hp_gain":0.0,"max_hp_loss":0.0,"gold_gain":75.0,"event_name":"World of Goop","player_choice":"Gather Gold","floor":11.0,"gold_loss":0.0,"damage_taken":11.0},{"damage_healed":0.0,"max_hp_gain":5.0,"max_hp_loss":0.0,"gold_gain":0.0,"event_name":"Big Fish","player_choice":"Donut","floor":13.0,"gold_loss":0.0,"damage_taken":0.0},{"cards_removed":["Strike_R"],"damage_healed":0.0,"max_hp_gain":0.0,"max_hp_loss":0.0,"gold_gain":0.0,"event_name":"Back to Basics","player_choice":"Elegance","floor":20.0,"gold_loss":0.0,"damage_taken":0.0},{"damage_healed":0.0,"max_hp_gain":0.0,"max_hp_loss":0.0,"gold_gain":0.0,"cards_transformed":["Strike_R","Strike_R"],"event_name":"Designer","player_choice":"Transformed Cards","floor":21.0,"gold_loss":60.0,"damage_taken":0.0,"cards_obtained":["Whirlwind","Flex"]}],"is_beta":false,"boss_relics":[{"not_picked":["Velvet Choker","Astrolabe"],"picked":"Cursed Key"}],"items_purged_floors":[14],"is_endless":false,"potions_floor_spawned":[5,6,8,16,22,27,30],"killed_by":"Champ","ascension_level":4}