{"path_per_floor":["M","M","?","$","M","E","R","M","T","M","R","?","M","M","R","B",null,"M","M","M"],"character_chosen":"IRONCLAD","items_purchased":["Uppercut"],"gold_per_floor":[119,129,204,50,61,89,89,108,108,122,122,122,136,147,147,242,242,256,271,289,289],"floor_reached":21,"campfire_rested":1,"playtime":1376,"current_hp_per_floor":[79,76,65,65,68,56,56,47,47,51,51,51,52,29,53,21,80,41,37,31,10],"items_purged":["Doubt"],"gold":289,"score":213,"play_id":"6ca58b02-d0ab-4d5d-839b-3ee787cbf102","local_time":"20180328093816","is_prod":false,"is_daily":false,"is_ascension_mode":true,"campfire_upgraded":2,"timestamp":1522197496,"path_taken":["M","M","?","?","M","E","R","M","T","?","R","?","?","M","R","BOSS","M","M","M","M"],"build_version":"2018-03-22v2","purchased_purges":1,"victory":false,"master_deck":["Strike_R","Strike_R","Strike_R","Strike_R","Defend_R","Defend_R","Defend_R","Bash","Metallicize","Inflame","Disarm","Rampage","Uppercut+1","Seeing Red","Searing Blow+2","Rage","Iron Wave","Iron Wave","Shockwave","Spot Weakness"],"max_hp_per_floor":[80,80,80,80,80,80,80,80,80,80,80,80,80,80,80,80,80,80,80,80,80],"relics":["Burning Blood","Ancient Tea Set","Calipers","Lizard Tail"],"card_choices":[{"not_picked":["Iron Wave","Cleave"],"picked":"Disarm","floor":1},{"not_picked":["Headbutt","Rupture"],"picked":"Rampage","floor":2},{"not_picked":["Bloodletting","Brutality"],"picked":"Seeing Red","floor":5},{"not_picked":["Pummel","Twin Strike"],"picked":"Searing Blow","floor":6},{"not_picked":["Pommel Strike","Flex"],"picked":"Rage","floor":10},{"not_picked":["Blood for Blood","Anger"],"picked":"Iron Wave","floor":14},{"not_picked":["Combust","Armaments"],"picked":"Iron Wave","floor":18},{"not_picked":["Wild Strike","Havoc"],"picked":"Shockwave","floor":19},{"not_picked":["Warcry","Shrug It Off"],"picked":"Spot Weakness","floor":20}],"player_experience":89614,"potions_floor_usage":[16,20],"damage_taken":[{"damage":7,"enemies":"2 Louse","floor":1,"turns":3},{"damage":9,"enemies":"Small Slimes","floor":2,"turns":5},{"damage":3,"enemies":"Cultist","floor":5,"turns":3},{"damage":18,"enemies":"3 Sentries","floor":6,"turns":9},{"damage":15,"enemies":"Lots of Slimes","floor":8,"turns":4},{"damage":2,"enemies":"3 Louse","floor":10,"turns":3},{"damage":5,"enemies":"Gremlin Gang","floor":13,"turns":4},{"damage":29,"enemies":"Exordium Thugs","floor":14,"turns":6},{"damage":38,"enemies":"The Guardian","floor":16,"turns":11},{"damage":45,"enemies":"Spheric Guardian","floor":18,"turns":6},{"damage":10,"enemies":"Shell Parasite","floor":19,"turns":7},{"damage":12,"enemies":"Snake Plant","floor":20,"turns":4},{"damage":21,"enemies":"Chosen and Byrds","floor":21,"turns":4}],"event_choices":[{"event_name":"World of Goop","player_choice":"Gather Gold","floor":3,"damage_taken":0},{"event_name":"Upgrade Shrine","player_choice":"Upgraded","floor":12,"damage_taken":0}],"boss_relics":[{"not_picked":["Question Card","Tiny House"],"picked":"Lizard Tail"}],"potions_floor_spawned":[5,13,14,16,18],"seed_played":"-5661689183099015093","killed_by":"Chosen and Byrds","ascension_level":3,"is_trial":false}