{"path_per_floor":["M","?","M","?","M","E","R","M","T","R","E","$","M","M","R","B",null,"M","?","M","$","?","E","M","M","T","R","?","M","E","?","R","B",null,"M","$","?","M","$","R","?","E","T","$","?","M","R","$","R"],"character_chosen":"IRONCLAD","items_purchased":["Evolve","Pommel Strike","Bandage Up","Tiny Chest","Inflame","Rage","Second Wind"],"gold_per_floor":[111,111,122,122,139,173,173,186,209,209,239,90,106,119,119,217,217,235,235,254,103,18,45,65,79,104,104,29,42,76,76,76,171,171,183,23,23,40,1,1,0,28,28,28,28,44,44,4,4,4],"floor_reached":50,"campfire_rested":3,"playtime":2567,"current_hp_per_floor":[80,64,53,53,45,33,33,33,33,33,30,30,33,36,36,39,80,80,80,69,69,69,30,36,42,42,66,66,68,44,44,68,35,80,63,63,63,68,68,68,68,41,41,41,41,54,54,54,78,4],"items_purged":["Regret"],"gold":4,"score":707,"play_id":"05843a63-b4bb-44c4-86a2-365a0db7a45f","local_time":"20180329153626","is_prod":false,"is_daily":false,"is_ascension_mode":true,"campfire_upgraded":4,"timestamp":1522305386,"path_taken":["M","?","M","?","M","E","R","M","T","R","E","$","M","M","R","BOSS","M","?","M","$","?","E","?","M","T","R","?","M","E","?","R","BOSS","M","?","?","M","$","R","?","E","T","?","?","M","R","?","R","BOSS"],"build_version":"2018-03-22v2","purchased_purges":1,"victory":false,"master_deck":["Strike_R","Strike_R","Strike_R","Strike_R","Strike_R+1","Defend_R","Defend_R","Defend_R","Bash+1","Pommel Strike","Perfected Strike+1","Clothesline","Wild Strike","Warcry+1","Shrug It Off","Evolve","Ghostly Armor","Evolve+1","Impervious","Iron Wave+1","Bloodletting","Pommel Strike","Bandage Up","Blood for Blood+1","Battle Trance","Anger","Reaper","Pommel Strike","Inflame","Warcry","Rampage","Clothesline+1","Rage+1","Perfected Strike+1","Ghostly Armor+1","Second Wind"],"max_hp_per_floor":[80,80,80,80,80,80,80,80,80,80,80,80,80,80,80,80,80,80,80,80,80,80,80,80,80,80,80,80,80,80,80,80,80,80,80,80,80,80,80,80,80,80,80,80,80,80,80,80,80,80],"relics":["Sozu","Red Skull","Magic Flower","Blood Vial","Thread and Needle","Velvet Choker","Gremlin Horn","Blue Candle","Juzu Bracelet","Bag of Preparation","Question Card","Tiny Chest","Red Mask","Shovel","Charon\u0027s Ashes","Anchor"],"card_choices":[{"not_picked":["Disarm","Infernal Blade"],"picked":"Pommel Strike","floor":1},{"not_picked":["Headbutt","Iron Wave"],"picked":"Perfected Strike","floor":3},{"not_picked":["Wild Strike","Rage"],"picked":"Clothesline","floor":5},{"not_picked":["Limit Break","Inflame"],"picked":"Wild Strike","floor":6},{"not_picked":["Uppercut","Blood for Blood"],"picked":"Warcry","floor":8},{"not_picked":["Havoc","Anger"],"picked":"Shrug It Off","floor":11},{"not_picked":["Flex","Second Wind"],"picked":"Ghostly Armor","floor":13},{"not_picked":["Cleave","Blood for Blood"],"picked":"Evolve","floor":14},{"not_picked":["Immolate","Limit Break"],"picked":"Impervious","floor":16},{"not_picked":["Armaments","Sentinel"],"picked":"Iron Wave","floor":18},{"not_picked":["Sentinel","Clash"],"picked":"Bloodletting","floor":20},{"not_picked":["Warcry","Fire Breathing"],"picked":"Blood for Blood","floor":23},{"not_picked":["Anger","Corruption"],"picked":"Battle Trance","floor":24},{"not_picked":["Thunderclap","Corruption"],"picked":"Anger","floor":30},{"not_picked":["Exhume","Offering"],"picked":"Reaper","floor":33},{"not_picked":["Bloodletting","True Grit","Shockwave"],"picked":"Pommel Strike","floor":35},{"not_picked":["Twin Strike","Heavy Blade","Thunderclap"],"picked":"Clothesline","floor":38},{"not_picked":["Blood for Blood","Iron Wave","Bludgeon"],"picked":"Perfected Strike","floor":42},{"not_picked":["Sword Boomerang","Blood for Blood","Rupture"],"picked":"Ghostly Armor","floor":46}],"player_experience":106290,"potions_floor_usage":[],"damage_taken":[{"damage":0,"enemies":"Jaw Worm","floor":1,"turns":3},{"damage":11,"enemies":"Small Slimes","floor":3,"turns":3},{"damage":8,"enemies":"2 Louse","floor":5,"turns":2},{"damage":12,"enemies":"Gremlin Nob","floor":6,"turns":3},{"damage":0,"enemies":"Blue Slaver","floor":8,"turns":1},{"damage":6,"enemies":"3 Sentries","floor":11,"turns":4},{"damage":0,"enemies":"2 Fungi Beasts","floor":13,"turns":1},{"damage":0,"enemies":"Looter","floor":14,"turns":2},{"damage":0,"enemies":"Slime Boss","floor":16,"turns":4},{"damage":0,"enemies":"2 Thieves","floor":18,"turns":4},{"damage":11,"enemies":"Shell Parasite","floor":20,"turns":4},{"damage":48,"enemies":"Slavers","floor":23,"turns":5},{"damage":3,"enemies":"Centurion and Healer","floor":24,"turns":4},{"damage":3,"enemies":"Snecko","floor":25,"turns":4},{"damage":7,"enemies":"Slaver and Parasite","floor":29,"turns":5},{"damage":33,"enemies":"Book of Stabbing","floor":30,"turns":5},{"damage":42,"enemies":"Collector","floor":33,"turns":9},{"damage":21,"enemies":"3 Darklings","floor":35,"turns":6},{"damage":4,"enemies":"Orb Walker","floor":38,"turns":4},{"damage":50,"enemies":"2 Orb Walkers","floor":42,"turns":6},{"damage":17,"enemies":"3 Darklings","floor":46,"turns":6},{"damage":82,"enemies":"Time Eater","floor":50,"turns":8}],"event_choices":[{"event_name":"Shining Light","player_choice":"Entered Light","floor":2,"damage_taken":0},{"event_name":"Big Fish","player_choice":"Box","floor":4,"damage_taken":0},{"event_name":"Vampires","player_choice":"Ignored","floor":19,"damage_taken":0},{"event_name":"Addict","player_choice":"Obtained Relic","floor":22,"damage_taken":0},{"event_name":"Beggar","player_choice":"Gave Gold","floor":28,"damage_taken":0},{"event_name":"Drug Dealer","player_choice":"Ignored","floor":31,"damage_taken":0},{"event_name":"Match and Keep!","player_choice":"2 cards matched","floor":37,"damage_taken":0},{"event_name":"Tomb of Lord Red Mask","player_choice":"Paid","floor":41,"damage_taken":0},{"event_name":"Mysterious Sphere","player_choice":"Ignore","floor":45,"damage_taken":0}],"boss_relics":[{"not_picked":["Calling Bell","Eternal Feather"],"picked":"Velvet Choker"},{"not_picked":["Pandora\u0027s Box","Black Star"],"picked":"Question Card"}],"potions_floor_spawned":[1,3,14,16,20,29,33,42],"seed_played":"-4396761935297853830","killed_by":"Time Eater","ascension_level":4,"is_trial":false}