{"gold_per_floor":[212,212,229,242,252,252,232,232,232,246,279,49,67,101,101,206,206,220,220,220,220,238,238,272,288,288,316,345,372,212,212],"floor_reached":31,"playtime":848,"items_purged":["Strike_B","Strike_B"],"score":424,"play_id":"d5fd7b1f-cf32-42f1-aaaf-1196e9ad1a5c","local_time":"20190531223817","is_ascension_mode":true,"campfire_choices":[{"data":"Defragment","floor":6.0,"key":"SMITH"},{"data":"Streamline","floor":8.0,"key":"SMITH"},{"data":"Hyperbeam","floor":15.0,"key":"SMITH"},{"data":"Loop","floor":23.0,"key":"SMITH"}],"neow_cost":"NONE","seed_source_timestamp":897921619521300,"circlet_count":0,"master_deck":["Defend_B","Defend_B","Defend_B","Defend_B","Zap","Dualcast","Streamline+1","Defragment+1","Coolheaded","Gash","Cold Snap","Cold Snap","Core Surge","Hyperbeam+1","Chill","Seek","Hologram","Hologram","Loop+1","Turbo","Melter","Necronomicurse","Coolheaded+1","Echo Form"],"special_seed":0,"relics":["Cracked Core","Letter Opener","Ancient Tea Set","Singing Bowl","Orrery","Necronomicon","Mercury Hourglass","MawBank"],"potions_floor_usage":[31,31,31],"damage_taken":[{"damage":0.0,"enemies":"Small Slimes","floor":1.0,"turns":3.0},{"damage":3.0,"enemies":"2 Louse","floor":3.0,"turns":2.0},{"damage":1.0,"enemies":"Cultist","floor":4.0,"turns":3.0},{"damage":24.0,"enemies":"Large Slime","floor":5.0,"turns":8.0},{"damage":5.0,"enemies":"2 Fungi Beasts","floor":10.0,"turns":3.0},{"damage":10.0,"enemies":"Lagavulin","floor":11.0,"turns":7.0},{"damage":8.0,"enemies":"Blue Slaver","floor":13.0,"turns":3.0},{"damage":14.0,"enemies":"Gremlin Nob","floor":14.0,"turns":4.0},{"damage":0.0,"enemies":"The Guardian","floor":16.0,"turns":10.0},{"damage":19.0,"enemies":"3 Byrds","floor":18.0,"turns":4.0},{"damage":12.0,"enemies":"Chosen","floor":22.0,"turns":3.0},{"damage":55.0,"enemies":"Gremlin Leader","floor":24.0,"turns":6.0},{"damage":0.0,"enemies":"Snecko","floor":25.0,"turns":2.0},{"damage":0.0,"enemies":"Sentry and Sphere","floor":27.0,"turns":1.0},{"damage":0.0,"enemies":"Snake Plant","floor":28.0,"turns":2.0},{"damage":0.0,"enemies":"Snecko","floor":29.0,"turns":3.0},{"damage":18,"enemies":"Shelled Parasite and Fungi","floor":31,"turns":1}],"seed_played":"5516154310324147740","potions_obtained":[{"floor":1.0,"key":"Dexterity Potion"},{"floor":3.0,"key":"LiquidBronze"},{"floor":7.0,"key":"Regen Potion"},{"floor":13.0,"key":"Swift Potion"},{"floor":22.0,"key":"Dexterity Potion"},{"floor":27.0,"key":"Strength Potion"},{"floor":29.0,"key":"FearPotion"}],"is_trial":false,"path_per_floor":["M","?","M","M","M","R","?","R","T","M","E","$","M","E","R","B",null,"M","?","?","?","M","R","E","M","T","M","M","M","$","M"],"character_chosen":"DEFECT","items_purchased":["Core Surge","Regen Potion"],"campfire_rested":0,"item_purchase_floors":[12,30],"current_hp_per_floor":[75,80,77,76,52,52,52,52,52,47,52,52,44,30,30,30,74,55,55,39,67,57,57,2,2,2,4,6,8,8,0],"gold":212,"neow_bonus":"HUNDRED_GOLD","is_prod":false,"is_daily":false,"chose_seed":false,"campfire_upgraded":4,"win_rate":0,"timestamp":1559338697,"path_taken":["M","?","M","M","M","R","?","R","T","M","E","$","?","E","R","BOSS","M","?","?","?","M","R","E","M","T","M","M","M","$","M"],"build_version":"2019-01-23","purchased_purges":2,"victory":false,"max_hp_per_floor":[75,80,80,80,80,80,80,80,80,80,80,80,80,80,80,80,86,86,86,86,86,88,88,88,88,88,90,92,94,94,94],"card_choices":[{"not_picked":["White Noise","Sweeping Beam"],"picked":"Streamline","floor":1.0},{"not_picked":["Sweeping Beam","Barrage"],"picked":"Defragment","floor":3.0},{"not_picked":["Ball Lightning","Hologram"],"picked":"Coolheaded","floor":4.0},{"not_picked":["Redo","Melter"],"picked":"Gash","floor":5.0},{"not_picked":["Conserve Battery","White Noise"],"picked":"Cold Snap","floor":10.0},{"not_picked":["Scrape","Hello World"],"picked":"Cold Snap","floor":11.0},{"not_picked":["Cold Snap","Fusion"],"picked":"Hyperbeam","floor":13.0},{"not_picked":["Double Energy","Rebound"],"picked":"Chill","floor":14.0},{"not_picked":["Thunder Strike","Machine Learning"],"picked":"Seek","floor":16.0},{"not_picked":["Gash","Self Repair","Ball Lightning"],"picked":"Singing Bowl","floor":17.0},{"not_picked":["Conserve Battery","Gash","Stack"],"picked":"Singing Bowl","floor":17.0},{"not_picked":["Ball Lightning","Stack"],"picked":"Hologram","floor":17.0},{"not_picked":["Turbo","Barrage"],"picked":"Hologram","floor":17.0},{"not_picked":["Stack","Melter","Rebound"],"picked":"Singing Bowl","floor":17.0},{"not_picked":["Sunder","Compile Driver"],"picked":"Loop","floor":18.0},{"not_picked":["Sweeping Beam+1","Ball Lightning+1","Rebound"],"picked":"Singing Bowl","floor":22.0},{"not_picked":["Steam","Hologram"],"picked":"Coolheaded+1","floor":24.0},{"not_picked":["Gash+1","Reinforced Body+1"],"picked":"Echo Form","floor":25.0},{"not_picked":["Auto Shields","Stack","Coolheaded"],"picked":"Singing Bowl","floor":27.0},{"not_picked":["Cold Snap","Beam Cell","Stack"],"picked":"Singing Bowl","floor":28.0},{"not_picked":["Streamline","Stack","Barrage+1"],"picked":"Singing Bowl","floor":29.0}],"player_experience":115452,"relics_obtained":[{"floor":9.0,"key":"Letter Opener"},{"floor":11.0,"key":"Ancient Tea Set"},{"floor":14.0,"key":"Singing Bowl"},{"floor":20.0,"key":"Necronomicon"},{"floor":24.0,"key":"Mercury Hourglass"},{"floor":26.0,"key":"MawBank"}],"event_choices":[{"damage_healed":0.0,"max_hp_gain":5.0,"max_hp_loss":0.0,"gold_gain":0.0,"event_name":"Big Fish","player_choice":"Donut","floor":2.0,"gold_loss":0.0,"damage_taken":0.0},{"damage_healed":0.0,"max_hp_gain":0.0,"max_hp_loss":0.0,"gold_gain":0.0,"event_name":"The Woman in Blue","player_choice":"Bought 1 Potion","floor":7.0,"gold_loss":0.0,"damage_taken":0.0},{"damage_healed":0.0,"max_hp_gain":0.0,"max_hp_loss":0.0,"gold_gain":0.0,"cards_transformed":["Strike_B","Strike_B"],"event_name":"Drug Dealer","player_choice":"Became Test Subject","floor":19.0,"gold_loss":0.0,"damage_taken":0.0,"cards_obtained":["Turbo","Melter"]},{"damage_healed":0.0,"max_hp_gain":0.0,"max_hp_loss":0.0,"gold_gain":0.0,"event_name":"Cursed Tome","player_choice":"Obtained Book","floor":20.0,"gold_loss":0.0,"damage_taken":16.0},{"damage_healed":28.0,"max_hp_gain":0.0,"max_hp_loss":0.0,"gold_gain":0.0,"event_name":"The Library","player_choice":"Heal","floor":21.0,"gold_loss":0.0,"damage_taken":0.0}],"is_beta":false,"boss_relics":[{"not_picked":["Nuclear Battery","Snecko Eye"],"picked":"Orrery"}],"items_purged_floors":[12,30],"is_endless":false,"potions_floor_spawned":[1,3,10,13,22,27,29],"killed_by":"Shelled Parasite and Fungi","ascension_level":5}