{"gold_per_floor":[115,115,46,57,77,0,0,0,71,87,126,76,92,107,107,107],"floor_reached":16,"playtime":394,"items_purged":[],"score":117,"play_id":"2b31f028-9961-4aed-acd1-5a0e6848371b","local_time":"20190505040458","is_ascension_mode":true,"campfire_choices":[{"data":"Hyperbeam","floor":7,"key":"SMITH"},{"data":"Self Repair","floor":15,"key":"SMITH"}],"neow_cost":"CURSE","seed_source_timestamp":49884447174700,"circlet_count":0,"master_deck":["Strike_B","Strike_B","Strike_B","Defend_B","Defend_B","Defend_B","Defend_B","Zap","Dualcast","Hyperbeam+1","Turbo","Self Repair+1","Gash","Hologram","Beam Cell","BootSequence","Hologram","Seek"],"relics":["Cracked Core","Golden Idol","Gremlin Horn","Anchor"],"potions_floor_usage":[11,16,16],"damage_taken":[{"damage":10,"enemies":"Jaw Worm","floor":1,"turns":3},{"damage":7,"enemies":"Small Slimes","floor":4,"turns":3},{"damage":0,"enemies":"2 Louse","floor":5,"turns":1},{"damage":13,"enemies":"Blue Slaver","floor":10,"turns":3},{"damage":26,"enemies":"Gremlin Nob","floor":11,"turns":4},{"damage":16,"enemies":"Lots of Slimes","floor":13,"turns":3},{"damage":0,"enemies":"Exordium Thugs","floor":14,"turns":2},{"damage":49,"enemies":"The Guardian","floor":16,"turns":10}],"seed_played":"829932949143795868","potions_obtained":[{"floor":11,"key":"Swift Potion"},{"floor":13,"key":"Dexterity Potion"}],"is_trial":false,"path_per_floor":["M","?","$","M","M","$","R","?","T","M","E","?","M","M","R","B"],"character_chosen":"DEFECT","items_purchased":["Self Repair","Regen Potion"],"campfire_rested":0,"item_purchase_floors":[3,6],"current_hp_per_floor":[65,65,65,58,65,65,65,65,65,59,49,49,40,47,47,0],"gold":107,"neow_bonus":"THREE_RARE_CARDS","is_prod":false,"is_daily":false,"chose_seed":false,"campfire_upgraded":2,"win_rate":0,"timestamp":1557025498,"path_taken":["M","?","$","M","M","$","R","?","T","M","E","?","?","M","R","BOSS"],"build_version":"2019-01-23","purchased_purges":0,"victory":false,"max_hp_per_floor":[75,75,75,75,75,75,75,69,69,69,69,69,69,69,69,69],"card_choices":[{"not_picked":["Creative AI","All For One"],"picked":"Hyperbeam","floor":0},{"not_picked":["Stack","Undo"],"picked":"Turbo","floor":1},{"not_picked":["Stack","Hologram"],"picked":"Gash","floor":4},{"not_picked":["Barrage","Reinforced Body"],"picked":"Hologram","floor":5},{"not_picked":["Hello World","Lockon"],"picked":"Beam Cell","floor":10},{"not_picked":["Redo","Compile Driver"],"picked":"BootSequence","floor":11},{"not_picked":["Chaos","Redo"],"picked":"Hologram","floor":13},{"not_picked":["Cold Snap","Streamline"],"picked":"Seek","floor":14}],"player_experience":67252,"relics_obtained":[{"floor":9,"key":"Gremlin Horn"},{"floor":11,"key":"Anchor"}],"event_choices":[{"cards_removed":["Regret"],"damage_healed":0,"gold_gain":0,"player_choice":"Forget","damage_taken":0,"max_hp_gain":0,"max_hp_loss":0,"event_name":"Living Wall","floor":2,"gold_loss":0},{"damage_healed":0,"gold_gain":0,"player_choice":"Lose Max HP","damage_taken":0,"relics_obtained":["Golden Idol"],"max_hp_gain":0,"max_hp_loss":6,"event_name":"Golden Idol","floor":8,"gold_loss":0},{"cards_removed":["Strike_B"],"damage_healed":0,"gold_gain":0,"player_choice":"Card Removal","damage_taken":0,"max_hp_gain":0,"max_hp_loss":0,"event_name":"The Cleric","floor":12,"gold_loss":50}],"is_beta":false,"boss_relics":[],"items_purged_floors":[],"is_endless":false,"potions_floor_spawned":[11,13],"killed_by":"The Guardian","ascension_level":3}