{"gold_per_floor":[109,126,137,152,163,163,88,121,121,71,71,134,109,125,125,220,220,238,238,44,60,60,60,77,77,77,91,91,106,124,143,143,248,248,263,277,277,3,3,38,38,50,119,136,136,136,154,172,172,172],"floor_reached":51,"playtime":5003,"items_purged":["Strike_R","Strike_R"],"score":808,"play_id":"9336be08-315d-4f0c-873a-3b55520f4ae1","local_time":"20181211161230","is_ascension_mode":false,"campfire_choices":[{"data":"Searing Blow","floor":6,"key":"SMITH"},{"data":"Searing Blow+1","floor":11,"key":"SMITH"},{"data":"Searing Blow+2","floor":15,"key":"SMITH"},{"data":"Searing Blow+3","floor":25,"key":"SMITH"},{"floor":28,"key":"REST"},{"data":"Searing Blow+4","floor":32,"key":"SMITH"},{"data":"Searing Blow+5","floor":41,"key":"SMITH"},{"data":"Searing Blow+6","floor":46,"key":"SMITH"},{"data":"Searing Blow+7","floor":49,"key":"SMITH"}],"neow_cost":"TEN_PERCENT_HP_LOSS","seed_source_timestamp":384154709403758,"circlet_count":0,"master_deck":["Strike_R","Strike_R","Defend_R","Defend_R+1","Defend_R","Defend_R","Bash","Disarm","Pommel Strike","Searing Blow+8","Dual Wield","Spot Weakness","Havoc","Headbutt","Disarm","Shockwave","True Grit","Battle Trance","Armaments","Spot Weakness","Spot Weakness","Double Tap","Apotheosis+1","Shrug It Off+1","Shrug It Off+1","Armaments","Clothesline","Warcry","Shrug It Off","Warcry","Intimidate","Armaments+1","Barricade","Pommel Strike","Armaments","Demon Form","Metallicize+1","Flame Barrier+1","Battle Trance+1","Exhume","Apotheosis","Shame","Headbutt+1","Headbutt","Shame","Headbutt+1","Entrench","Body Slam+1","Ghostly Armor+1","Uppercut+1","Shrug It Off"],"relics":["Burning Blood","Prayer Wheel","Oddly Smooth Stone","Turnip","Calipers","Velvet Choker","Question Card","Mercury Hourglass","Cursed Key","War Paint","Bottled Tornado","Molten Egg 2"],"potions_floor_usage":[12,44,50,50,50],"damage_taken":[{"damage":0,"enemies":"Small Slimes","floor":1,"turns":4},{"damage":0,"enemies":"2 Louse","floor":2,"turns":3},{"damage":1,"enemies":"Jaw Worm","floor":3,"turns":4},{"damage":6,"enemies":"Gremlin Gang","floor":4,"turns":6},{"damage":7,"enemies":"2 Fungi Beasts","floor":5,"turns":3},{"damage":16,"enemies":"Gremlin Nob","floor":8,"turns":4},{"damage":17,"enemies":"3 Sentries","floor":12,"turns":5},{"damage":9,"enemies":"Exordium Thugs","floor":14,"turns":4},{"damage":7,"enemies":"Hexaghost","floor":16,"turns":9},{"damage":6,"enemies":"Spheric Guardian","floor":18,"turns":5},{"damage":3,"enemies":"2 Thieves","floor":21,"turns":4},{"damage":15,"enemies":"Snake Plant","floor":24,"turns":5},{"damage":6,"enemies":"Centurion and Healer","floor":27,"turns":5},{"damage":0,"enemies":"Cultist and Chosen","floor":29,"turns":6},{"damage":3,"enemies":"Snake Plant","floor":30,"turns":6},{"damage":12,"enemies":"Shelled Parasite and Fungi","floor":31,"turns":7},{"damage":6,"enemies":"Champ","floor":33,"turns":12},{"damage":4,"enemies":"Orb Walker","floor":35,"turns":2},{"damage":12,"enemies":"3 Darklings","floor":36,"turns":8},{"damage":0,"enemies":"Nemesis","floor":40,"turns":11},{"damage":33,"enemies":"4 Shapes","floor":42,"turns":7},{"damage":23,"enemies":"Jaw Worm Horde","floor":44,"turns":5},{"damage":12,"enemies":"Maw","floor":47,"turns":7},{"damage":0,"enemies":"3 Darklings","floor":48,"turns":7},{"damage":20,"enemies":"Awakened One","floor":50,"turns":20}],"seed_played":"-828864351068381073","potions_obtained":[{"floor":3,"key":"PowerPotion"},{"floor":4,"key":"SmokeBomb"},{"floor":8,"key":"GamblersBrew"},{"floor":12,"key":"Strength Potion"},{"floor":14,"key":"AttackPotion"},{"floor":16,"key":"Regen Potion"},{"floor":21,"key":"Dexterity Potion"},{"floor":40,"key":"PowerPotion"},{"floor":47,"key":"Block Potion"}],"is_trial":false,"path_per_floor":["M","M","M","M","M","R","$","E","T","?","R","?","$","M","R","B",null,"M","?","$","M","$","?","M","R","T","M","R","M","M","M","R","B",null,"M","M","?","$","T","E","R","M","T","M","?","R","M","M","R","B",null],"character_chosen":"IRONCLAD","items_purchased":["Armaments","Apotheosis","Apotheosis"],"campfire_rested":1,"item_purchase_floors":[13,20,38],"current_hp_per_floor":[72,72,72,72,71,71,71,61,61,61,61,50,50,47,47,46,72,72,72,72,72,72,72,63,63,63,63,72,72,72,66,66,66,72,72,66,66,66,66,72,72,45,45,40,40,40,34,40,40,26],"gold":172,"neow_bonus":"ONE_RARE_RELIC","is_prod":false,"is_daily":false,"chose_seed":false,"campfire_upgraded":8,"win_rate":0,"timestamp":1544562750,"path_taken":["M","M","M","M","M","R","$","E","T","?","R","?","$","M","R","BOSS","M","?","$","M","$","?","M","R","T","M","R","M","?","M","R","BOSS","M","M","?","$","?","E","R","M","T","?","?","R","M","M","R","BOSS"],"build_version":"2018-12-06","purchased_purges":2,"victory":true,"max_hp_per_floor":[72,72,72,72,72,72,72,72,72,72,72,72,72,72,72,72,72,72,72,72,72,72,72,72,72,72,72,72,72,72,72,72,72,72,72,72,72,72,72,72,72,72,72,72,72,72,72,72,72,72],"card_choices":[{"not_picked":["Twin Strike","True Grit"],"picked":"Disarm","floor":1},{"not_picked":["Cleave","Twin Strike"],"picked":"Pommel Strike","floor":1},{"not_picked":["Rage","Armaments"],"picked":"Searing Blow","floor":2},{"not_picked":["Body Slam","Perfected Strike"],"picked":"Dual Wield","floor":2},{"not_picked":["Wild Strike","Perfected Strike"],"picked":"Spot Weakness","floor":3},{"not_picked":["Sword Boomerang","Clash"],"picked":"Havoc","floor":3},{"not_picked":["Wild Strike","Juggernaut"],"picked":"Headbutt","floor":4},{"not_picked":["Twin Strike","Heavy Blade","Wild Strike"],"picked":"SKIP","floor":4},{"not_picked":["Headbutt","Cleave"],"picked":"Disarm","floor":5},{"not_picked":["Dual Wield","Whirlwind"],"picked":"Shockwave","floor":5},{"not_picked":["Sever Soul","Twin Strike"],"picked":"True Grit","floor":8},{"not_picked":["Perfected Strike","Anger"],"picked":"Battle Trance","floor":12},{"not_picked":["Twin Strike","Wild Strike"],"picked":"Spot Weakness","floor":14},{"not_picked":["Warcry","Body Slam"],"picked":"Spot Weakness","floor":14},{"not_picked":["Barricade","Berserk"],"picked":"Double Tap","floor":16},{"not_picked":["Warcry","Pommel Strike","Clash"],"picked":"SKIP","floor":18},{"not_picked":["Perfected Strike","Rage+1","Infernal Blade"],"picked":"SKIP","floor":18},{"not_picked":["Flame Barrier","Flex","Entrench"],"picked":"Shrug It Off+1","floor":21},{"not_picked":["Flex","Cleave","Body Slam+1"],"picked":"Shrug It Off+1","floor":21},{"not_picked":["Shrug It Off","Combust","Ghostly Armor+1"],"picked":"Clothesline","floor":24},{"not_picked":["Headbutt","Twin Strike","Iron Wave"],"picked":"Warcry","floor":24},{"not_picked":["Berserk","Anger","Carnage"],"picked":"Shrug It Off","floor":27},{"not_picked":["Clash+1","Havoc","Clothesline"],"picked":"Warcry","floor":27},{"not_picked":["Warcry","Carnage","Ghostly Armor"],"picked":"Intimidate","floor":29},{"not_picked":["Body Slam","Warcry","Perfected Strike"],"picked":"Armaments+1","floor":29},{"not_picked":["Armaments","Whirlwind","Anger+1"],"picked":"Barricade","floor":30},{"not_picked":["Warcry","Pummel","Spot Weakness","Sword Boomerang+1"],"picked":"SKIP","floor":30},{"not_picked":["Perfected Strike","Reckless Charge","Sword Boomerang"],"picked":"Pommel Strike","floor":31},{"not_picked":["Dropkick","Twin Strike","True Grit"],"picked":"Armaments","floor":31},{"not_picked":["Reaper","Exhume","Immolate"],"picked":"Demon Form","floor":33},{"not_picked":["Combust+1","Corruption+1","Ghostly Armor+1"],"picked":"Metallicize+1","floor":35},{"not_picked":["Iron Wave","Inflame","Perfected Strike"],"picked":"Flame Barrier+1","floor":35},{"not_picked":["Inflame","Havoc+1","Cleave+1"],"picked":"Battle Trance+1","floor":36},{"not_picked":["Whirlwind","Thunderclap","Wild Strike"],"picked":"Exhume","floor":36},{"not_picked":["Pummel+1","Cleave","Immolate"],"picked":"Headbutt+1","floor":40},{"not_picked":["Flex+1","Heavy Blade","Thunderclap"],"picked":"Headbutt","floor":42},{"not_picked":["Thunderclap+1","Havoc","Shockwave","Clash"],"picked":"SKIP","floor":42},{"not_picked":["Perfected Strike+1","True Grit","Havoc+1"],"picked":"Headbutt+1","floor":44},{"not_picked":["Infernal Blade+1","Perfected Strike+1","Bludgeon+1"],"picked":"Entrench","floor":44},{"not_picked":["Searing Blow+1","Power Through+1","Perfected Strike+1"],"picked":"Body Slam+1","floor":47},{"not_picked":["Heavy Blade+1","Pummel+1","Anger+1"],"picked":"Ghostly Armor+1","floor":47},{"not_picked":["Flex","Iron Wave+1","Thunderclap+1"],"picked":"Uppercut+1","floor":48},{"not_picked":["Whirlwind+1","Clash+1","Wild Strike+1"],"picked":"Shrug It Off","floor":48}],"player_experience":355624,"relics_obtained":[{"floor":8,"key":"Oddly Smooth Stone"},{"floor":9,"key":"Turnip"},{"floor":12,"key":"Calipers"},{"floor":26,"key":"Mercury Hourglass"},{"floor":39,"key":"War Paint"},{"floor":40,"key":"Bottled Tornado"},{"floor":43,"key":"Molten Egg 2"}],"event_choices":[{"cards_removed":["Strike_R"],"damage_healed":0,"gold_gain":0,"player_choice":"Card Removal","damage_taken":0,"max_hp_gain":0,"max_hp_loss":0,"event_name":"The Cleric","floor":10,"gold_loss":50},{"damage_healed":0,"gold_gain":0,"player_choice":"Searched \u00271\u0027 times","damage_taken":0,"max_hp_gain":0,"max_hp_loss":0,"event_name":"Dead Adventurer","floor":12,"gold_loss":0},{"damage_healed":0,"gold_gain":0,"player_choice":"Stole Relic","damage_taken":0,"relics_obtained":["Question Card"],"max_hp_gain":0,"max_hp_loss":0,"event_name":"Addict","floor":19,"gold_loss":0,"cards_obtained":["Shame"]},{"damage_healed":0,"gold_gain":0,"player_choice":"1 cards matched","damage_taken":0,"max_hp_gain":0,"max_hp_loss":0,"event_name":"Match and Keep!","floor":23,"gold_loss":0,"cards_obtained":["Armaments"]},{"cards_removed":["Shame"],"damage_healed":0,"gold_gain":0,"player_choice":"Purged","damage_taken":0,"max_hp_gain":0,"max_hp_loss":0,"event_name":"Purifier","floor":37,"gold_loss":0},{"damage_healed":0,"gold_gain":0,"player_choice":"Ignored","damage_taken":0,"max_hp_gain":0,"max_hp_loss":0,"event_name":"Mysterious Sphere","floor":45,"gold_loss":0}],"is_beta":false,"boss_relics":[{"not_picked":["Mark of Pain","Lizard Tail"],"picked":"Velvet Choker"},{"not_picked":["Philosopher\u0027s Stone","Calling Bell"],"picked":"Cursed Key"}],"items_purged_floors":[7,38],"is_endless":false,"potions_floor_spawned":[3,4,8,12,14,16,21,27,30,33,35,40,47],"ascension_level":0}