{"gold_per_floor":[118,130,130,141,158,158,193,203,203,133,159,209,209,103,103,177,177,197,208,208,208,170,204,204,204,279,293,307,232,232,332,332,411,411,425,425,442,442,452,452,477,477,525,625,625,625,158,172,172,172],"floor_reached":51,"playtime":2297,"items_purged":["Writhe"],"score":1308,"play_id":"6a5da37d-39ba-42cc-b082-4672a2d019f9","local_time":"20190920014551","is_ascension_mode":true,"campfire_choices":[{"data":"Buffer","floor":6.0,"key":"SMITH"},{"data":"Rainbow","floor":13,"key":"SMITH"},{"data":"Capacitor","floor":15,"key":"SMITH"},{"floor":24,"key":"REST"},{"floor":32,"key":"REST"},{"floor":40,"key":"REST"},{"floor":42,"key":"REST"},{"floor":46,"key":"REST"},{"floor":49,"key":"REST"}],"neow_cost":"NONE","seed_source_timestamp":0,"circlet_count":0,"master_deck":["AscendersBane","Strike_B+1","Strike_B+1","Strike_B+1","Strike_B+1","Defend_B+1","Defend_B+1","Defend_B+1","Defend_B+1","Zap","Dualcast","Ball Lightning","Ball Lightning","Buffer+1","Conserve Battery","Aggregate","Redo","Rainbow+1","Capacitor","Static Discharge","Capacitor+1","Melter","Rip and Tear+1","Undo+1","Capacitor","Glacier","White Noise","Glacier","Echo Form+1","Conserve Battery+1","Mayhem+1","Chill","Storm+1","Leap","Leap","Chrysalis","Double Energy+1"],"special_seed":0,"relics":["Runic Pyramid","Mercury Hourglass","Bottled Lightning","MealTicket","Fusion Hammer","Emotion Chip","MutagenicStrength","Pear","Bottled Tornado","Incense Burner","Frozen Egg 2","Snecko Eye","Regal Pillow","Happy Flower","Peace Pipe","Orichalcum","Blood Vial"],"potions_floor_usage":[23,23,33,50,50],"damage_taken":[{"damage":3.0,"enemies":"Jaw Worm","floor":1.0,"turns":4.0},{"damage":1.0,"enemies":"Cultist","floor":2.0,"turns":4.0},{"damage":3.0,"enemies":"2 Louse","floor":4.0,"turns":3.0},{"damage":0.0,"enemies":"2 Fungi Beasts","floor":5.0,"turns":4.0},{"damage":20.0,"enemies":"Lagavulin","floor":7.0,"turns":6.0},{"damage":9.0,"enemies":"Red Slaver","floor":8.0,"turns":3.0},{"damage":0,"enemies":"Gremlin Nob","floor":11,"turns":3},{"damage":36,"enemies":"The Guardian","floor":16,"turns":9},{"damage":21,"enemies":"2 Thieves","floor":18,"turns":4},{"damage":11,"enemies":"3 Byrds","floor":19,"turns":3},{"damage":35,"enemies":"Slavers","floor":23,"turns":4},{"damage":9,"enemies":"Shelled Parasite and Fungi","floor":27,"turns":5},{"damage":0,"enemies":"Cultist and Chosen","floor":28,"turns":6},{"damage":8,"enemies":"Colosseum Slavers","floor":31,"turns":5},{"damage":23,"enemies":"Colosseum Nobs","floor":31,"turns":5},{"damage":2,"enemies":"Automaton","floor":33,"turns":12},{"damage":4,"enemies":"3 Darklings","floor":35,"turns":5},{"damage":0,"enemies":"3 Shapes","floor":37,"turns":3},{"damage":0,"enemies":"Sphere and 2 Shapes","floor":39,"turns":6},{"damage":17,"enemies":"Reptomancer","floor":41,"turns":6},{"damage":16,"enemies":"Mind Bloom Boss Battle","floor":44,"turns":10},{"damage":7,"enemies":"Spire Growth","floor":48,"turns":7},{"damage":74,"enemies":"Time Eater","floor":50,"turns":13}],"seed_played":"-4277330027012983806","potions_obtained":[{"floor":1.0,"key":"AttackPotion"},{"floor":4.0,"key":"Ancient Potion"},{"floor":5.0,"key":"Regen Potion"},{"floor":11,"key":"FearPotion"},{"floor":31,"key":"Ancient Potion"},{"floor":33,"key":"LiquidBronze"},{"floor":35,"key":"Dexterity Potion"},{"floor":37,"key":"Explosive Potion"},{"floor":41,"key":"Weak Potion"}],"is_trial":false,"path_per_floor":["M","M","?","M","M","R","E","M","T","$","E","?","R","$","R","B",null,"M","M","?","?","$","E","R","?","T","M","M","$","?","?","R","B",null,"M","?","M","?","M","R","E","R","T","?","?","R","$","M","R","B",null],"character_chosen":"DEFECT","items_purchased":["Capacitor","Capacitor","Melter","Capacitor","Orichalcum","Blood Vial","Chrysalis"],"campfire_rested":6,"item_purchase_floors":[10,14,14,22,47,47,47],"current_hp_per_floor":[61,60,60,57,57,57,52,43,43,43,43,43,43,58,58,22,59,38,27,27,27,42,17,41,91,91,82,82,91,91,60,87,85,90,86,86,86,86,86,91,74,91,91,75,75,91,91,84,91,17],"gold":172,"neow_bonus":"BOSS_RELIC","is_prod":false,"is_daily":false,"chose_seed":false,"campfire_upgraded":3,"win_rate":0,"timestamp":1568958351,"path_taken":["M","M","?","M","?","R","E","M","T","?","E","?","R","$","R","BOSS","M","M","?","?","$","E","R","?","T","?","M","$","?","?","R","BOSS","M","?","M","?","?","R","E","R","T","?","?","R","$","M","R","BOSS"],"build_version":"2019-09-19","purchased_purges":1,"victory":true,"max_hp_per_floor":[71,71,71,71,71,71,71,71,71,71,71,71,71,71,71,71,71,71,71,71,71,71,81,81,91,91,91,91,91,91,91,91,91,91,91,91,91,91,91,91,91,91,91,91,91,91,91,91,91,91],"card_choices":[{"not_picked":["Fusion","Redo"],"picked":"Ball Lightning","floor":1.0},{"not_picked":["Coolheaded","Barrage"],"picked":"Ball Lightning","floor":2.0},{"not_picked":["Streamline","Blizzard"],"picked":"Conserve Battery","floor":4.0},{"not_picked":["Scrape","Skim"],"picked":"Aggregate","floor":5.0},{"not_picked":["Barrage","Lockon"],"picked":"Redo","floor":7.0},{"not_picked":["Streamline","Compile Driver"],"picked":"Rainbow","floor":8.0},{"not_picked":["Self Repair","Reinforced Body"],"picked":"Static Discharge","floor":11},{"not_picked":["Meteor Strike","Fission"],"picked":"Hyperbeam","floor":16},{"not_picked":["Gash","Lockon+1"],"picked":"Rip and Tear+1","floor":18},{"not_picked":["Chaos","Rip and Tear"],"picked":"Undo+1","floor":19},{"not_picked":["Steam+1","Beam Cell+1"],"picked":"Glacier","floor":23},{"not_picked":["Turbo","Beam Cell"],"picked":"Sunder","floor":27},{"not_picked":["Sweeping Beam","Coolheaded"],"picked":"White Noise","floor":28},{"not_picked":["Recycle","Steam Power"],"picked":"Glacier","floor":31},{"not_picked":["Rainbow","Hyperbeam"],"picked":"Echo Form+1","floor":33},{"not_picked":["Chaos","Redo"],"picked":"Conserve Battery+1","floor":35},{"not_picked":["Enlightenment","Jack Of All Trades"],"picked":"Mayhem+1","floor":36},{"not_picked":["Sweeping Beam","Aggregate","Hologram"],"picked":"SKIP","floor":37},{"not_picked":["Sweeping Beam","Redo"],"picked":"Storm+1","floor":39},{"not_picked":["Recycle+1","Gash"],"picked":"Leap","floor":41},{"not_picked":["Beam Cell","Coolheaded"],"picked":"Leap","floor":44},{"not_picked":["Force Field+1","Blizzard"],"picked":"Double Energy+1","floor":48}],"player_experience":594650,"relics_obtained":[{"floor":7.0,"key":"Mercury Hourglass"},{"floor":9.0,"key":"Bottled Lightning"},{"floor":11,"key":"MealTicket"},{"floor":23,"key":"Pear"},{"floor":26,"key":"Bottled Tornado"},{"floor":31,"key":"Incense Burner"},{"floor":31,"key":"Frozen Egg 2"},{"floor":41,"key":"Regal Pillow"},{"floor":43,"key":"Happy Flower"},{"floor":44,"key":"Peace Pipe"}],"event_choices":[{"damage_healed":0.0,"max_hp_gain":0.0,"max_hp_loss":0.0,"gold_gain":0.0,"event_name":"Match and Keep!","player_choice":"1 cards matched","floor":3.0,"gold_loss":0.0,"damage_taken":0.0,"cards_obtained":["Buffer"]},{"damage_healed":0,"gold_gain":50,"player_choice":"Pray","damage_taken":0,"max_hp_gain":0,"max_hp_loss":0,"event_name":"Golden Shrine","floor":12,"gold_loss":0},{"damage_healed":0,"gold_gain":0,"player_choice":"Opened","damage_taken":0,"relics_obtained":["Emotion Chip"],"max_hp_gain":0,"max_hp_loss":0,"event_name":"The Mausoleum","floor":20,"gold_loss":0,"cards_obtained":["Writhe"]},{"damage_healed":0,"gold_gain":0,"player_choice":"Inject Mutagens","damage_taken":0,"relics_obtained":["MutagenicStrength"],"max_hp_gain":0,"max_hp_loss":0,"event_name":"Drug Dealer","floor":21,"gold_loss":0},{"cards_removed":["Hyperbeam"],"damage_healed":40,"gold_gain":0,"player_choice":"Offered Rare","damage_taken":0,"max_hp_gain":10,"max_hp_loss":0,"event_name":"Bonfire Elementals","floor":25,"gold_loss":0},{"damage_healed":0,"gold_gain":0,"player_choice":"Simplicity","damage_taken":0,"max_hp_gain":0,"max_hp_loss":0,"event_name":"Back to Basics","floor":30,"gold_loss":0,"cards_upgraded":["Strike_B","Strike_B","Strike_B","Strike_B","Defend_B","Defend_B","Defend_B","Defend_B"]},{"damage_healed":0,"gold_gain":0,"player_choice":"Fight","damage_taken":0,"max_hp_gain":0,"max_hp_loss":0,"event_name":"Colosseum","floor":31,"gold_loss":0},{"damage_healed":0,"gold_gain":0,"player_choice":"Fought Nobs","damage_taken":0,"max_hp_gain":0,"max_hp_loss":0,"event_name":"Colosseum","floor":31,"gold_loss":0},{"damage_healed":0,"gold_gain":0,"player_choice":"Memory 1","damage_taken":0,"max_hp_gain":0,"max_hp_loss":0,"event_name":"SensoryStone","floor":36,"gold_loss":0},{"damage_healed":0,"gold_gain":0,"cards_transformed":["Sunder"],"player_choice":"Transformed","damage_taken":0,"max_hp_gain":0,"max_hp_loss":0,"event_name":"Transmorgrifier","floor":38,"gold_loss":0,"cards_obtained":["Chill"]},{"damage_healed":0,"gold_gain":0,"player_choice":"Fight","damage_taken":0,"max_hp_gain":0,"max_hp_loss":0,"event_name":"MindBloom","floor":44,"gold_loss":0},{"damage_healed":0,"gold_gain":0,"player_choice":"Ignored","damage_taken":0,"max_hp_gain":0,"max_hp_loss":0,"event_name":"Tomb of Lord Red Mask","floor":45,"gold_loss":0}],"is_beta":true,"boss_relics":[{"not_picked":["Tiny House","Nuclear Battery"],"picked":"Fusion Hammer"},{"not_picked":["Runic Dome","Inserter"],"picked":"Snecko Eye"}],"items_purged_floors":[29],"is_endless":false,"potions_floor_spawned":[1,4,5,11,18,19,31,33,35,37,41],"ascension_level":15}