{"gold_per_floor":[113,130,205,20,20,53,53,80,105,105,125,125,154,166,166,264,264,276,286,286,80,95,95,124,124,177,26,49,49,80,7,7,107,107,123,123,134,150,150],"floor_reached":39,"playtime":1581,"items_purged":["Strike_B","Strike_B"],"score":696,"play_id":"71bf60d9-d1b8-41c2-92da-17e8fb8d2560","local_time":"20190807040842","is_ascension_mode":true,"campfire_choices":[{"data":"Zap","floor":7,"key":"SMITH"},{"floor":10,"key":"REST"},{"data":"Ball Lightning","floor":12,"key":"SMITH"},{"data":"Consume","floor":15,"key":"SMITH"},{"floor":23,"key":"REST"},{"floor":29,"key":"REST"},{"floor":32,"key":"REST"}],"neow_cost":"NONE","seed_source_timestamp":44055749009500,"circlet_count":0,"master_deck":["AscendersBane","Defend_B","Defend_B","Defend_B","Defend_B","Zap+1","Dualcast","Rebound","Turbo","Capacitor","Glacier","Compile Driver","Consume+1","Ball Lightning+1","Barrage","Electrodynamics","Ball Lightning","Hologram+1","Echo Form","Coolheaded","Cold Snap","Buffer","Defragment","Coolheaded","Mayhem"],"relics":["Cracked Core","Bag of Marbles","Meat on the Bone","Omamori","Potion Belt","Runic Pyramid","StoneCalendar","Symbiotic Virus","Tiny Chest","Lantern","Boot","Snecko Eye"],"potions_floor_usage":[6,8,16,24,33,37,38,38,39],"damage_taken":[{"damage":1,"enemies":"Cultist","floor":1,"turns":3},{"damage":7,"enemies":"Jaw Worm","floor":2,"turns":3},{"damage":14,"enemies":"Lagavulin","floor":6,"turns":7},{"damage":11,"enemies":"Gremlin Nob","floor":8,"turns":8},{"damage":4,"enemies":"2 Louse","floor":11,"turns":2},{"damage":10,"enemies":"Lagavulin","floor":13,"turns":6},{"damage":10,"enemies":"Gremlin Gang","floor":14,"turns":2},{"damage":9,"enemies":"The Guardian","floor":16,"turns":11},{"damage":30,"enemies":"3 Byrds","floor":18,"turns":3},{"damage":7,"enemies":"Chosen","floor":19,"turns":4},{"damage":38,"enemies":"Snake Plant","floor":22,"turns":4},{"damage":29,"enemies":"Slavers","floor":24,"turns":4},{"damage":21,"enemies":"Book of Stabbing","floor":30,"turns":7},{"damage":20,"enemies":"Collector","floor":33,"turns":8},{"damage":1,"enemies":"Orb Walker","floor":35,"turns":4},{"damage":58,"enemies":"3 Darklings","floor":37,"turns":7},{"damage":0,"enemies":"Jaw Worm Horde","floor":38,"turns":3},{"damage":41,"enemies":"Spire Growth","floor":39,"turns":4}],"seed_played":"-2407312568763495424","potions_obtained":[{"floor":0,"key":"Strength Potion"},{"floor":0,"key":"SkillPotion"},{"floor":2,"key":"Fire Potion"},{"floor":6,"key":"Block Potion"},{"floor":8,"key":"LiquidBronze"},{"floor":16,"key":"PowerPotion"},{"floor":19,"key":"SkillPotion"},{"floor":24,"key":"Energy Potion"},{"floor":35,"key":"Weak Potion"}],"is_trial":false,"path_per_floor":["M","M","?","$","?","E","R","E","T","R","M","R","E","M","R","B",null,"M","M","?","$","M","R","E","T","T","$","T","R","E","$","R","B",null,"M","?","M","M","M"],"character_chosen":"DEFECT","items_purchased":["Capacitor","Glacier","Echo Form","Coolheaded","PowerPotion","Defragment"],"campfire_rested":4,"item_purchase_floors":[4,4,21,21,27,31],"current_hp_per_floor":[67,60,49,49,49,35,35,24,24,46,42,42,44,46,46,49,69,39,44,44,44,18,40,23,23,23,23,23,45,36,36,58,38,66,65,65,19,31,0],"gold":150,"neow_bonus":"THREE_SMALL_POTIONS","is_prod":false,"is_daily":false,"chose_seed":false,"campfire_upgraded":3,"win_rate":0,"timestamp":1565147322,"path_taken":["M","M","?","$","?","E","R","E","T","R","M","R","E","M","R","BOSS","M","M","?","$","?","R","E","?","T","?","?","R","E","$","R","BOSS","M","?","M","M","M"],"build_version":"2019-07-17","purchased_purges":2,"victory":false,"max_hp_per_floor":[75,75,75,75,75,75,75,75,75,75,75,75,75,75,75,75,75,75,75,75,75,75,75,75,75,75,75,75,75,75,75,75,75,75,75,75,75,75,75],"card_choices":[{"not_picked":["Steam","Hologram"],"picked":"Rebound","floor":1},{"not_picked":["Heatsinks","Lockon"],"picked":"Turbo","floor":2},{"not_picked":["Aggregate","Steam"],"picked":"Consume","floor":6},{"not_picked":["Recycle","Seek"],"picked":"Ball Lightning","floor":8},{"not_picked":["Stack","Beam Cell"],"picked":"Barrage","floor":11},{"not_picked":["Capacitor","Rebound"],"picked":"Electrodynamics","floor":13},{"not_picked":["Sweeping Beam","Go for the Eyes","Barrage"],"picked":"SKIP","floor":14},{"not_picked":["Blizzard","Compile Driver"],"picked":"Ball Lightning","floor":18},{"not_picked":["Stack","Leap"],"picked":"Hologram+1","floor":19},{"not_picked":["Go for the Eyes","Reprogram","Redo"],"picked":"SKIP","floor":22},{"not_picked":["Stack","Heatsinks"],"picked":"Cold Snap","floor":24},{"not_picked":["Hyperbeam","Consume"],"picked":"Buffer","floor":30},{"not_picked":["Beam Cell","Turbo+1"],"picked":"Coolheaded","floor":35},{"not_picked":["Finesse","Sadistic Nature"],"picked":"Mayhem","floor":36},{"not_picked":["Barrage","Ball Lightning","Leap+1"],"picked":"SKIP","floor":37},{"not_picked":["Sweeping Beam","Rebound","Go for the Eyes"],"picked":"SKIP","floor":38}],"player_experience":198617,"relics_obtained":[{"floor":6,"key":"Bag of Marbles"},{"floor":8,"key":"Meat on the Bone"},{"floor":9,"key":"Omamori"},{"floor":13,"key":"Potion Belt"},{"floor":24,"key":"StoneCalendar"},{"floor":25,"key":"Symbiotic Virus"},{"floor":26,"key":"Tiny Chest"},{"floor":28,"key":"Lantern"},{"floor":30,"key":"Boot"}],"event_choices":[{"damage_healed":0,"gold_gain":75,"player_choice":"Gather Gold","damage_taken":11,"max_hp_gain":0,"max_hp_loss":0,"event_name":"World of Goop","floor":3,"gold_loss":0},{"damage_healed":0,"gold_gain":0,"cards_transformed":["Strike_B"],"player_choice":"Change","damage_taken":0,"max_hp_gain":0,"max_hp_loss":0,"event_name":"Living Wall","floor":5,"gold_loss":0,"cards_obtained":["Compile Driver"]},{"cards_removed":["Strike_B"],"damage_healed":0,"gold_gain":0,"player_choice":"Purged","damage_taken":0,"max_hp_gain":0,"max_hp_loss":0,"event_name":"Purifier","floor":20,"gold_loss":0},{"damage_healed":0,"gold_gain":0,"player_choice":"Memory 1","damage_taken":0,"max_hp_gain":0,"max_hp_loss":0,"event_name":"SensoryStone","floor":36,"gold_loss":0}],"is_beta":false,"boss_relics":[{"not_picked":["Black Star","Coffee Dripper"],"picked":"Runic Pyramid"},{"not_picked":["Tiny House","Cursed Key"],"picked":"Snecko Eye"}],"items_purged_floors":[4,27],"is_endless":false,"potions_floor_spawned":[2,6,8,16,19,24,35],"killed_by":"Spire Growth","ascension_level":12}