{"gold_per_floor":[118,49,68,82,97,97,115,115,194,204,204,221,221,236,236,312,312,331,341,341],"floor_reached":20,"playtime":2831,"items_purged":[],"score":289,"play_id":"fd03f3db-bbe2-42b9-afa9-81c4aca392c0","local_time":"20190917200610","is_ascension_mode":true,"campfire_choices":[{"data":"Consume","floor":6,"key":"SMITH"},{"data":"Capacitor","floor":8,"key":"SMITH"},{"floor":11,"key":"REST"},{"floor":15,"key":"REST"}],"neow_cost":"PERCENT_DAMAGE","seed_source_timestamp":261112603713675,"circlet_count":0,"master_deck":["AscendersBane","Strike_B","Strike_B","Strike_B","Strike_B","Defend_B","Defend_B","Defend_B","Defend_B","Zap","Dualcast","Loop","Self Repair","Consume+1","Double Energy","Capacitor+1","Cold Snap","Genetic Algorithm","Ball Lightning","Cold Snap","Amplify","Glacier","Cold Snap"],"relics":["Cracked Core","Blue Candle","Nuclear Battery"],"potions_floor_usage":[7,16],"damage_taken":[{"damage":12,"enemies":"Small Slimes","floor":1,"turns":2},{"damage":4,"enemies":"Jaw Worm","floor":3,"turns":5},{"damage":6,"enemies":"2 Louse","floor":4,"turns":3},{"damage":17,"enemies":"2 Fungi Beasts","floor":5,"turns":5},{"damage":23,"enemies":"Lots of Slimes","floor":7,"turns":4},{"damage":24,"enemies":"Large Slime","floor":10,"turns":7},{"damage":20,"enemies":"Red Slaver","floor":12,"turns":5},{"damage":20,"enemies":"3 Louse","floor":14,"turns":5},{"damage":20,"enemies":"The Guardian","floor":16,"turns":9},{"damage":18,"enemies":"Chosen","floor":18,"turns":6},{"damage":4,"enemies":"Spheric Guardian","floor":19,"turns":7},{"damage":69,"enemies":"Cultist and Chosen","floor":20,"turns":5}],"seed_played":"-3910129085567958802","potions_obtained":[{"floor":1,"key":"Energy Potion"},{"floor":4,"key":"DuplicationPotion"},{"floor":7,"key":"Energy Potion"},{"floor":16,"key":"Ancient Potion"},{"floor":18,"key":"Strength Potion"}],"is_trial":false,"path_per_floor":["M","$","M","M","M","R","M","R","T","M","R","M","?","M","R","B",null,"M","M","M"],"character_chosen":"DEFECT","items_purchased":["Self Repair"],"campfire_rested":2,"item_purchase_floors":[2],"current_hp_per_floor":[48,48,51,52,42,42,26,26,26,9,34,21,21,8,33,20,69,58,61,0],"gold":341,"neow_bonus":"TWENTY_PERCENT_HP_BONUS","is_prod":false,"is_daily":false,"chose_seed":false,"campfire_upgraded":2,"win_rate":0,"timestamp":1568765170,"path_taken":["M","$","M","M","M","R","M","R","T","M","R","M","?","M","R","BOSS","M","M","M"],"build_version":"2019-09-17","purchased_purges":0,"victory":false,"max_hp_per_floor":[85,85,85,85,85,85,85,85,85,85,85,85,85,85,85,85,85,85,85,85],"card_choices":[{"not_picked":["Go for the Eyes","Redo"],"picked":"Loop","floor":1},{"not_picked":["Turbo","Leap"],"picked":"Consume","floor":3},{"not_picked":["Rebound","Barrage"],"picked":"Double Energy","floor":4},{"not_picked":["Leap","Multi-Cast"],"picked":"Capacitor","floor":5},{"not_picked":["Coolheaded","Heatsinks"],"picked":"Cold Snap","floor":7},{"not_picked":["Gash","Coolheaded"],"picked":"Genetic Algorithm","floor":10},{"not_picked":["Gash","BootSequence"],"picked":"Ball Lightning","floor":12},{"not_picked":["Leap","Stack"],"picked":"Cold Snap","floor":14},{"not_picked":["Buffer","Machine Learning"],"picked":"Amplify","floor":16},{"not_picked":["Reinforced Body","Barrage"],"picked":"Glacier","floor":18},{"not_picked":["Fusion","Undo"],"picked":"Cold Snap","floor":19}],"player_experience":550020,"relics_obtained":[{"floor":9,"key":"Blue Candle"}],"event_choices":[{"damage_healed":0,"gold_gain":0,"player_choice":"Ignored","damage_taken":0,"max_hp_gain":0,"max_hp_loss":0,"event_name":"Golden Wing","floor":13,"gold_loss":0}],"is_beta":true,"boss_relics":[{"not_picked":["Black Star","Runic Pyramid"],"picked":"Nuclear Battery"}],"items_purged_floors":[],"is_endless":false,"potions_floor_spawned":[1,4,7,16,18],"killed_by":"Cultist and Chosen","ascension_level":14}