{"gold_per_floor":[112,127,16,69,81,81,100,113,113,113,127,147,147],"floor_reached":13,"playtime":724,"items_purged":["Parasite"],"score":87,"play_id":"aa459483-f1c2-4bf4-be15-0d0bd6ce6fd3","local_time":"20190825001734","is_ascension_mode":true,"campfire_choices":[{"data":"Creative AI","floor":6,"key":"SMITH"},{"floor":10,"key":"REST"}],"neow_cost":"CURSE","seed_source_timestamp":563107135584327,"circlet_count":0,"master_deck":["Strike_B","Strike_B","Defend_B","Defend_B","Defend_B","Defend_B","Zap","Dualcast","Core Surge","Creative AI+1","Leap","Rebound","Hello World","Ball Lightning","White Noise","Buffer","Static Discharge","Ball Lightning"],"relics":["Cracked Core","Incense Burner"],"potions_floor_usage":[8,8],"damage_taken":[{"damage":30,"enemies":"Small Slimes","floor":1,"turns":5},{"damage":2,"enemies":"2 Louse","floor":2,"turns":3},{"damage":12,"enemies":"Jaw Worm","floor":5,"turns":2},{"damage":28,"enemies":"3 Louse","floor":7,"turns":3},{"damage":0,"enemies":"Blue Slaver","floor":8,"turns":2},{"damage":7,"enemies":"Exordium Wildlife","floor":11,"turns":5},{"damage":9,"enemies":"3 Louse","floor":12,"turns":4},{"damage":15,"enemies":"Gremlin Gang","floor":13,"turns":1}],"seed_played":"-2322431331114424412","potions_obtained":[{"floor":1,"key":"Dexterity Potion"},{"floor":2,"key":"SneckoOil"},{"floor":7,"key":"SkillPotion"}],"is_trial":false,"path_per_floor":["M","M","$","?","M","R","M","M","T","R","M","M","M"],"character_chosen":"DEFECT","items_purchased":["Hello World"],"campfire_rested":1,"item_purchase_floors":[3],"current_hp_per_floor":[45,43,43,43,31,31,3,3,3,24,17,8,0],"gold":147,"neow_bonus":"TRANSFORM_TWO_CARDS","is_prod":false,"is_daily":false,"chose_seed":false,"campfire_upgraded":1,"win_rate":0,"timestamp":1566706654,"path_taken":["M","M","$","?","M","R","M","M","T","R","M","M","M"],"build_version":"2019-08-23","purchased_purges":1,"victory":false,"max_hp_per_floor":[75,75,72,72,72,72,72,72,72,72,72,72,72],"card_choices":[{"not_picked":["Tempest","Streamline"],"picked":"Leap","floor":1},{"not_picked":["Streamline","Steam"],"picked":"Rebound","floor":2},{"not_picked":["Hologram","Coolheaded"],"picked":"Ball Lightning","floor":5},{"not_picked":["Coolheaded","BootSequence"],"picked":"White Noise","floor":7},{"not_picked":["Compile Driver","Leap"],"picked":"Buffer","floor":8},{"not_picked":["Heatsinks","Stack"],"picked":"Static Discharge","floor":11},{"not_picked":["Fusion","Stack"],"picked":"Ball Lightning","floor":12}],"player_experience":55293,"relics_obtained":[{"floor":9,"key":"Incense Burner"}],"event_choices":[{"damage_healed":0,"gold_gain":53,"player_choice":"Gained Gold","damage_taken":0,"max_hp_gain":0,"max_hp_loss":0,"event_name":"Golden Wing","floor":4,"gold_loss":0}],"is_beta":true,"boss_relics":[],"items_purged_floors":[3],"is_endless":false,"potions_floor_spawned":[1,2,7],"killed_by":"Gremlin Gang","ascension_level":2}