{"path_per_floor":["M","?","?","M","M","R","E","M","T","?","M","?","$","E","R","B",null,"M","M","?","T","M","E","R","M","T","E","?","$","M","T","R","B",null,"M","M","?","?","?","R","$","R","T","M","R","M","M"],"character_chosen":"IRONCLAD","items_purchased":["Shuriken","Finesse","Regen Potion","Flex","Headbutt"],"gold_per_floor":[20,20,95,108,123,123,153,164,164,114,125,125,50,84,84,189,189,209,219,134,134,145,170,170,185,255,281,281,42,53,135,135,238,238,251,264,264,264,264,264,6,6,6,25,25,43,56],"floor_reached":48,"campfire_rested":0,"playtime":3145,"current_hp_per_floor":[96,96,85,85,91,91,79,79,79,79,83,83,83,67,67,36,96,87,74,84,84,77,73,73,76,76,56,56,56,66,66,66,74,74,74,60,51,51,51,51,51,51,51,58,58,40,14],"items_purged":["Regret"],"gold":56,"score":604,"play_id":"b9b7745a-d20d-476a-85d3-ac9b6483ea24","local_time":"20180311092128","is_prod":false,"is_daily":false,"is_ascension_mode":true,"campfire_upgraded":7,"timestamp":1520727688,"path_taken":["M","?","?","M","M","R","E","?","T","?","?","?","?","E","R","BOSS","M","?","?","?","M","E","R","?","T","E","?","$","M","?","R","BOSS","M","M","?","?","?","R","$","R","T","?","R","?","M","M"],"build_version":"2018-03-09","purchased_purges":1,"victory":false,"master_deck":["Defend_R","Defend_R","Defend_R","Defend_R","Bash","Headbutt+1","Blood for Blood","Iron Wave+1","Blood for Blood+1","Clothesline","Hemokinesis+1","Pommel Strike","Impervious","Burning Pact+1","Inflame+1","Rage+1","Clash+1","Seeing Red+1","Disarm","Seeing Red","Warcry","Armaments+1","Clothesline+1","Bloodletting+1","Bite+1","Bite+1","Bite+1","Bite+1","Iron Wave+1","Blood for Blood+1","Demon Form+1","Battle Trance","Feel No Pain","Madness+1","Madness","Finesse","Flex","Headbutt+1","Flame Barrier+1","Hemokinesis+1"],"max_hp_per_floor":[96,96,96,96,96,96,96,96,96,96,96,96,96,96,96,96,96,96,96,106,106,106,106,106,106,106,106,74,74,74,74,74,74,74,74,74,74,74,74,74,74,74,74,74,74,74,74],"relics":["Black Blood","Prayer Wheel","Torii","Gambling Chip","Ancient Tea Set","Astrolabe","Pear","Ice Cream","Whetstone","Molten Egg 2","Orichalcum","Shuriken","Dodecahedron","Frozen Egg 2"],"card_choices":[{"not_picked":["Clash","Thunderclap"],"picked":"Headbutt"},{"not_picked":["Feel No Pain","Pummel"],"picked":"Blood for Blood"},{"not_picked":["Havoc","Corruption"],"picked":"Iron Wave"},{"not_picked":["Infernal Blade","Rampage"],"picked":"Blood for Blood"},{"not_picked":["Body Slam","Pommel Strike"],"picked":"Clothesline"},{"not_picked":["Wild Strike","Havoc"],"picked":"Hemokinesis"},{"not_picked":["Sentinel","Sever Soul"],"picked":"Pommel Strike"},{"not_picked":["Exhume","Immolate"],"picked":"Impervious"},{"not_picked":["Wild Strike","Perfected Strike"],"picked":"Clash"},{"not_picked":["Headbutt","True Grit"],"picked":"Seeing Red"},{"not_picked":["Searing Blow","Pummel"],"picked":"Disarm"},{"not_picked":["Twin Strike","Hemokinesis"],"picked":"Seeing Red"},{"not_picked":["Headbutt","Wild Strike"],"picked":"Warcry"},{"not_picked":["Clash","Cleave"],"picked":"Armaments"},{"not_picked":["Perfected Strike","Havoc"],"picked":"Clothesline"},{"not_picked":["Intimidate","Warcry"],"picked":"Bloodletting"},{"not_picked":["Sentinel","Entrench"],"picked":"Iron Wave"},{"not_picked":["Power Through","Shrug It Off"],"picked":"Blood for Blood"},{"not_picked":["Feed","Immolate"],"picked":"Demon Form"},{"not_picked":["Corruption","Thunderclap"],"picked":"Battle Trance"},{"not_picked":["Iron Wave","Cleave"],"picked":"Feel No Pain"},{"not_picked":["Sever Soul","True Grit"],"picked":"Flame Barrier"},{"not_picked":["Armaments","Sever Soul"],"picked":"Hemokinesis"}],"player_experience":73481,"potions_floor_usage":[23,27,33,33,46,47],"damage_taken":[{"damage":2,"enemies":"Jaw Worm","floor":1,"turns":3},{"damage":6,"enemies":"Cultist","floor":4,"turns":3},{"damage":0,"enemies":"Small Slimes","floor":5,"turns":4},{"damage":18,"enemies":"Gremlin Nob","floor":7,"turns":4},{"damage":6,"enemies":"2 Fungi Beasts","floor":8,"turns":4},{"damage":2,"enemies":"3 Louse","floor":11,"turns":4},{"damage":22,"enemies":"Lagavulin","floor":14,"turns":5},{"damage":37,"enemies":"The Guardian","floor":16,"turns":7},{"damage":15,"enemies":"Spheric Guardian","floor":18,"turns":4},{"damage":19,"enemies":"2 Thieves","floor":19,"turns":4},{"damage":13,"enemies":"Centurion and Healer","floor":22,"turns":5},{"damage":22,"enemies":"Gremlin Leader","floor":23,"turns":5},{"damage":3,"enemies":"Snecko","floor":25,"turns":4},{"damage":26,"enemies":"Slavers","floor":27,"turns":6},{"damage":11,"enemies":"Cultist and Chosen","floor":30,"turns":6},{"damage":12,"enemies":"Champ","floor":33,"turns":10},{"damage":13,"enemies":"Orb Walker","floor":35,"turns":4},{"damage":44,"enemies":"3 Darklings","floor":36,"turns":6},{"damage":21,"enemies":"Maw","floor":44,"turns":9},{"damage":55,"enemies":"Sphere and 2 Shapes","floor":46,"turns":7},{"damage":45,"enemies":"3 Darklings","floor":47,"turns":8},{"damage":5,"enemies":"4 Shapes","floor":48,"turns":2}],"event_choices":[{"event_name":"Bonfire Elementals","player_choice":"BASIC","floor":2,"damage_taken":0},{"event_name":"World of Goop","player_choice":"Gather Gold","floor":3,"damage_taken":0},{"event_name":"The Cleric","player_choice":"Card Removal","floor":10,"damage_taken":0},{"event_name":"Big Fish","player_choice":"Box","floor":12,"damage_taken":0},{"event_name":"Addict","player_choice":"Obtained Relic","floor":20,"damage_taken":0},{"event_name":"Vampires","player_choice":"Became a vampire","floor":28,"damage_taken":0},{"event_name":"Winding Halls","player_choice":"Embrace Madness","floor":37,"damage_taken":0},{"event_name":"Tomb of Lord Red Mask","player_choice":"Ignored","floor":39,"damage_taken":0}],"boss_relics":[{"not_picked":["Philosopher\u0027s Stone","Velvet Choker"],"picked":"Astrolabe"},{"not_picked":["Runic Pyramid","Black Star"],"picked":"Black Blood"}],"potions_floor_spawned":[11,14,16,18,23,27,30,35,44],"seed_played":"4522949364619358381","killed_by":"4 Shapes","ascension_level":2,"is_trial":false}