{"path_per_floor":["M","M","M","?","?","R","E","R","T","R","M","$","M","M","R","B",null,"M","M","?","M","?","R","$","E","T","M","M","R","M"],"character_chosen":"DEFECT","items_purchased":["Streamline","Toxic Egg 2","Reinforced Body"],"gold_per_floor":[20,40,58,58,58,58,98,98,98,98,119,18,43,68,68,194,194,214,227,227,250,450,450,28,69,69,83,98,98,122,122],"floor_reached":31,"campfire_rested":4,"playtime":2184,"current_hp_per_floor":[67,54,45,45,45,45,9,31,31,53,53,53,38,33,33,8,75,44,25,25,12,12,44,44,38,38,30,27,59,13,4],"items_purged":["Regret","Injury"],"gold":122,"score":259,"play_id":"ac946339-b116-4c42-8dae-5f4a4185a9c4","local_time":"20180502170837","is_prod":false,"is_daily":false,"chose_seed":false,"is_ascension_mode":false,"campfire_upgraded":2,"timestamp":1525248517,"path_taken":["M","M","M","?","?","R","E","R","T","R","M","$","M","M","R","BOSS","M","M","?","M","?","R","$","E","T","M","M","R","?","M"],"build_version":"2018-05-01v2","seed_source_timestamp":1703250175858307,"purchased_purges":2,"victory":false,"master_deck":["Strike_B","Strike_B+1","Strike_B","Strike_B+1","Defend_B","Defend_B","Defend_B","Defend_B","Zap","Dualcast","Fusion+1","Skim","Sweeping Beam","Skim","Doom and Gloom+1","Capacitor","Streamline+1","Cold Snap+1","Capacitor+1","Thunder Strike+1","Glacier","Beam Cell+1","Glacier","Skim","Reinforced Body+1","Go for the Eyes+1","Go for the Eyes+1","Chaos+1","Turbo+1"],"max_hp_per_floor":[75,75,75,75,75,75,75,75,75,75,75,75,75,75,75,75,75,75,75,75,75,75,75,75,75,75,75,75,75,75,75],"relics":["Cracked Core","Golden Idol","Molten Egg 2","Mercury Hourglass","Whetstone","Eternal Feather","Toxic Egg 2","Torii","Pantograph"],"card_choices":[{"not_picked":["Fission","Seek"],"picked":"Fusion","floor":0},{"not_picked":["Hello World","Sweeping Beam"],"picked":"Skim","floor":1},{"not_picked":["Skim","Axe Kick"],"picked":"Sweeping Beam","floor":2},{"not_picked":["Axe Kick","Steam Power"],"picked":"Skim","floor":3},{"not_picked":["White Noise","Streamline"],"picked":"Doom and Gloom","floor":7},{"not_picked":["Ball Lightning","Leap"],"picked":"Capacitor","floor":11},{"not_picked":["Storm","Force Field"],"picked":"Cold Snap","floor":13},{"not_picked":["FTL","Barrage"],"picked":"Capacitor","floor":14},{"not_picked":["Fusion","Rainbow"],"picked":"Thunder Strike","floor":16},{"not_picked":["Storm","Beam Cell"],"picked":"Glacier","floor":18},{"not_picked":["Buffer","Hologram"],"picked":"Beam Cell","floor":19},{"not_picked":["Sweeping Beam","Beam Cell"],"picked":"Skim","floor":21},{"not_picked":["Reboot","Hologram"],"picked":"Go for the Eyes","floor":25},{"not_picked":["Turbo","Rebound"],"picked":"Go for the Eyes","floor":27},{"not_picked":["Turbo","Beam Cell"],"picked":"Chaos","floor":28},{"not_picked":["Axe Kick","Skim"],"picked":"Turbo","floor":30}],"player_experience":12862,"potions_floor_usage":[16,21,25],"damage_taken":[{"damage":8,"enemies":"Small Slimes","floor":1,"turns":5},{"damage":13,"enemies":"2 Louse","floor":2,"turns":3},{"damage":9,"enemies":"Jaw Worm","floor":3,"turns":4},{"damage":36,"enemies":"3 Sentries","floor":7,"turns":9},{"damage":0,"enemies":"Gremlin Gang","floor":11,"turns":1},{"damage":15,"enemies":"Exordium Wildlife","floor":13,"turns":2},{"damage":5,"enemies":"Looter","floor":14,"turns":2},{"damage":25,"enemies":"The Guardian","floor":16,"turns":9},{"damage":31,"enemies":"Shell Parasite","floor":18,"turns":7},{"damage":19,"enemies":"3 Byrds","floor":19,"turns":4},{"damage":13,"enemies":"Centurion and Healer","floor":21,"turns":10},{"damage":21,"enemies":"Book of Stabbing","floor":25,"turns":7},{"damage":8,"enemies":"Snecko","floor":27,"turns":4},{"damage":3,"enemies":"Snake Plant","floor":28,"turns":6},{"damage":46,"enemies":"Slaver and Parasite","floor":30,"turns":9},{"damage":9,"enemies":"Centurion and Healer","floor":31,"turns":2}],"event_choices":[{"event_name":"Golden Idol","player_choice":"Take Wound","floor":4,"damage_taken":0},{"event_name":"Big Fish","player_choice":"Box","floor":5,"damage_taken":0},{"event_name":"Duplicator","player_choice":"One dupe","floor":20,"damage_taken":0},{"event_name":"Wheel of Change","player_choice":"Gold","floor":22,"damage_taken":0}],"boss_relics":[{"not_picked":["Snecko Eye","Velvet Choker"],"picked":"Eternal Feather"}],"potions_floor_spawned":[1,7,16,19,21,25,28],"seed_played":"3652317358902322376","killed_by":"Centurion and Healer","ascension_level":0,"is_trial":false}