{"gold_per_floor":[114,133,133,154,168,168,201,222,222,172,186,0,0,38,38,158,158,174,174,51,64,83,83,124,124,147,147,147,52,72,197,197,328,328,341,674,674,382,395,421,447,447,473,490,42,77,93,113,113,113],"floor_reached":51,"playtime":4369,"items_purged":["Pain","Strike_B"],"score":815,"play_id":"ce9ed4a5-07ee-4e7b-a1e4-e15057bb1304","local_time":"20190130200641","is_ascension_mode":false,"campfire_choices":[{"data":"Streamline","floor":6,"key":"SMITH"},{"data":"Fission","floor":15,"key":"SMITH"},{"data":"Mayhem","floor":23,"key":"SMITH"},{"data":"Tempest","floor":25,"key":"SMITH"},{"data":"Undo","floor":28,"key":"SMITH"},{"data":"Streamline","floor":32,"key":"SMITH"},{"floor":49,"key":"REST"}],"neow_cost":"PERCENT_DAMAGE","seed_source_timestamp":1183679119046971,"circlet_count":0,"master_deck":["Defend_B","Defend_B","Defend_B","Defend_B","Zap","Dualcast","Streamline+1","Cold Snap","Genetic Algorithm","Conserve Battery","Fission","Undo+1","Mayhem+1","Fission+1","Electrodynamics","Leap+1","Streamline+1","Beam Cell","Tempest+1","Swift Strike","Reprogram","Gash+1","Rainbow","Chill+1","Storm","Cold Snap","Gash","Capacitor+1","Amplify+1","Decay","Aggregate+1","Turbo","Fusion","Gash","Conserve Battery","Conserve Battery"],"relics":["Cracked Core","Bag of Marbles","Mango","WarpedTongs","Matryoshka","Runic Pyramid","Bird Faced Urn","Lantern","Potion Belt","Strawberry","WingedGreaves","Mummified Hand","Cursed Key","Chemical X","Ginger","Cables","Pen Nib","Omamori","Bottled Tornado"],"potions_floor_usage":[7,16,16,22,31,31,33,41,50,50,50,50,50],"damage_taken":[{"damage":0,"enemies":"Small Slimes","floor":1,"turns":3},{"damage":6,"enemies":"Jaw Worm","floor":2,"turns":2},{"damage":0,"enemies":"Cultist","floor":4,"turns":3},{"damage":9,"enemies":"Looter","floor":5,"turns":3},{"damage":5,"enemies":"3 Sentries","floor":7,"turns":5},{"damage":6,"enemies":"Red Slaver","floor":8,"turns":2},{"damage":0,"enemies":"Large Slime","floor":11,"turns":5},{"damage":12,"enemies":"Gremlin Nob","floor":14,"turns":5},{"damage":22,"enemies":"Slime Boss","floor":16,"turns":11},{"damage":17,"enemies":"2 Thieves","floor":18,"turns":4},{"damage":2,"enemies":"Spheric Guardian","floor":21,"turns":4},{"damage":0,"enemies":"Snecko","floor":22,"turns":3},{"damage":0,"enemies":"Gremlin Leader","floor":24,"turns":4},{"damage":9,"enemies":"Snake Plant","floor":30,"turns":3},{"damage":5,"enemies":"Colosseum Slavers","floor":31,"turns":3},{"damage":18,"enemies":"Colosseum Nobs","floor":31,"turns":4},{"damage":14,"enemies":"Champ","floor":33,"turns":10},{"damage":1,"enemies":"3 Darklings","floor":35,"turns":3},{"damage":0,"enemies":"3 Shapes","floor":39,"turns":1},{"damage":34,"enemies":"Giant Head","floor":40,"turns":9},{"damage":21,"enemies":"Reptomancer","floor":41,"turns":5},{"damage":0,"enemies":"Sphere and 2 Shapes","floor":44,"turns":5},{"damage":18,"enemies":"Nemesis","floor":46,"turns":7},{"damage":24,"enemies":"Writhing Mass","floor":47,"turns":6},{"damage":0,"enemies":"4 Shapes","floor":48,"turns":4},{"damage":27,"enemies":"Donu and Deca","floor":50,"turns":6}],"seed_played":"-4330836475171653689","potions_obtained":[{"floor":1,"key":"Fire Potion"},{"floor":5,"key":"Ancient Potion"},{"floor":7,"key":"FearPotion"},{"floor":8,"key":"EssenceOfSteel"},{"floor":22,"key":"Poison Potion"},{"floor":24,"key":"Fire Potion"},{"floor":31,"key":"AttackPotion"},{"floor":39,"key":"Strength Potion"},{"floor":40,"key":"Poison Potion"},{"floor":46,"key":"Weak Potion"},{"floor":48,"key":"LiquidBronze"}],"is_trial":false,"path_per_floor":["M","M","?","M","M","R","E","M","T","?","M","$","?","E","R","B",null,"M","?","$","M","M","R","E","R","T","?","R","$","M","?","R","B",null,"M","?","?","$","M","E","E","?","T","M","$","E","M","M","R","B",null],"character_chosen":"DEFECT","items_purchased":["Mayhem","Streamline","Swift Strike","Chemical X","Storm","Cold Snap","FocusPotion","PowerPotion","Dexterity Potion","Turbo","Fusion","Gash"],"campfire_rested":1,"item_purchase_floors":[12,20,29,38,38,38,45,45,45,45,45,45],"current_hp_per_floor":[54,48,48,48,39,39,34,28,42,42,42,42,42,30,30,8,83,66,66,66,66,68,68,72,72,79,79,79,79,74,57,57,47,90,89,89,89,89,90,59,46,46,46,58,58,48,34,42,69,56],"gold":113,"neow_bonus":"REMOVE_TWO","is_prod":false,"is_daily":false,"chose_seed":false,"campfire_upgraded":6,"win_rate":0,"timestamp":1548896801,"path_taken":["M","M","?","M","M","R","E","M","T","?","M","$","?","E","R","BOSS","M","?","$","M","M","R","E","R","T","?","R","$","?","?","R","BOSS","M","?","?","$","?","E","E","?","T","M","$","E","M","M","R","BOSS"],"build_version":"2019-01-23","purchased_purges":2,"victory":true,"max_hp_per_floor":[75,75,69,69,69,69,69,69,83,83,83,83,83,83,83,83,83,83,83,83,83,83,83,83,83,90,90,90,90,90,90,90,90,90,90,90,90,90,90,90,90,90,90,90,90,90,90,90,90,90],"card_choices":[{"not_picked":["Loop","Sweeping Beam"],"picked":"Streamline","floor":1},{"not_picked":["Blizzard","Steam"],"picked":"Cold Snap","floor":2},{"not_picked":["Consume","Stack"],"picked":"Genetic Algorithm","floor":4},{"not_picked":["Consume","Beam Cell"],"picked":"Conserve Battery","floor":5},{"not_picked":["Go for the Eyes","Hologram"],"picked":"Fission","floor":7},{"not_picked":["Scrape","Rebound","Chill"],"picked":"SKIP","floor":8},{"not_picked":["Leap","Coolheaded"],"picked":"Undo","floor":11},{"not_picked":["Leap","Steam"],"picked":"Fission","floor":14},{"not_picked":["Buffer","Thunder Strike"],"picked":"Electrodynamics","floor":16},{"not_picked":["Rebound","Sweeping Beam+1"],"picked":"Leap+1","floor":18},{"not_picked":["Cold Snap","Reboot"],"picked":"Beam Cell","floor":21},{"not_picked":["Tempest+1","Storm","Rebound"],"picked":"SKIP","floor":22},{"not_picked":["Blizzard","Genetic Algorithm"],"picked":"Tempest","floor":24},{"not_picked":["Tempest+1","Streamline"],"picked":"Reprogram","floor":30},{"not_picked":["Steam Power","Sweeping Beam"],"picked":"Gash+1","floor":31},{"not_picked":["Hyperbeam","Biased Cognition"],"picked":"Rainbow","floor":33},{"not_picked":["Conserve Battery+1","Rebound"],"picked":"Chill+1","floor":35},{"not_picked":["Barrage+1","Redo"],"picked":"Gash","floor":39},{"not_picked":["Chaos+1","Self Repair+1"],"picked":"Capacitor+1","floor":40},{"not_picked":["Storm","Self Repair"],"picked":"Amplify","floor":41},{"not_picked":["Compile Driver","Sweeping Beam"],"picked":"Aggregate+1","floor":44},{"not_picked":["Steam+1","Skim"],"picked":"Conserve Battery","floor":46},{"not_picked":["Aggregate","Undo+1","Double Energy"],"picked":"SKIP","floor":47},{"not_picked":["Turbo+1","Rebound+1"],"picked":"Conserve Battery","floor":48}],"player_experience":398120,"relics_obtained":[{"floor":7,"key":"Bag of Marbles"},{"floor":9,"key":"Mango"},{"floor":14,"key":"Matryoshka"},{"floor":24,"key":"Lantern"},{"floor":26,"key":"Potion Belt"},{"floor":26,"key":"Strawberry"},{"floor":31,"key":"WingedGreaves"},{"floor":31,"key":"Mummified Hand"},{"floor":40,"key":"Ginger"},{"floor":41,"key":"Cables"},{"floor":43,"key":"Pen Nib"},{"floor":43,"key":"Omamori"},{"floor":46,"key":"Bottled Tornado"}],"event_choices":[{"damage_healed":0,"gold_gain":0,"player_choice":"Lose Max HP","damage_taken":0,"relics_obtained":["Golden Idol"],"max_hp_gain":0,"max_hp_loss":6,"event_name":"Golden Idol","floor":3,"gold_loss":0},{"cards_removed":["Strike_B"],"damage_healed":0,"gold_gain":0,"player_choice":"Card Removal","damage_taken":0,"max_hp_gain":0,"max_hp_loss":0,"event_name":"The Cleric","floor":10,"gold_loss":50},{"damage_healed":0,"gold_gain":0,"player_choice":"Rummage","damage_taken":0,"relics_obtained":["WarpedTongs"],"max_hp_gain":0,"max_hp_loss":0,"event_name":"Accursed Blacksmith","floor":13,"gold_loss":0,"cards_obtained":["Pain"]},{"damage_healed":0,"gold_gain":0,"player_choice":"Stole Relic","damage_taken":0,"relics_obtained":["Bird Faced Urn"],"max_hp_gain":0,"max_hp_loss":0,"event_name":"Addict","floor":19,"gold_loss":0,"cards_obtained":["Shame"]},{"cards_removed":["Shame"],"damage_healed":0,"gold_gain":0,"player_choice":"Purged","damage_taken":0,"max_hp_gain":0,"max_hp_loss":0,"event_name":"Purifier","floor":27,"gold_loss":0},{"damage_healed":0,"gold_gain":0,"player_choice":"Fight","damage_taken":0,"max_hp_gain":0,"max_hp_loss":0,"event_name":"Colosseum","floor":31,"gold_loss":0},{"damage_healed":0,"gold_gain":0,"player_choice":"Fought Nobs","damage_taken":0,"max_hp_gain":0,"max_hp_loss":0,"event_name":"Colosseum","floor":31,"gold_loss":0},{"damage_healed":0,"gold_gain":333,"player_choice":"Gave Idol","damage_taken":0,"max_hp_gain":0,"max_hp_loss":0,"event_name":"The Moai Head","floor":36,"relics_lost":["Golden Idol"],"gold_loss":0},{"damage_healed":0,"gold_gain":0,"player_choice":"Ignored","damage_taken":0,"max_hp_gain":0,"max_hp_loss":0,"event_name":"SecretPortal","floor":37,"gold_loss":0},{"damage_healed":0,"gold_gain":0,"player_choice":"Upgraded","damage_taken":0,"max_hp_gain":0,"max_hp_loss":0,"event_name":"Upgrade Shrine","floor":42,"gold_loss":0,"cards_upgraded":["Amplify"]}],"is_beta":false,"boss_relics":[{"not_picked":["Coffee Dripper","Tiny House"],"picked":"Runic Pyramid"},{"not_picked":["Calling Bell","Philosopher\u0027s Stone"],"picked":"Cursed Key"}],"items_purged_floors":[20,45],"is_endless":false,"potions_floor_spawned":[1,5,7,8,22,24,31,39,40,46,48],"ascension_level":0}