{"gold_per_floor":[114,114,133,151,151,151,162,437,437,454,472,486,42,53,53,149,149,167,167,67,82,102,102,102,102,126,173,205,8,36,60,60,157,157,172,187,187,205,223,223,233,233,233,193,224,240,41,41],"floor_reached":48,"playtime":4092,"items_purged":["Regret","Regret","Doubt"],"score":619,"play_id":"da6069b2-597b-4b1d-ae63-5fef3c1cddd9","local_time":"20181110104453","is_ascension_mode":false,"campfire_choices":[{"data":"Defragment","floor":6.0,"key":"SMITH"},{"floor":15.0,"key":"REST"},{"floor":23,"key":"REST"},{"data":"Seek","floor":25,"key":"SMITH"},{"floor":32,"key":"REST"},{"floor":40,"key":"REST"},{"floor":42,"key":"REST"}],"neow_cost":"TEN_PERCENT_HP_LOSS","seed_source_timestamp":0,"circlet_count":0,"master_deck":["Strike_B+1","Strike_B+1","Strike_B+1","Strike_B+1","Defend_B+1","Defend_B+1","Defend_B+1","Defend_B+1","Zap","Dualcast+1","Conserve Battery+1","Redo","Amplify","Defragment+1","Cold Snap","Buffer","Conserve Battery","Cold Snap+1","Streamline+1","Blizzard+1","FTL+1","Seek+1","Consume","Storm","Rebound+1","Injury","Cold Snap+1","Blizzard+1","Echo Form","Writhe","Redo","Beam Cell+1","Discovery","Madness","Swift Strike+1","Cold Snap+1","Blizzard+1","Coolheaded","Streamline+1","Turbo","Beam Cell+1"],"special_seed":0,"relics":["Cracked Core","Calipers","Kunai","Molten Egg 2","Incense Burner","Cursed Key","Lantern","War Paint","PreservedInsect","Bag of Preparation","Omamori","Nuclear Battery","Gremlin Horn","DataDisk","Bronze Scales"],"potions_floor_usage":[19,28,38,38,41],"damage_taken":[{"damage":5.0,"enemies":"Small Slimes","floor":1.0,"turns":2.0},{"damage":0.0,"enemies":"Cultist","floor":3.0,"turns":3.0},{"damage":6.0,"enemies":"Jaw Worm","floor":4.0,"turns":3.0},{"damage":6.0,"enemies":"Blue Slaver","floor":7.0,"turns":4.0},{"damage":9.0,"enemies":"Lots of Slimes","floor":10.0,"turns":6.0},{"damage":6.0,"enemies":"2 Fungi Beasts","floor":11.0,"turns":4.0},{"damage":7.0,"enemies":"3 Louse","floor":12.0,"turns":3.0},{"damage":5.0,"enemies":"Blue Slaver","floor":14.0,"turns":3.0},{"damage":22.0,"enemies":"The Guardian","floor":16.0,"turns":11.0},{"damage":4.0,"enemies":"Chosen","floor":18.0,"turns":5.0},{"damage":20,"enemies":"Colosseum Slavers","floor":19,"turns":5},{"damage":5,"enemies":"Spheric Guardian","floor":21,"turns":5},{"damage":24,"enemies":"Snecko","floor":22,"turns":6},{"damage":0,"enemies":"Gremlin Leader","floor":28,"turns":10},{"damage":26,"enemies":"Slavers","floor":30,"turns":3},{"damage":0,"enemies":"Automaton","floor":33,"turns":14},{"damage":0,"enemies":"Orb Walker","floor":35,"turns":4},{"damage":18,"enemies":"3 Shapes","floor":36,"turns":5},{"damage":18,"enemies":"Writhing Mass","floor":38,"turns":6},{"damage":14,"enemies":"Maw","floor":39,"turns":8},{"damage":40,"enemies":"Spire Growth","floor":41,"turns":6},{"damage":15,"enemies":"Reptomancer","floor":45,"turns":8},{"damage":7,"enemies":"Sphere and 2 Shapes","floor":46,"turns":6},{"damage":0,"enemies":"Jaw Worm Horde","floor":48,"turns":2}],"seed_played":"-410666865474037221","potions_obtained":[{"floor":1.0,"key":"SkillPotion"},{"floor":4.0,"key":"Strength Potion"},{"floor":7.0,"key":"Strength Potion"},{"floor":11.0,"key":"AttackPotion"},{"floor":14.0,"key":"Fire Potion"},{"floor":21,"key":"Fire Potion"},{"floor":33,"key":"Regen Potion"},{"floor":35,"key":"Swift Potion"},{"floor":36,"key":"Fruit Juice"},{"floor":44,"key":"Strength Potion"},{"floor":44,"key":"LiquidBronze"},{"floor":44,"key":"FairyPotion"}],"is_trial":false,"path_per_floor":["M","?","M","M","?","R","M","?","T","M","M","M","$","M","R","B",null,"M","?","$","M","M","R","?","R","T","T","E","$","E","T","R","B",null,"M","M","?","M","M","R","M","R","T","?","E","M","$","M"],"character_chosen":"DEFECT","items_purchased":["Blizzard+1","Incense Burner","Blizzard+1","Bronze Scales","Beam Cell+1"],"campfire_rested":5,"item_purchase_floors":[13,13,29,47,47],"current_hp_per_floor":[63,63,63,57,57,57,51,51,51,42,36,29,29,24,44,22,68,64,44,44,39,15,35,35,35,35,35,35,35,9,9,29,29,68,68,50,40,27,13,34,8,29,29,29,14,7,7,7],"gold":41,"neow_bonus":"ONE_RARE_RELIC","is_prod":false,"is_daily":false,"chose_seed":false,"campfire_upgraded":2,"win_rate":0,"timestamp":1541864693,"path_taken":["M","?","M","?","?","R","M","?","T","M","M","?","$","M","R","BOSS","M","?","$","M","M","R","?","R","T","?","E","$","E","?","R","BOSS","M","M","?","M","M","R","M","R","T","?","E","M","$","M"],"build_version":"2018-11-08","purchased_purges":3,"victory":false,"max_hp_per_floor":[68,68,68,68,68,68,68,68,68,68,68,68,68,68,68,68,68,68,68,68,68,68,68,68,68,68,68,68,68,68,68,68,68,68,68,68,68,73,73,73,73,73,73,73,73,73,73,73],"card_choices":[{"not_picked":["Aggregate","Hologram"],"picked":"Conserve Battery","floor":1.0},{"not_picked":["Cold Snap","Rip and Tear"],"picked":"Defragment","floor":3.0},{"not_picked":["Leap","Stack"],"picked":"Cold Snap","floor":4.0},{"not_picked":["Beam Cell","Go for the Eyes"],"picked":"Buffer","floor":7.0},{"not_picked":["Hologram","Sweeping Beam+1"],"picked":"Conserve Battery","floor":10.0},{"not_picked":["Heatsinks","Chill"],"picked":"Cold Snap+1","floor":11.0},{"not_picked":["Scrape+1","Heatsinks"],"picked":"Streamline+1","floor":12.0},{"not_picked":["Lockon+1","Darkness"],"picked":"FTL+1","floor":14.0},{"not_picked":["Thunder Strike+1","Rainbow"],"picked":"Seek","floor":16.0},{"not_picked":["Redo","Stack"],"picked":"Consume","floor":18.0},{"not_picked":["Scrape+1","Leap"],"picked":"Storm","floor":21},{"not_picked":["Force Field","Gash+1"],"picked":"Rebound+1","floor":22},{"not_picked":["Beam Cell+1","Melter+1"],"picked":"Cold Snap+1","floor":28},{"not_picked":["Rebound+1","Self Repair+1"],"picked":"Echo Form","floor":30},{"not_picked":["Melter+1","Barrage+1"],"picked":"Redo","floor":35},{"not_picked":["Rip and Tear+1","Conserve Battery"],"picked":"Beam Cell+1","floor":36},{"not_picked":["Impatience","Enlightenment"],"picked":"Discovery","floor":37},{"not_picked":["Swift Strike+1","Bandage Up"],"picked":"Madness","floor":37},{"not_picked":["Finesse","Secret Weapon"],"picked":"Swift Strike+1","floor":37},{"not_picked":["Fusion+1","Coolheaded+1"],"picked":"Cold Snap+1","floor":38},{"not_picked":["Lockon+1","Ball Lightning+1"],"picked":"Blizzard+1","floor":39},{"not_picked":["Heatsinks","Scrape+1"],"picked":"Coolheaded","floor":41},{"not_picked":["Sunder+1","Blizzard+1"],"picked":"Streamline+1","floor":45},{"not_picked":["Tempest","Ball Lightning+1"],"picked":"Turbo","floor":46}],"player_experience":319122,"relics_obtained":[{"floor":9.0,"key":"Molten Egg 2"},{"floor":26,"key":"Lantern"},{"floor":27,"key":"War Paint"},{"floor":28,"key":"PreservedInsect"},{"floor":30,"key":"Bag of Preparation"},{"floor":31,"key":"Omamori"},{"floor":43,"key":"Gremlin Horn"},{"floor":45,"key":"DataDisk"}],"event_choices":[{"damage_healed":0.0,"max_hp_gain":0.0,"max_hp_loss":0.0,"gold_gain":0.0,"event_name":"Match and Keep!","player_choice":"2 cards matched","floor":2.0,"gold_loss":0.0,"damage_taken":0.0,"cards_obtained":["Redo","Amplify"]},{"damage_healed":0.0,"max_hp_gain":0.0,"max_hp_loss":0.0,"gold_gain":0.0,"event_name":"Big Fish","player_choice":"Box","floor":5.0,"gold_loss":0.0,"damage_taken":0.0,"relics_obtained":["Kunai"],"cards_obtained":["Regret"]},{"damage_healed":0.0,"max_hp_gain":0.0,"max_hp_loss":0.0,"gold_gain":275.0,"event_name":"Golden Shrine","player_choice":"Desecrate","floor":8.0,"gold_loss":0.0,"damage_taken":0.0,"cards_obtained":["Regret"]},{"damage_healed":0,"gold_gain":0,"player_choice":"Fight","damage_taken":0,"max_hp_gain":0,"max_hp_loss":0,"event_name":"Colosseum","floor":19,"gold_loss":0},{"damage_healed":0,"gold_gain":0,"player_choice":"Fled From Nobs","damage_taken":0,"max_hp_gain":0,"max_hp_loss":0,"event_name":"Colosseum","floor":19,"gold_loss":0},{"damage_healed":0,"gold_gain":0,"player_choice":"Simplicity","damage_taken":0,"max_hp_gain":0,"max_hp_loss":0,"event_name":"Back to Basics","floor":24,"gold_loss":0,"cards_upgraded":["Strike_B","Strike_B","Strike_B","Strike_B","Defend_B","Defend_B","Defend_B","Defend_B"]},{"damage_healed":0,"gold_gain":0,"player_choice":"Memory 3","damage_taken":10,"max_hp_gain":0,"max_hp_loss":0,"event_name":"SensoryStone","floor":37,"gold_loss":0},{"damage_healed":0,"gold_gain":0,"player_choice":"Bought 3 Potions","damage_taken":0,"max_hp_gain":0,"max_hp_loss":0,"event_name":"The Woman in Blue","floor":44,"gold_loss":0}],"is_beta":false,"boss_relics":[{"not_picked":["Busted Crown","Ectoplasm"],"picked":"Cursed Key"},{"not_picked":["Philosopher\u0027s Stone","Runic Dome"],"picked":"Nuclear Battery"}],"items_purged_floors":[13,20,29],"is_endless":false,"potions_floor_spawned":[1,4,7,11,14,19,21,33,35,36,46],"killed_by":"Jaw Worm Horde","ascension_level":0}