{"gold_per_floor":[10,10,31,31,45,45,76,95,95,95,60,83,108,139,139,139],"floor_reached":16,"playtime":613,"items_purged":[],"score":185,"play_id":"85231f27-f6f1-4380-a9e3-638f840df3dc","local_time":"20190830181759","is_ascension_mode":true,"campfire_choices":[{"data":"Fission","floor":6,"key":"SMITH"},{"data":"Defragment","floor":15,"key":"SMITH"}],"neow_cost":"NO_GOLD","seed_source_timestamp":1391694101041700,"circlet_count":0,"master_deck":["AscendersBane","Strike_B","Strike_B","Strike_B","Strike_B","Defend_B","Defend_B","Defend_B","Defend_B","Zap","Dualcast","Fission+1","Auto Shields","Barrage","Consume","Glacier","Skim","Leap","Barrage","Defragment+1"],"relics":["Cracked Core","Golden Idol","Darkstone Periapt","Gambling Chip","Emotion Chip","Girya"],"potions_floor_usage":[7],"damage_taken":[{"damage":3,"enemies":"Jaw Worm","floor":1,"turns":5},{"damage":9,"enemies":"Cultist","floor":3,"turns":6},{"damage":1,"enemies":"2 Louse","floor":5,"turns":3},{"damage":17,"enemies":"3 Sentries","floor":7,"turns":8},{"damage":3,"enemies":"Blue Slaver","floor":8,"turns":4},{"damage":0,"enemies":"2 Fungi Beasts","floor":12,"turns":4},{"damage":0,"enemies":"3 Louse","floor":13,"turns":4},{"damage":34,"enemies":"Gremlin Nob","floor":14,"turns":5},{"damage":20,"enemies":"Hexaghost","floor":16,"turns":14}],"seed_played":"7354922158389064744","potions_obtained":[{"floor":5,"key":"AttackPotion"},{"floor":13,"key":"SpeedPotion"},{"floor":14,"key":"GamblersBrew"}],"is_trial":false,"path_per_floor":["M","?","M","?","M","R","E","M","T","T","?","M","M","E","R","B"],"character_chosen":"DEFECT","items_purchased":[],"campfire_rested":0,"item_purchase_floors":[],"current_hp_per_floor":[65,65,56,56,55,55,38,35,35,35,52,52,52,18,18,0],"gold":139,"neow_bonus":"THREE_RARE_CARDS","is_prod":false,"is_daily":false,"chose_seed":false,"campfire_upgraded":2,"win_rate":0,"timestamp":1567185479,"path_taken":["M","?","M","?","?","R","E","M","T","?","?","M","M","E","R","BOSS"],"build_version":"2019-07-17","purchased_purges":0,"victory":false,"max_hp_per_floor":[75,69,69,69,69,69,69,69,69,69,69,69,69,69,69,69],"card_choices":[{"not_picked":["Thunder Strike","Meteor Strike"],"picked":"Fission","floor":0},{"not_picked":["Compile Driver","Force Field"],"picked":"Auto Shields","floor":1},{"not_picked":["Aggregate","Go for the Eyes"],"picked":"Barrage","floor":3},{"not_picked":["Rebound","Stack"],"picked":"Glacier","floor":5},{"not_picked":["All For One","Stack"],"picked":"Skim","floor":7},{"not_picked":["Static Discharge","Rebound"],"picked":"Leap","floor":8},{"not_picked":["Rebound","Redo","Recycle"],"picked":"SKIP","floor":12},{"not_picked":["Sweeping Beam","Blizzard"],"picked":"Barrage","floor":13},{"not_picked":["Leap","Conserve Battery"],"picked":"Defragment","floor":14}],"player_experience":221411,"relics_obtained":[{"floor":7,"key":"Darkstone Periapt"},{"floor":9,"key":"Gambling Chip"},{"floor":10,"key":"Emotion Chip"},{"floor":14,"key":"Girya"}],"event_choices":[{"damage_healed":0,"gold_gain":0,"player_choice":"Lose Max HP","damage_taken":0,"relics_obtained":["Golden Idol"],"max_hp_gain":0,"max_hp_loss":6,"event_name":"Golden Idol","floor":2,"gold_loss":0},{"damage_healed":0,"gold_gain":0,"player_choice":"1 cards matched","damage_taken":0,"max_hp_gain":0,"max_hp_loss":0,"event_name":"Match and Keep!","floor":4,"gold_loss":0,"cards_obtained":["Consume"]},{"damage_healed":17,"gold_gain":0,"player_choice":"Healed","damage_taken":0,"max_hp_gain":0,"max_hp_loss":0,"event_name":"The Cleric","floor":11,"gold_loss":35}],"is_beta":false,"boss_relics":[],"items_purged_floors":[],"is_endless":false,"potions_floor_spawned":[5,13,14],"killed_by":"Hexaghost","ascension_level":13}