{"gold_per_floor":[116,41,60,60,112,145,145,156,156,156,168,202,202,215,215,291,291,301,334,334,107,107,137,137,137,137,57,74,84,111,130,130,130],"floor_reached":33,"playtime":1234,"items_purged":["Decay"],"score":541,"play_id":"dfabaafe-4110-4938-85b4-92879f00739d","local_time":"20190916204508","is_ascension_mode":true,"campfire_choices":[{"data":"Echo Form","floor":7.0,"key":"SMITH"},{"floor":10.0,"key":"REST"},{"floor":13.0,"key":"REST"},{"floor":15.0,"key":"REST"},{"floor":25.0,"key":"REST"},{"floor":32,"key":"REST"}],"neow_cost":"CURSE","seed_source_timestamp":0,"circlet_count":0,"master_deck":["AscendersBane","Strike_B","Strike_B","Strike_B","Strike_B","Defend_B","Defend_B","Defend_B","Defend_B","Zap","Dualcast","Echo Form+1","Ball Lightning","Streamline","Rebound","Stack","Go for the Eyes","Electrodynamics","Barrage","Seek","Reprogram","Hologram+1","Static Discharge","White Noise","Capacitor","Compile Driver+1","Chaos+1","Conserve Battery+1","BootSequence+1"],"special_seed":0,"relics":["Cracked Core","Centennial Puzzle","HornCleat","Nunchaku","Velvet Choker","Red Mask","MutagenicStrength","DataDisk","Vajra","Pen Nib","Letter Opener","Bottled Flame","The Courier"],"potions_floor_usage":[33],"damage_taken":[{"damage":4.0,"enemies":"Jaw Worm","floor":1.0,"turns":3.0},{"damage":0.0,"enemies":"Small Slimes","floor":3.0,"turns":3.0},{"damage":35.0,"enemies":"3 Sentries","floor":6.0,"turns":6.0},{"damage":0.0,"enemies":"2 Louse","floor":8.0,"turns":2.0},{"damage":7.0,"enemies":"Lots of Slimes","floor":11.0,"turns":4.0},{"damage":29.0,"enemies":"Lagavulin","floor":12.0,"turns":6.0},{"damage":11.0,"enemies":"Exordium Thugs","floor":14.0,"turns":4.0},{"damage":28.0,"enemies":"Hexaghost","floor":16.0,"turns":9.0},{"damage":7.0,"enemies":"3 Byrds","floor":18.0,"turns":2.0},{"damage":2.0,"enemies":"Masked Bandits","floor":19.0,"turns":3.0},{"damage":16.0,"enemies":"Slavers","floor":23.0,"turns":5.0},{"damage":14.0,"enemies":"Shell Parasite","floor":28.0,"turns":5.0},{"damage":0.0,"enemies":"Centurion and Healer","floor":29.0,"turns":3.0},{"damage":0,"enemies":"Gremlin Leader","floor":30,"turns":5},{"damage":18,"enemies":"Snake Plant","floor":31,"turns":2},{"damage":61,"enemies":"Champ","floor":33,"turns":7}],"seed_played":"5479865869763814703","potions_obtained":[{"floor":3.0,"key":"Dexterity Potion"},{"floor":8.0,"key":"Strength Potion"},{"floor":18.0,"key":"SneckoOil"},{"floor":19.0,"key":"Block Potion"}],"is_trial":false,"path_per_floor":["M","$","M","$","?","E","R","M","T","R","M","E","R","M","R","B",null,"M","?","?","$","?","E","T","R","T","$","M","M","E","M","R","B"],"character_chosen":"DEFECT","items_purchased":["Static Discharge","DataDisk","Capacitor"],"campfire_rested":5,"item_purchase_floors":[21,21,27],"current_hp_per_floor":[60,60,60,60,60,25,25,25,25,46,39,10,31,20,41,13,57,50,48,48,48,48,32,32,53,53,53,39,39,39,21,42,0],"gold":130,"neow_bonus":"THREE_RARE_CARDS","is_prod":false,"is_daily":false,"chose_seed":false,"campfire_upgraded":1,"win_rate":0,"timestamp":1568681108,"path_taken":["M","$","M","$","?","E","R","M","T","R","M","E","R","M","R","BOSS","M","?","?","?","?","E","?","R","T","$","M","?","E","M","R","BOSS"],"build_version":"2019-09-16","purchased_purges":1,"victory":false,"max_hp_per_floor":[71,71,71,71,71,71,71,71,71,71,71,71,71,71,71,71,71,71,71,71,71,71,71,71,71,71,71,71,71,71,71,71,71],"card_choices":[{"not_picked":["Rainbow","All For One"],"picked":"Echo Form","floor":0.0},{"not_picked":["Conserve Battery","Leap"],"picked":"Ball Lightning","floor":1.0},{"not_picked":["Recycle","Blizzard"],"picked":"Streamline","floor":3.0},{"not_picked":["Lockon","Steam Power"],"picked":"Rebound","floor":6.0},{"not_picked":["Beam Cell","Darkness"],"picked":"Stack","floor":8.0},{"not_picked":["Stack","Aggregate"],"picked":"Go for the Eyes","floor":11.0},{"not_picked":["Leap","Cold Snap"],"picked":"Electrodynamics","floor":12.0},{"not_picked":["Darkness","Streamline"],"picked":"Barrage","floor":14.0},{"not_picked":["Echo Form","Thunder Strike"],"picked":"Seek","floor":16.0},{"not_picked":["Barrage","Force Field"],"picked":"Reprogram","floor":18.0},{"not_picked":["White Noise","Barrage"],"picked":"Hologram+1","floor":19.0},{"not_picked":["Coolheaded","Steam Power"],"picked":"White Noise","floor":23.0},{"not_picked":["Loop","Chill"],"picked":"Compile Driver+1","floor":28.0},{"not_picked":["Sweeping Beam","Gash"],"picked":"Chaos+1","floor":29.0},{"not_picked":["Tempest","Rebound"],"picked":"Conserve Battery+1","floor":30},{"not_picked":["Echo Form","Barrage"],"picked":"BootSequence+1","floor":31}],"player_experience":518313,"relics_obtained":[{"floor":6.0,"key":"Centennial Puzzle"},{"floor":9.0,"key":"HornCleat"},{"floor":12.0,"key":"Nunchaku"},{"floor":19.0,"key":"Red Mask"},{"floor":23.0,"key":"Pen Nib"},{"floor":24.0,"key":"Letter Opener"},{"floor":26.0,"key":"Bottled Flame"},{"floor":30,"key":"The Courier"}],"event_choices":[{"damage_healed":0.0,"max_hp_gain":0.0,"max_hp_loss":0.0,"gold_gain":52.0,"event_name":"Golden Wing","player_choice":"Gained Gold","floor":5.0,"gold_loss":0.0,"damage_taken":0.0},{"damage_healed":0.0,"max_hp_gain":0.0,"max_hp_loss":0.0,"gold_gain":0.0,"event_name":"Masked Bandits","player_choice":"Fought Bandits","floor":19.0,"gold_loss":0.0,"damage_taken":0.0},{"damage_healed":0.0,"max_hp_gain":0.0,"max_hp_loss":0.0,"gold_gain":0.0,"event_name":"Drug Dealer","player_choice":"Inject Mutagens","floor":20.0,"gold_loss":0.0,"damage_taken":0.0,"relics_obtained":["MutagenicStrength"]},{"damage_healed":0.0,"max_hp_gain":0.0,"max_hp_loss":0.0,"gold_gain":0.0,"event_name":"The Mausoleum","player_choice":"Opened","floor":22.0,"gold_loss":0.0,"damage_taken":0.0,"relics_obtained":["Vajra"]}],"is_beta":true,"boss_relics":[{"not_picked":["Runic Dome","Philosopher\u0027s Stone"],"picked":"Velvet Choker"}],"items_purged_floors":[2],"is_endless":false,"potions_floor_spawned":[3,8,11,18,19],"killed_by":"Champ","ascension_level":14}