{"gold_per_floor":[112,112,62,62,137,171,235,249,249,284,300,300,312,328,328,428,428,439,439,94,110,138,138,138,148,148,160,160,179,179,207,207,307,307,320,337,337],"floor_reached":37,"playtime":2308,"items_purged":[],"score":812,"play_id":"8abbf1f7-85ab-4757-9962-cefe28fb0620","local_time":"20190912150832","is_ascension_mode":true,"campfire_choices":[{"floor":12,"key":"REST"},{"data":"Defragment","floor":15,"key":"SMITH"},{"floor":23,"key":"REST"},{"floor":30,"key":"REST"},{"floor":32,"key":"REST"}],"neow_cost":"NONE","seed_source_timestamp":171430824703097,"circlet_count":0,"master_deck":["AscendersBane","Strike_B+1","Strike_B+1","Strike_B+1","Defend_B+1","Defend_B+1","Defend_B+1","Defend_B+1","Zap","Dualcast","Ball Lightning","Go for the Eyes","Rainbow","Defragment+1","Conserve Battery","Conserve Battery","Defragment","Capacitor","Buffer","Sweeping Beam+1","Loop","Leap+1","Chill+1","BootSequence","Glacier","Electrodynamics","Creative AI","Cold Snap+1","Hologram"],"relics":["Cracked Core","NeowsBlessing","White Beast Statue","Happy Flower","Vajra","Pen Nib","Oddly Smooth Stone","Velvet Choker","StoneCalendar","Red Mask","Blood Vial","Ornamental Fan","MutagenicStrength","Bottled Flame","Nuclear Battery"],"potions_floor_usage":[31,31,33],"damage_taken":[{"damage":0,"enemies":"Cultist","floor":1,"turns":1},{"damage":0,"enemies":"Gremlin Nob","floor":6,"turns":1},{"damage":0,"enemies":"3 Sentries","floor":7,"turns":1},{"damage":0,"enemies":"Jaw Worm","floor":8,"turns":3},{"damage":29,"enemies":"3 Sentries","floor":10,"turns":6},{"damage":1,"enemies":"2 Louse","floor":11,"turns":2},{"damage":7,"enemies":"Large Slime","floor":13,"turns":4},{"damage":12,"enemies":"Exordium Wildlife","floor":14,"turns":5},{"damage":0,"enemies":"Hexaghost","floor":16,"turns":8},{"damage":16,"enemies":"Spheric Guardian","floor":18,"turns":4},{"damage":0,"enemies":"Chosen","floor":21,"turns":4},{"damage":43,"enemies":"Masked Bandits","floor":22,"turns":4},{"damage":4,"enemies":"Centurion and Healer","floor":25,"turns":7},{"damage":11,"enemies":"Sentry and Sphere","floor":27,"turns":7},{"damage":0,"enemies":"Cultist and Chosen","floor":29,"turns":6},{"damage":21,"enemies":"Gremlin Leader","floor":31,"turns":7},{"damage":0,"enemies":"Champ","floor":33,"turns":11},{"damage":10,"enemies":"Orb Walker","floor":35,"turns":6},{"damage":49,"enemies":"3 Darklings","floor":36,"turns":6},{"damage":23,"enemies":"Maw","floor":37,"turns":6}],"seed_played":"6884842003502036221","potions_obtained":[{"floor":1,"key":"Block Potion"},{"floor":6,"key":"Block Potion"},{"floor":31,"key":"PowerPotion"},{"floor":33,"key":"Explosive Potion"},{"floor":35,"key":"LiquidBronze"}],"is_trial":false,"path_per_floor":["M","$","?","?","?","E","?","M","T","E","M","R","M","M","R","B",null,"M","?","$","M","?","R","?","M","T","M","?","M","R","E","R","B",null,"M","M","M"],"character_chosen":"DEFECT","items_purchased":["StoneCalendar","Loop"],"campfire_rested":4,"item_purchase_floors":[20,20],"current_hp_per_floor":[68,68,68,65,54,54,54,54,54,25,24,46,39,27,27,27,63,47,47,47,47,4,26,26,24,24,15,15,17,39,20,42,44,67,59,12,0],"gold":337,"neow_bonus":"THREE_ENEMY_KILL","is_prod":false,"is_daily":false,"chose_seed":false,"campfire_upgraded":1,"win_rate":0,"timestamp":1568315312,"path_taken":["M","$","?","?","?","E","?","M","T","E","M","R","M","?","R","BOSS","M","?","$","M","?","R","?","M","T","M","?","M","R","E","R","BOSS","M","M","M"],"build_version":"2019-09-11v2","purchased_purges":0,"victory":false,"max_hp_per_floor":[75,75,75,75,75,75,75,75,75,75,75,75,75,75,75,75,75,75,75,75,75,75,75,75,75,75,75,75,75,75,75,75,75,75,75,75,75],"card_choices":[{"not_picked":["Tempest","Go for the Eyes"],"picked":"Ball Lightning","floor":1},{"not_picked":["Steam","Streamline"],"picked":"Go for the Eyes","floor":6},{"not_picked":["Compile Driver","Barrage"],"picked":"Rainbow","floor":7},{"not_picked":["Chill","Undo"],"picked":"Defragment","floor":8},{"not_picked":["Steam","Ball Lightning"],"picked":"Conserve Battery","floor":10},{"not_picked":["Recycle","Rebound"],"picked":"Conserve Battery","floor":11},{"not_picked":["Turbo","Redo"],"picked":"Defragment","floor":13},{"not_picked":["Cold Snap","Rebound"],"picked":"Capacitor","floor":14},{"not_picked":["Rainbow","All For One"],"picked":"Buffer","floor":16},{"not_picked":["Coolheaded","Recycle"],"picked":"Sweeping Beam+1","floor":18},{"not_picked":["Barrage","Blizzard"],"picked":"Leap+1","floor":21},{"not_picked":["Beam Cell","Barrage+1"],"picked":"Chill+1","floor":22},{"not_picked":["Hologram","Steam"],"picked":"BootSequence","floor":25},{"not_picked":["Ball Lightning","Turbo"],"picked":"Glacier","floor":27},{"not_picked":["Conserve Battery","Leap","Reprogram"],"picked":"SKIP","floor":29},{"not_picked":["Sunder","Tempest"],"picked":"Electrodynamics","floor":31},{"not_picked":["Buffer","Rainbow"],"picked":"Creative AI","floor":33},{"not_picked":["Hologram+1","Steam"],"picked":"Cold Snap+1","floor":35},{"not_picked":["Genetic Algorithm","Sunder"],"picked":"Hologram","floor":36}],"player_experience":366132,"relics_obtained":[{"floor":6,"key":"Happy Flower"},{"floor":7,"key":"Vajra"},{"floor":9,"key":"Pen Nib"},{"floor":10,"key":"Oddly Smooth Stone"},{"floor":22,"key":"Red Mask"},{"floor":26,"key":"Ornamental Fan"},{"floor":31,"key":"Bottled Flame"}],"event_choices":[{"cards_removed":["Strike_B"],"damage_healed":0,"gold_gain":0,"player_choice":"Card Removal","damage_taken":0,"max_hp_gain":0,"max_hp_loss":0,"event_name":"The Cleric","floor":3,"gold_loss":50},{"damage_healed":0,"gold_gain":0,"player_choice":"Success","damage_taken":3,"relics_obtained":["White Beast Statue"],"max_hp_gain":0,"max_hp_loss":0,"event_name":"Scrap Ooze","floor":4,"gold_loss":0},{"damage_healed":0,"gold_gain":75,"player_choice":"Gather Gold","damage_taken":11,"max_hp_gain":0,"max_hp_loss":0,"event_name":"World of Goop","floor":5,"gold_loss":0},{"damage_healed":0,"gold_gain":0,"player_choice":"Searched \u00272\u0027 times","damage_taken":0,"max_hp_gain":0,"max_hp_loss":0,"event_name":"Dead Adventurer","floor":7,"gold_loss":0},{"damage_healed":0,"gold_gain":0,"player_choice":"Simplicity","damage_taken":0,"max_hp_gain":0,"max_hp_loss":0,"event_name":"Back to Basics","floor":19,"gold_loss":0,"cards_upgraded":["Strike_B","Strike_B","Strike_B","Defend_B","Defend_B","Defend_B","Defend_B"]},{"damage_healed":0,"gold_gain":0,"player_choice":"Fought Bandits","damage_taken":0,"max_hp_gain":0,"max_hp_loss":0,"event_name":"Masked Bandits","floor":22,"gold_loss":0},{"damage_healed":0,"gold_gain":0,"player_choice":"Opened","damage_taken":0,"relics_obtained":["Blood Vial"],"max_hp_gain":0,"max_hp_loss":0,"event_name":"The Mausoleum","floor":24,"gold_loss":0},{"damage_healed":0,"gold_gain":0,"player_choice":"Inject Mutagens","damage_taken":0,"relics_obtained":["MutagenicStrength"],"max_hp_gain":0,"max_hp_loss":0,"event_name":"Drug Dealer","floor":28,"gold_loss":0}],"is_beta":true,"boss_relics":[{"not_picked":["Philosopher\u0027s Stone","SlaversCollar"],"picked":"Velvet Choker"},{"not_picked":["Empty Cage","Astrolabe"],"picked":"Nuclear Battery"}],"items_purged_floors":[],"is_endless":false,"potions_floor_spawned":[1,6,7,8,10,11,13,14,16,18,21,22,25,27,29,31,33,35,36],"killed_by":"Maw","ascension_level":11}