{"gold_per_floor":[99,99,79,79,79,79,79,79,79,79,79,79,79,79,79,79,79,79,4,4],"floor_reached":20,"playtime":815,"items_purged":[],"score":299,"play_id":"a6997dfa-b95c-4934-bc19-5dbe5b69687c","local_time":"20190919221648","is_ascension_mode":true,"campfire_choices":[{"data":"Zap","floor":6,"key":"SMITH"},{"data":"Rainbow","floor":12,"key":"SMITH"},{"floor":15,"key":"REST"}],"neow_cost":"NONE","seed_source_timestamp":105022667033263,"circlet_count":0,"master_deck":["AscendersBane","Strike_B","Strike_B","Strike_B","Strike_B","Defend_B","Defend_B","Defend_B","Defend_B","Zap+1","Dualcast","Self Repair","Sweeping Beam","Rainbow+1","Defragment+1","Capacitor+1","Rebound","Leap","Creative AI+1","Melter","Redo+1"],"relics":["Ectoplasm","Frozen Egg 2","Bag of Preparation","Symbiotic Virus","Cursed Key"],"potions_floor_usage":[7,7],"damage_taken":[{"damage":12,"enemies":"Small Slimes","floor":1,"turns":4},{"damage":13,"enemies":"2 Louse","floor":5,"turns":3},{"damage":20,"enemies":"Lagavulin","floor":7,"turns":6},{"damage":0,"enemies":"Cultist","floor":8,"turns":3},{"damage":0,"enemies":"Large Slime","floor":10,"turns":6},{"damage":11,"enemies":"Lots of Slimes","floor":11,"turns":4},{"damage":21,"enemies":"Gremlin Gang","floor":13,"turns":5},{"damage":43,"enemies":"Slime Boss","floor":16,"turns":11},{"damage":24,"enemies":"3 Byrds","floor":18,"turns":4},{"damage":35,"enemies":"2 Thieves","floor":19,"turns":5},{"damage":24,"enemies":"Snake Plant","floor":20,"turns":1}],"seed_played":"79607048738572260","potions_obtained":[{"floor":1,"key":"Energy Potion"},{"floor":3,"key":"Fire Potion"},{"floor":5,"key":"Fire Potion"},{"floor":7,"key":"FearPotion"},{"floor":19,"key":"DuplicationPotion"}],"is_trial":false,"path_per_floor":["M","?","?","$","M","R","E","M","T","M","M","R","M","?","R","B",null,"M","M","M"],"character_chosen":"DEFECT","items_purchased":[],"campfire_rested":1,"item_purchase_floors":[],"current_hp_per_floor":[52,57,57,57,51,51,38,45,45,52,48,48,34,34,56,20,62,45,17,0],"gold":4,"neow_bonus":"BOSS_RELIC","is_prod":false,"is_daily":false,"chose_seed":false,"campfire_upgraded":2,"win_rate":0,"timestamp":1568945808,"path_taken":["M","?","?","$","M","R","E","M","T","M","?","R","M","?","R","BOSS","M","M","?"],"build_version":"2019-09-19","purchased_purges":0,"victory":false,"max_hp_per_floor":[71,76,76,76,76,76,76,76,76,76,76,76,76,76,76,76,76,76,76,76],"card_choices":[{"not_picked":["Heatsinks","Sweeping Beam"],"picked":"Self Repair","floor":1},{"not_picked":["Darkness","Redo"],"picked":"Sweeping Beam","floor":5},{"not_picked":["Conserve Battery","Chill"],"picked":"Rainbow","floor":7},{"not_picked":["Scrape","Rebound"],"picked":"Defragment+1","floor":8},{"not_picked":["Beam Cell","Rebound"],"picked":"Capacitor+1","floor":10},{"not_picked":["Steam","Gash"],"picked":"Rebound","floor":11},{"not_picked":["Stack","Tempest"],"picked":"Leap","floor":13},{"not_picked":["Hyperbeam","Echo Form+1"],"picked":"Creative AI+1","floor":16},{"not_picked":["Streamline","Scrape"],"picked":"Melter","floor":18},{"not_picked":["Rebound","Coolheaded"],"picked":"Redo+1","floor":19}],"player_experience":587599,"relics_obtained":[{"floor":7,"key":"Frozen Egg 2"},{"floor":9,"key":"Bag of Preparation"}],"event_choices":[{"damage_healed":0,"gold_gain":0,"player_choice":"Donut","damage_taken":0,"max_hp_gain":5,"max_hp_loss":0,"event_name":"Big Fish","floor":2,"gold_loss":0},{"damage_healed":0,"gold_gain":0,"player_choice":"Bought 1 Potion","damage_taken":0,"max_hp_gain":0,"max_hp_loss":0,"event_name":"The Woman in Blue","floor":3,"gold_loss":0},{"damage_healed":0,"gold_gain":0,"player_choice":"Gave Potion","damage_taken":0,"relics_obtained":["Symbiotic Virus"],"max_hp_gain":0,"max_hp_loss":0,"event_name":"WeMeetAgain","floor":14,"gold_loss":0}],"is_beta":true,"boss_relics":[{"not_picked":["Inserter","Busted Crown"],"picked":"Cursed Key"}],"items_purged_floors":[],"is_endless":false,"potions_floor_spawned":[1,5,7,19],"killed_by":"Snake Plant","ascension_level":14}