{"gold_per_floor":[110,110,129,22,37,37,101,131,154,77,77,159,159,84,84,181,181,195,208,208,133,133,133,152,177,177,177,189,199,199,225,225,329,329,345,92,92,106,206,206,206,206,233,268,285,299,299,332,332,332,332,332,86,113,113],"floor_reached":55,"playtime":6572,"items_purged":["Strike_B","Strike_B"],"score":1005,"play_id":"9c12f74e-daf6-4c86-8a01-d018cb90d0bb","local_time":"20190601002946","is_ascension_mode":true,"campfire_choices":[{"data":"Sunder","floor":6.0,"key":"SMITH"},{"floor":11.0,"key":"REST"},{"data":"Defragment","floor":13.0,"key":"SMITH"},{"data":"Loop","floor":15.0,"key":"SMITH"},{"floor":23.0,"key":"REST"},{"data":"Loop","floor":27.0,"key":"SMITH"},{"floor":30.0,"key":"REST"},{"floor":32.0,"key":"REST"},{"data":"Echo Form","floor":40.0,"key":"SMITH"},{"data":"Amplify","floor":42.0,"key":"SMITH"},{"floor":49.0,"key":"RECALL"},{"data":"Capacitor","floor":52,"key":"SMITH"}],"neow_cost":"CURSE","seed_source_timestamp":898842800437200,"circlet_count":0,"master_deck":["Strike_B","Defend_B","Defend_B","Defend_B","Zap","Dualcast","Auto Shields","Defragment+1","Sunder+1","Loop+1","Ball Lightning","Undo","Cold Snap","Loop+1","Glacier+1","Echo Form+1","Biased Cognition","Amplify+1","Capacitor+1","Skim+1","Echo Form"],"special_seed":0,"relics":["Cracked Core","StoneCalendar","Bag of Marbles","DataDisk","Oddly Smooth Stone","Bottled Flame","Bird Faced Urn","Nuclear Battery","Nilry\u0027s Codex","Orichalcum","Sundial","Question Card","Sozu","Membership Card","Unceasing Top","Ancient Tea Set","Molten Egg 2","Anchor","Ornamental Fan","Boot"],"potions_floor_usage":[55,55],"damage_taken":[{"damage":0.0,"enemies":"2 Louse","floor":1.0,"turns":2.0},{"damage":1.0,"enemies":"Cultist","floor":3.0,"turns":3.0},{"damage":2.0,"enemies":"Jaw Worm","floor":5.0,"turns":3.0},{"damage":24.0,"enemies":"Gremlin Nob","floor":7.0,"turns":4.0},{"damage":22.0,"enemies":"3 Sentries","floor":8.0,"turns":6.0},{"damage":0.0,"enemies":"Slime Boss","floor":16.0,"turns":7.0},{"damage":9.0,"enemies":"Spheric Guardian","floor":18.0,"turns":4.0},{"damage":9.0,"enemies":"2 Thieves","floor":19.0,"turns":4.0},{"damage":9.0,"enemies":"Centurion and Healer","floor":24.0,"turns":6.0},{"damage":33.0,"enemies":"Book of Stabbing","floor":25.0,"turns":7.0},{"damage":9.0,"enemies":"Snake Plant","floor":28.0,"turns":4.0},{"damage":18.0,"enemies":"Shelled Parasite and Fungi","floor":29.0,"turns":5.0},{"damage":53.0,"enemies":"Gremlin Leader","floor":31.0,"turns":10.0},{"damage":36.0,"enemies":"Collector","floor":33.0,"turns":7.0},{"damage":32.0,"enemies":"3 Darklings","floor":35.0,"turns":6.0},{"damage":14.0,"enemies":"3 Shapes","floor":38.0,"turns":3.0},{"damage":4.0,"enemies":"Mind Bloom Boss Battle","floor":39.0,"turns":8.0},{"damage":21.0,"enemies":"Nemesis","floor":44.0,"turns":159.0},{"damage":54.0,"enemies":"Writhing Mass","floor":45.0,"turns":7.0},{"damage":21.0,"enemies":"Transient","floor":46.0,"turns":5.0},{"damage":8.0,"enemies":"Reptomancer","floor":48.0,"turns":7.0},{"damage":10,"enemies":"Donu and Deca","floor":50,"turns":10},{"damage":41,"enemies":"Shield and Spear","floor":54,"turns":18},{"damage":85,"enemies":"The Heart","floor":55,"turns":3}],"seed_played":"9018827411678109893","potions_obtained":[{"floor":1.0,"key":"EntropicBrew"},{"floor":2.0,"key":"Regen Potion"},{"floor":2.0,"key":"FocusPotion"},{"floor":31.0,"key":"Fruit Juice"},{"floor":33.0,"key":"Strength Potion"}],"is_trial":false,"path_per_floor":["M","?","M","$","M","R","?","E","T","$","R","T","R","?","R","B",null,"M","M","?","?","?","R","M","E","T","R","M","M","R","E","R","B",null,"M","$","?","M","?","R","?","R","T","E","M","M","?","E","R","B",null,"R","$","E","B"],"character_chosen":"DEFECT","items_purchased":["Sunder","Loop","Loop","Membership Card","Capacitor","Anchor","Ornamental Fan"],"campfire_rested":4,"item_purchase_floors":[4,4,10,36,36,53,53],"current_hp_per_floor":[75,75,74,74,72,72,48,26,26,26,48,48,48,48,48,54,70,66,59,45,45,29,53,56,31,31,31,26,18,42,24,48,22,66,60,60,60,54,76,76,76,76,76,80,44,37,37,47,47,61,75,75,75,80,0],"gold":113,"neow_bonus":"ONE_RARE_RELIC","is_prod":false,"is_daily":false,"chose_seed":false,"campfire_upgraded":7,"win_rate":0,"timestamp":1559345386,"path_taken":["M","?","?","?","M","R","?","E","T","$","R","?","R","?","R","BOSS","M","?","?","?","?","R","M","E","T","R","M","M","R","E","R","BOSS","M","$","?","?","?","R","?","R","T","E","M","?","?","E","R","BOSS","R","$","E","BOSS"],"build_version":"2019-01-23","purchased_purges":2,"victory":false,"max_hp_per_floor":[75,75,75,75,75,75,75,75,75,75,75,75,75,75,75,75,75,75,75,80,80,80,80,80,80,80,80,80,80,80,80,80,80,80,80,80,80,80,80,80,80,80,80,80,80,80,80,80,80,80,80,80,80,80,85],"card_choices":[{"not_picked":["Compile Driver","Redo"],"picked":"Auto Shields","floor":1.0},{"not_picked":["Blizzard","Chill"],"picked":"Defragment","floor":3.0},{"not_picked":["Gash","Double Energy"],"picked":"Ball Lightning","floor":5.0},{"not_picked":["Sweeping Beam","Skim"],"picked":"Undo","floor":7.0},{"not_picked":["Skim","Turbo"],"picked":"Cold Snap","floor":8.0},{"not_picked":["Leap","Genetic Algorithm","Cold Snap"],"picked":"SKIP","floor":18.0},{"not_picked":["Consume","Hologram+1"],"picked":"Glacier+1","floor":19.0},{"not_picked":["Chill","Go for the Eyes","Consume"],"picked":"SKIP","floor":24.0},{"not_picked":["Hologram","Coolheaded","Steam+1"],"picked":"SKIP","floor":25.0},{"not_picked":["Sweeping Beam","Leap","Go for the Eyes"],"picked":"SKIP","floor":28.0},{"not_picked":["Tempest+1","Coolheaded+1"],"picked":"Echo Form","floor":29.0},{"not_picked":["Conserve Battery+1","Barrage"],"picked":"Biased Cognition","floor":31.0},{"not_picked":["Core Surge","Fission","Thunder Strike"],"picked":"Amplify","floor":33.0},{"not_picked":["Blizzard","Streamline+1","Stack","Darkness"],"picked":"SKIP","floor":35.0},{"not_picked":["Hologram","Steam+1","Compile Driver","Sweeping Beam+1"],"picked":"SKIP","floor":38.0},{"not_picked":["Force Field+1","Ball Lightning+1","Leap+1"],"picked":"Skim+1","floor":44.0},{"not_picked":["Aggregate","Barrage","Reinforced Body+1","Static Discharge"],"picked":"SKIP","floor":45.0},{"not_picked":["Darkness","Fission","Chill","Stack+1"],"picked":"SKIP","floor":46.0},{"not_picked":["Ball Lightning","Hello World+1","Rebound","Go for the Eyes+1"],"picked":"SKIP","floor":48.0},{"not_picked":["Ball Lightning","Hello World+1","Rebound","Go for the Eyes+1"],"picked":"SKIP","floor":48.0},{"not_picked":["Aggregate","Glacier","Defragment"],"picked":"Echo Form","floor":54}],"player_experience":116300,"relics_obtained":[{"floor":7.0,"key":"Bag of Marbles"},{"floor":8.0,"key":"DataDisk"},{"floor":9.0,"key":"Oddly Smooth Stone"},{"floor":12.0,"key":"Bottled Flame"},{"floor":22.0,"key":"Nilry\u0027s Codex"},{"floor":25.0,"key":"Orichalcum"},{"floor":26.0,"key":"Sundial"},{"floor":31.0,"key":"Question Card"},{"floor":39.0,"key":"Unceasing Top"},{"floor":44.0,"key":"Ancient Tea Set"},{"floor":48.0,"key":"Molten Egg 2"},{"floor":54,"key":"Boot"}],"event_choices":[{"damage_healed":0.0,"max_hp_gain":0.0,"max_hp_loss":0.0,"gold_gain":0.0,"event_name":"Lab","player_choice":"Got Potions","floor":2.0,"gold_loss":0.0,"damage_taken":0.0},{"damage_healed":0.0,"max_hp_gain":0.0,"max_hp_loss":0.0,"gold_gain":30.0,"event_name":"Dead Adventurer","player_choice":"Searched \u00272\u0027 times","floor":7.0,"gold_loss":0.0,"damage_taken":0.0},{"damage_healed":0.0,"max_hp_gain":0.0,"max_hp_loss":0.0,"gold_gain":0.0,"event_name":"WeMeetAgain","player_choice":"Paid Gold","floor":14.0,"gold_loss":75.0,"damage_taken":0.0,"relics_obtained":["Bird Faced Urn"]},{"damage_healed":0.0,"max_hp_gain":5.0,"max_hp_loss":0.0,"gold_gain":0.0,"event_name":"Forgotten Altar","player_choice":"Shed Blood","floor":20.0,"gold_loss":0.0,"damage_taken":19.0},{"cards_removed":["Strike_B"],"damage_healed":0.0,"max_hp_gain":0.0,"max_hp_loss":0.0,"gold_gain":0.0,"event_name":"Beggar","player_choice":"Gave Gold","floor":21.0,"gold_loss":75.0,"damage_taken":0.0},{"damage_healed":0.0,"max_hp_gain":0.0,"max_hp_loss":0.0,"gold_gain":0.0,"event_name":"Cursed Tome","player_choice":"Obtained Book","floor":22.0,"gold_loss":0.0,"damage_taken":16.0},{"damage_healed":0.0,"max_hp_gain":0.0,"max_hp_loss":0.0,"gold_gain":0.0,"event_name":"The Woman in Blue","player_choice":"Bought 0 Potions","floor":37.0,"gold_loss":0.0,"damage_taken":0.0},{"damage_healed":0.0,"max_hp_gain":0.0,"max_hp_loss":0.0,"gold_gain":0.0,"event_name":"MindBloom","player_choice":"Fight","floor":39.0,"gold_loss":0.0,"damage_taken":0.0},{"cards_removed":["Clumsy"],"damage_healed":0.0,"max_hp_gain":0.0,"max_hp_loss":0.0,"gold_gain":0.0,"event_name":"Fountain of Cleansing","player_choice":"Removed Curses","floor":41.0,"gold_loss":0.0,"damage_taken":0.0},{"cards_removed":["Defend_B"],"damage_healed":0.0,"max_hp_gain":0.0,"max_hp_loss":0.0,"gold_gain":0.0,"event_name":"Falling","player_choice":"Removed Skill","floor":47.0,"gold_loss":0.0,"damage_taken":0.0}],"is_beta":false,"boss_relics":[{"not_picked":["White Beast Statue","Velvet Choker"],"picked":"Nuclear Battery"},{"not_picked":["Orrery","Lizard Tail"],"picked":"Sozu"}],"items_purged_floors":[36,53],"is_endless":false,"potions_floor_spawned":[1,24,25,28,31,33,38,39,44,46],"killed_by":"The Heart","ascension_level":5}