{"path_per_floor":["M","?","?","M","?","E","R","E","T","M","$","?","E","M","R","B",null,"M","M","?","M","M","R"],"character_chosen":"IRONCLAD","items_purchased":["Metallicize"],"gold_per_floor":[18,18,18,36,36,65,65,92,92,107,28,28,62,83,83,206,206,199,223,223,237,251,251],"floor_reached":24,"campfire_rested":0,"playtime":1415,"current_hp_per_floor":[80,80,80,78,71,51,51,51,51,57,57,57,64,65,65,49,74,53,59,59,28,33,33],"items_purged":[],"gold":251,"score":227,"play_id":"f7b4b764-4f84-4375-85b1-cecbac750b2b","local_time":"20180303163600","is_prod":false,"is_daily":false,"is_ascension_mode":true,"campfire_upgraded":3,"timestamp":1520062560,"path_taken":["M","?","?","M","?","E","R","E","T","M","?","?","E","M","R","BOSS","M","M","?","?","M","R","M"],"build_version":"2018-03-01-PROD1","purchased_purges":0,"victory":false,"master_deck":["Strike_R","Strike_R","Strike_R","Strike_R","Defend_R","Defend_R","Defend_R","Bash","Clothesline","Anger","Demon Form+1","Disarm","Metallicize","Metallicize+1","Armaments+1","Barricade+1","Sword Boomerang"],"max_hp_per_floor":[80,80,80,80,80,80,80,80,80,80,80,74,74,74,74,74,74,74,74,74,74,74,74],"relics":["Burning Blood","Meat on the Bone","Bottled Flame","Vajra","Toxic Egg 2","Golden Idol","The Courier","Sozu"],"card_choices":[{"not_picked":["Perfected Strike","Pummel"],"picked":"Clothesline"},{"not_picked":["Clash","Cleave"],"picked":"Anger"},{"not_picked":["Flame Barrier","Feed"],"picked":"Demon Form"},{"not_picked":["Headbutt","Warcry"],"picked":"Disarm"},{"not_picked":["Carnage","Twin Strike"],"picked":"Metallicize"},{"not_picked":["True Grit","Blood for Blood"],"picked":"Armaments"},{"not_picked":["Fiend Fire","Reaper"],"picked":"Barricade"},{"not_picked":["Clash","Anger"],"picked":"Sword Boomerang"}],"player_experience":54893,"potions_floor_usage":[6,8,13,13,19,21],"damage_taken":[{"damage":6,"enemies":"Jaw Worm","floor":1,"turns":6},{"damage":8,"enemies":"Cultist","floor":4,"turns":3},{"damage":26,"enemies":"Lagavulin","floor":6,"turns":7},{"damage":15,"enemies":"Gremlin Nob","floor":8,"turns":4},{"damage":0,"enemies":"Small Slimes","floor":10,"turns":3},{"damage":11,"enemies":"3 Sentries","floor":13,"turns":6},{"damage":5,"enemies":"Red Slaver","floor":14,"turns":3},{"damage":34,"enemies":"The Guardian","floor":16,"turns":7},{"damage":27,"enemies":"2 Thieves","floor":18,"turns":4},{"damage":0,"enemies":"3 Byrds","floor":19,"turns":7},{"damage":55,"enemies":"3 Cultists","floor":21,"turns":7},{"damage":13,"enemies":"Snecko","floor":22,"turns":5},{"damage":14,"enemies":"Slaver and Parasite","floor":24,"turns":2}],"event_choices":[{"event_name":"The Lab","player_choice":"Got Potions","floor":2,"damage_taken":0},{"event_name":"Big Fish","player_choice":"Box","floor":3,"damage_taken":0},{"event_name":"Golden Wing","player_choice":"Card Removal","floor":5,"damage_taken":0},{"event_name":"Golden Idol","player_choice":"Lose Max HP","floor":12,"damage_taken":0},{"event_name":"The Woman in Blue","player_choice":"Bought 0 Potions","floor":20,"damage_taken":0}],"boss_relics":[{"not_picked":["Black Blood","Runic Dome"],"picked":"Sozu"}],"potions_floor_spawned":[4,8,14,16,18,19,21],"seed_played":"-1646275270702896241","killed_by":"Slaver and Parasite","ascension_level":1,"is_trial":false}