{"gold_per_floor":[112,112,125,140,140,140,159,171,171,21,21,35,48,66,66,169,169,187,187,187,187,202,202,215,247,273,273,289,25,39,66,66,164,164,175,175,190,202,24,58,58,87,87,104,104,104,104,3,3,3],"floor_reached":51,"playtime":4281,"items_purged":["Defend_B","Defend_B"],"score":868,"play_id":"8cf732f1-b5d3-4317-b1c7-3dec921757d4","local_time":"20180625190930","is_ascension_mode":true,"campfire_choices":[{"floor":6,"key":"REST"},{"floor":15,"key":"REST"},{"floor":23,"key":"REST"},{"floor":27,"key":"REST"},{"floor":32,"key":"REST"},{"data":"Machine Learning","floor":41,"key":"SMITH"},{"data":"Beam Cell","floor":49,"key":"SMITH"}],"neow_cost":"FIFTY_PERCENT_DAMAGE","seed_source_timestamp":819834369359222,"circlet_count":0,"master_deck":["Strike_B","Strike_B","Strike_B","Defend_B","Defend_B","Zap","Dualcast","Gash","Reinforced Body+1","Chaos+1","Gash","Gash","Skim+1","Machine Learning","Coolheaded+1","Skim+1","Gash","Auto Shields+1","Go for the Eyes","Hologram+1","Beam Cell+1","Reboot+1","Conserve Battery+1","Hologram+1","Self Repair","Leap+1","Machine Learning+1","Reinforced Body+1","Machine Learning+1"],"relics":["Cracked Core","Sundial","Ornamental Fan","Toxic Egg 2","Black Star","Mummified Hand","Smiling Mask","Bottled Tornado","Lantern","Kunai","Ancient Tea Set","Art of War","Coffee Dripper","Juzu Bracelet","Bag of Marbles","Blue Candle","Letter Opener","Pantograph"],"potions_floor_usage":[8,22,25,31,33,42,42,47,50],"damage_taken":[{"damage":4,"enemies":"Jaw Worm","floor":1,"turns":4},{"damage":3,"enemies":"2 Louse","floor":3,"turns":3},{"damage":1,"enemies":"Cultist","floor":4,"turns":4},{"damage":5,"enemies":"Looter","floor":7,"turns":3},{"damage":1,"enemies":"3 Louse","floor":8,"turns":3},{"damage":0,"enemies":"Large Slime","floor":12,"turns":5},{"damage":13,"enemies":"Gremlin Gang","floor":13,"turns":5},{"damage":3,"enemies":"Blue Slaver","floor":14,"turns":4},{"damage":13,"enemies":"Hexaghost","floor":16,"turns":8},{"damage":13,"enemies":"Chosen","floor":18,"turns":4},{"damage":1,"enemies":"2 Thieves","floor":22,"turns":3},{"damage":16,"enemies":"Centurion and Healer","floor":24,"turns":4},{"damage":28,"enemies":"Gremlin Leader","floor":25,"turns":10},{"damage":0,"enemies":"Chosen and Byrds","floor":28,"turns":4},{"damage":14,"enemies":"Slaver and Parasite","floor":30,"turns":7},{"damage":27,"enemies":"Slavers","floor":31,"turns":8},{"damage":1,"enemies":"Champ","floor":33,"turns":7},{"damage":0,"enemies":"3 Shapes","floor":35,"turns":6},{"damage":14,"enemies":"3 Darklings","floor":37,"turns":5},{"damage":0,"enemies":"Maw","floor":38,"turns":6},{"damage":0,"enemies":"Giant Head","floor":40,"turns":7},{"damage":23,"enemies":"2 Orb Walkers","floor":42,"turns":6},{"damage":14,"enemies":"4 Shapes","floor":44,"turns":4},{"damage":0,"enemies":"3 Darklings","floor":47,"turns":1},{"damage":0,"enemies":"Awakened One","floor":50,"turns":7}],"seed_played":"8544831531003100988","potions_obtained":[{"floor":3,"key":"Ancient Potion"},{"floor":7,"key":"Poison Potion"},{"floor":8,"key":"Ancient Potion"},{"floor":16,"key":"Poison Potion"},{"floor":22,"key":"SneckoOil"},{"floor":24,"key":"Dexterity Potion"},{"floor":31,"key":"FocusPotion"},{"floor":38,"key":"AttackPotion"},{"floor":44,"key":"SmokeBomb"}],"is_trial":false,"path_per_floor":["M","?","M","M","?","R","M","M","T","$","?","M","M","M","R","B",null,"M","?","?","?","M","R","M","E","T","R","M","$","M","E","R","B",null,"M","?","M","M","$","E","R","E","T","M","?","?","M","$","R","B"],"character_chosen":"DEFECT","items_purchased":["Chaos+1","Kunai","Go for the Eyes","Self Repair","Leap+1","Swift Potion","SpeedPotion"],"campfire_rested":5,"item_purchase_floors":[10,29,29,39,39,48,48],"current_hp_per_floor":[34,27,24,23,23,45,40,39,39,39,39,39,26,23,45,32,75,62,48,48,48,47,71,55,27,27,51,51,51,37,10,34,33,80,80,80,66,66,66,73,73,57,57,50,50,50,50,50,50,80],"gold":3,"neow_bonus":"ONE_RARE_RELIC","is_prod":false,"is_daily":false,"chose_seed":false,"campfire_upgraded":2,"win_rate":0,"timestamp":1529968170,"path_taken":["M","?","M","M","?","R","M","M","T","$","?","M","?","M","R","BOSS","M","?","?","?","M","R","M","E","T","R","M","?","?","E","R","BOSS","M","?","M","M","$","E","R","E","T","M","?","?","M","$","R","BOSS"],"build_version":"2018-06-21v2","purchased_purges":2,"victory":true,"max_hp_per_floor":[75,75,75,75,75,75,75,75,75,75,75,75,75,75,75,75,75,75,80,80,80,80,80,80,80,80,80,80,80,80,80,80,80,80,80,80,80,80,80,80,80,80,80,80,80,80,80,80,80,80],"card_choices":[{"not_picked":["Rebound","Streamline"],"picked":"Gash","floor":1},{"not_picked":["Double Energy","Darkness","Ball Lightning"],"picked":"SKIP","floor":3},{"not_picked":["Hologram","Turbo"],"picked":"Reinforced Body","floor":4},{"not_picked":["Conserve Battery","Hello World","Sunder"],"picked":"SKIP","floor":7},{"not_picked":["Cold Snap","Conserve Battery","Melter"],"picked":"SKIP","floor":8},{"not_picked":["Ball Lightning","FTL"],"picked":"Gash","floor":12},{"not_picked":["Hello World","Turbo+1"],"picked":"Gash","floor":13},{"not_picked":["Meteor Strike","Static Discharge"],"picked":"Skim+1","floor":14},{"not_picked":["Amplify+1","Rainbow+1"],"picked":"Machine Learning","floor":16},{"not_picked":["Force Field+1","Barrage+1"],"picked":"Coolheaded+1","floor":18},{"not_picked":["Barrage+1","Blizzard"],"picked":"Skim+1","floor":22},{"not_picked":["Streamline+1","BootSequence+1"],"picked":"Reinforced Body+1","floor":24},{"not_picked":["Conserve Battery+1","Sunder"],"picked":"Gash","floor":25},{"not_picked":["Sweeping Beam","Conserve Battery+1"],"picked":"Auto Shields+1","floor":28},{"not_picked":["Go for the Eyes+1","Cold Snap"],"picked":"Hologram+1","floor":30},{"not_picked":["Defragment","BootSequence+1"],"picked":"Beam Cell","floor":31},{"not_picked":["Electrodynamics","Biased Cognition"],"picked":"Reboot+1","floor":33},{"not_picked":["Compile Driver","Turbo+1","Conserve Battery+1"],"picked":"SKIP","floor":35},{"not_picked":["Glacier+1","Storm+1"],"picked":"Conserve Battery+1","floor":37},{"not_picked":["Beam Cell","Cold Snap+1"],"picked":"Hologram+1","floor":38},{"not_picked":["Ball Lightning+1","Undo+1"],"picked":"Machine Learning","floor":40},{"not_picked":["Conserve Battery+1","Chill+1"],"picked":"Reinforced Body+1","floor":42},{"not_picked":["Barrage","Cold Snap+1","Sweeping Beam+1"],"picked":"SKIP","floor":44}],"player_experience":201331,"relics_obtained":[{"floor":9,"key":"Toxic Egg 2"},{"floor":25,"key":"Smiling Mask"},{"floor":25,"key":"Bottled Tornado"},{"floor":26,"key":"Lantern"},{"floor":31,"key":"Ancient Tea Set"},{"floor":31,"key":"Art of War"},{"floor":40,"key":"Juzu Bracelet"},{"floor":40,"key":"Bag of Marbles"},{"floor":42,"key":"Blue Candle"},{"floor":42,"key":"Letter Opener"},{"floor":43,"key":"Pantograph"}],"event_choices":[{"event_name":"Scrap Ooze","player_choice":"success","floor":2,"damage_taken":7},{"event_name":"Living Wall","player_choice":"Forget","floor":5,"damage_taken":0},{"event_name":"Upgrade Shrine","player_choice":"Upgraded","floor":11,"damage_taken":0},{"event_name":"Forgotten Altar","player_choice":"Shed Blood","floor":19,"damage_taken":0},{"event_name":"The Mausoleum","player_choice":"Yes","floor":20,"damage_taken":0},{"event_name":"Ghosts","player_choice":"Ignored","floor":21,"damage_taken":0},{"event_name":"Falling","player_choice":"Removed Skill","floor":36,"damage_taken":0},{"event_name":"Tomb of Lord Red Mask","player_choice":"Ignored","floor":45,"damage_taken":0},{"event_name":"Duplicator","player_choice":"One dupe","floor":46,"damage_taken":0}],"boss_relics":[{"not_picked":["Inserter","Calling Bell"],"picked":"Black Star"},{"not_picked":["Runic Pyramid","Velvet Choker"],"picked":"Coffee Dripper"}],"items_purged_floors":[10,39],"is_endless":false,"potions_floor_spawned":[3,7,8,16,18,22,24,31,38,44],"ascension_level":2}