{"path_per_floor":["M","?","M","M","?","E","R","?","T","R","E","$","M","M","R","B",null,"M","M","?","?","$","R","M","?","T","M","E","?"],"character_chosen":"IRONCLAD","items_purchased":["Juzu Bracelet","Vajra"],"gold_per_floor":[119,119,131,150,150,176,176,176,176,176,202,57,76,92,92,194,194,207,220,220,220,0,0,12,12,12,23,82,82,82],"floor_reached":30,"campfire_rested":1,"playtime":1380,"current_hp_per_floor":[78,71,68,68,52,43,43,43,43,43,43,43,28,23,47,39,80,60,44,70,70,70,70,57,57,57,52,1,11,11],"items_purged":["Strike_R"],"gold":82,"score":340,"play_id":"0752102f-415b-4906-8719-aa46e9b73336","local_time":"20180329145321","is_prod":false,"is_daily":false,"is_ascension_mode":true,"campfire_upgraded":3,"timestamp":1522302801,"path_taken":["M","?","M","?","?","E","R","?","T","R","E","$","M","M","R","BOSS","M","M","?","?","$","R","M","?","T","M","E","?","M"],"build_version":"2018-03-22v2","purchased_purges":1,"victory":false,"master_deck":["Defend_R","Defend_R","Defend_R","Defend_R+1","Bash+1","Double Tap+1","Wild Strike+1","Inflame+1","Twin Strike","Clothesline","Cleave","Spot Weakness+1","Anger+1","Disarm","Demon Form+1","Demon Form","Pummel","Headbutt+1","Metallicize+1","Whirlwind+1"],"max_hp_per_floor":[80,80,80,80,80,80,80,80,80,80,80,80,80,80,80,80,80,80,80,80,80,80,80,80,80,80,80,80,90,90],"relics":["Astrolabe","Omamori","Paper Frog","Ancient Tea Set","Oddly Smooth Stone","Juzu Bracelet","Cursed Key","Vajra","Pantograph","Tiny Chest","Pear"],"card_choices":[{"not_picked":["Second Wind","Heavy Blade"],"picked":"Twin Strike","floor":1},{"not_picked":["Anger","Headbutt"],"picked":"Clothesline","floor":3},{"not_picked":["Clothesline","Havoc"],"picked":"Cleave","floor":4},{"not_picked":["Body Slam","Headbutt"],"picked":"Spot Weakness","floor":6},{"not_picked":["Body Slam","Anger"],"picked":"Disarm","floor":13},{"not_picked":["Anger","Clash"],"picked":"Demon Form","floor":14},{"not_picked":["Impervious","Barricade"],"picked":"Demon Form","floor":16},{"not_picked":["Thunderclap","Intimidate"],"picked":"Pummel","floor":18},{"not_picked":["Blood for Blood","Carnage"],"picked":"Headbutt","floor":19},{"not_picked":["Searing Blow","Flame Barrier"],"picked":"Metallicize","floor":27},{"not_picked":["Havoc","Twin Strike"],"picked":"Whirlwind","floor":28}],"player_experience":104910,"potions_floor_usage":[6,19,27,30],"damage_taken":[{"damage":2,"enemies":"Jaw Worm","floor":1,"turns":3},{"damage":3,"enemies":"2 Louse","floor":3,"turns":2},{"damage":0,"enemies":"Small Slimes","floor":4,"turns":2},{"damage":9,"enemies":"3 Sentries","floor":6,"turns":5},{"damage":0,"enemies":"Gremlin Nob","floor":11,"turns":2},{"damage":15,"enemies":"Gremlin Gang","floor":13,"turns":4},{"damage":5,"enemies":"Looter","floor":14,"turns":2},{"damage":8,"enemies":"Hexaghost","floor":16,"turns":6},{"damage":20,"enemies":"Shell Parasite","floor":18,"turns":5},{"damage":16,"enemies":"Chosen","floor":19,"turns":4},{"damage":13,"enemies":"Snecko","floor":24,"turns":3},{"damage":20,"enemies":"Centurion and Healer","floor":27,"turns":6},{"damage":51,"enemies":"Gremlin Leader","floor":28,"turns":5},{"damage":0,"enemies":"Slaver and Parasite","floor":30,"turns":1}],"event_choices":[{"event_name":"Scrap Ooze","player_choice":"success","floor":2,"damage_taken":7},{"event_name":"Shining Light","player_choice":"Entered Light","floor":5,"damage_taken":0},{"event_name":"Match and Keep!","player_choice":"1 cards matched","floor":8,"damage_taken":0},{"event_name":"The Library","player_choice":"Heal","floor":20,"damage_taken":0},{"event_name":"Back to Basics","player_choice":"Elegance","floor":21,"damage_taken":0},{"event_name":"Drug Dealer","player_choice":"Ignored","floor":25,"damage_taken":0},{"event_name":"The Mausoleum","player_choice":"Yes","floor":29,"damage_taken":0}],"boss_relics":[{"not_picked":["Runic Dome","Snecko Eye"],"picked":"Cursed Key"}],"potions_floor_spawned":[1,4,6,18,19,28],"seed_played":"6484057869914678367","killed_by":"Slaver and Parasite","ascension_level":4,"is_trial":false}