{"gold_per_floor":[112,122,122,24,37,37,64,80,80,111,126,158,158,176,176,305,305,305,305,305,305,305,305,305,149,149,3,3,3,3,3,3,3,3,3,3,3,3,3,3,3,3,3,3,3,3,3,3,3,3],"floor_reached":51,"playtime":1527,"items_purged":[],"score":818,"play_id":"324d0527-e9cc-44e7-be3e-237741ebd89d","local_time":"20190414155101","is_ascension_mode":true,"campfire_choices":[{"data":"Whirlwind","floor":6,"key":"SMITH"},{"data":"Disarm","floor":15,"key":"SMITH"},{"data":"Disarm","floor":24,"key":"SMITH"},{"data":"Uppercut","floor":30,"key":"SMITH"},{"data":"Flame Barrier","floor":32,"key":"SMITH"},{"data":"Mayhem","floor":40,"key":"SMITH"},{"floor":44,"key":"REST"},{"floor":49,"key":"REST"}],"neow_cost":"NONE","seed_source_timestamp":61348795351700,"circlet_count":0,"master_deck":["Strike_R","Strike_R","Defend_R","Defend_R","Defend_R","Bash","Twin Strike","Iron Wave","Whirlwind+1","Flex","Uppercut+1","Disarm+1","Battle Trance","Flame Barrier+1","Flex","Reaper","Disarm+1","Evolve","Pommel Strike","Spot Weakness","Intimidate+1","Iron Wave+1","Demon Form","Bloodletting+1","Mayhem+1","Battle Trance+1","Exhume","Metallicize+1"],"relics":["Burning Blood","Vajra","Regal Pillow","Ornamental Fan","Bag of Marbles","Bloody Idol","Ectoplasm","Red Mask","Bag of Preparation","Centennial Puzzle","Happy Flower","Empty Cage","Smiling Mask","Frozen Egg 2","Oddly Smooth Stone","Anchor"],"potions_floor_usage":[10,21,33,33,50],"damage_taken":[{"damage":11,"enemies":"Cultist","floor":1,"turns":4},{"damage":7,"enemies":"Jaw Worm","floor":2,"turns":3},{"damage":0,"enemies":"2 Louse","floor":5,"turns":1},{"damage":26,"enemies":"Lagavulin","floor":7,"turns":5},{"damage":11,"enemies":"Large Slime","floor":8,"turns":6},{"damage":21,"enemies":"Gremlin Nob","floor":10,"turns":4},{"damage":0,"enemies":"2 Fungi Beasts","floor":11,"turns":1},{"damage":17,"enemies":"Lagavulin","floor":12,"turns":5},{"damage":0,"enemies":"3 Louse","floor":14,"turns":2},{"damage":37,"enemies":"Hexaghost","floor":16,"turns":12},{"damage":5,"enemies":"Shell Parasite","floor":18,"turns":3},{"damage":30,"enemies":"Masked Bandits","floor":20,"turns":5},{"damage":0,"enemies":"Spheric Guardian","floor":21,"turns":3},{"damage":26,"enemies":"Centurion and Healer","floor":23,"turns":8},{"damage":4,"enemies":"Snake Plant","floor":28,"turns":4},{"damage":3,"enemies":"3 Cultists","floor":31,"turns":3},{"damage":53,"enemies":"Automaton","floor":33,"turns":10},{"damage":29,"enemies":"3 Darklings","floor":35,"turns":4},{"damage":49,"enemies":"Nemesis","floor":41,"turns":7},{"damage":3,"enemies":"Orb Walker","floor":42,"turns":1},{"damage":17,"enemies":"Writhing Mass","floor":45,"turns":4},{"damage":41,"enemies":"Reptomancer","floor":46,"turns":5},{"damage":22,"enemies":"Maw","floor":47,"turns":6},{"damage":57,"enemies":"Awakened One","floor":50,"turns":10}],"seed_played":"-3581598577460335492","potions_obtained":[{"floor":2,"key":"Swift Potion"},{"floor":5,"key":"SkillPotion"},{"floor":11,"key":"SteroidPotion"},{"floor":12,"key":"SkillPotion"},{"floor":21,"key":"PowerPotion"},{"floor":35,"key":"PowerPotion"},{"floor":41,"key":"FearPotion"}],"is_trial":false,"path_per_floor":["M","M","?","$","M","R","E","M","T","E","M","E","?","M","R","B",null,"M","?","?","M","?","M","R","$","T","$","M","$","R","M","R","B",null,"M","?","?","T","$","R","E","M","T","R","M","E","M","?","R","B",null],"character_chosen":"IRONCLAD","items_purchased":["Whirlwind","Flex","Bag of Preparation","Happy Flower"],"campfire_rested":2,"item_purchase_floors":[4,4,25,27],"current_hp_per_floor":[75,74,80,80,80,80,60,55,55,40,46,35,35,41,41,17,74,74,74,62,68,68,54,54,54,54,54,63,63,63,74,74,47,74,51,51,51,51,51,51,26,29,29,65,54,35,32,32,68,19],"gold":3,"neow_bonus":"REMOVE_CARD","is_prod":false,"is_daily":false,"chose_seed":false,"campfire_upgraded":6,"win_rate":0,"timestamp":1555253461,"path_taken":["M","?","?","$","M","R","E","M","T","E","?","E","?","M","R","BOSS","M","?","?","M","?","?","R","$","T","$","M","?","R","?","R","BOSS","M","?","?","?","$","R","E","M","T","R","M","E","?","?","R","BOSS"],"build_version":"2019-01-23","purchased_purges":0,"victory":true,"max_hp_per_floor":[80,80,80,80,80,80,80,80,80,80,80,80,74,74,74,74,74,74,74,74,74,74,74,74,74,74,74,74,74,74,74,74,74,74,74,74,70,70,70,70,70,70,70,70,70,70,70,70,70,70],"card_choices":[{"not_picked":["Warcry","Bloodletting"],"picked":"Twin Strike","floor":1},{"not_picked":["Havoc","Thunderclap"],"picked":"Iron Wave","floor":2},{"not_picked":["Headbutt","Sword Boomerang"],"picked":"Uppercut","floor":5},{"not_picked":["Thunderclap","Armaments"],"picked":"Disarm","floor":7},{"not_picked":["Shockwave","Twin Strike"],"picked":"Battle Trance","floor":8},{"not_picked":["Feed","Reckless Charge"],"picked":"Flame Barrier","floor":10},{"not_picked":["Cleave","Anger"],"picked":"Flex","floor":11},{"not_picked":["Heavy Blade","Infernal Blade","Rage"],"picked":"SKIP","floor":12},{"not_picked":["Twin Strike","Power Through"],"picked":"Reaper","floor":14},{"not_picked":["Dropkick","True Grit","Cleave+1"],"picked":"SKIP","floor":18},{"not_picked":["Battle Trance","Flex"],"picked":"Disarm","floor":20},{"not_picked":["Pummel","Reckless Charge"],"picked":"Evolve","floor":21},{"not_picked":["Searing Blow","Headbutt"],"picked":"Spot Weakness","floor":23},{"not_picked":["Power Through","Havoc+1"],"picked":"Intimidate+1","floor":28},{"not_picked":["Spot Weakness","Wild Strike"],"picked":"Iron Wave+1","floor":31},{"not_picked":["Feed","Impervious"],"picked":"Demon Form","floor":33},{"not_picked":["Anger+1","Blood for Blood"],"picked":"Bloodletting+1","floor":35},{"not_picked":["Magnetism","Mind Blast"],"picked":"Mayhem","floor":36},{"not_picked":["Pummel","Sword Boomerang","Rampage+1"],"picked":"SKIP","floor":41},{"not_picked":["Twin Strike+1","Pummel+1"],"picked":"Battle Trance+1","floor":42},{"not_picked":["Cleave+1","Shockwave","Shrug It Off+1"],"picked":"SKIP","floor":45},{"not_picked":["Burning Pact","Iron Wave"],"picked":"Exhume","floor":46},{"not_picked":["Anger","Infernal Blade"],"picked":"Metallicize+1","floor":47}],"player_experience":24261,"relics_obtained":[{"floor":7,"key":"Vajra"},{"floor":9,"key":"Regal Pillow"},{"floor":10,"key":"Ornamental Fan"},{"floor":12,"key":"Bag of Marbles"},{"floor":20,"key":"Red Mask"},{"floor":26,"key":"Centennial Puzzle"},{"floor":38,"key":"Smiling Mask"},{"floor":41,"key":"Frozen Egg 2"},{"floor":43,"key":"Oddly Smooth Stone"},{"floor":46,"key":"Anchor"}],"event_choices":[{"damage_healed":6,"gold_gain":0,"player_choice":"Full Heal","damage_taken":0,"max_hp_gain":0,"max_hp_loss":0,"event_name":"Wheel of Change","floor":3,"gold_loss":0},{"damage_healed":0,"gold_gain":0,"player_choice":"Lose Max HP","damage_taken":0,"relics_obtained":["Golden Idol"],"max_hp_gain":0,"max_hp_loss":6,"event_name":"Golden Idol","floor":13,"gold_loss":0},{"damage_healed":0,"gold_gain":0,"player_choice":"Gave Idol","damage_taken":0,"relics_obtained":["Bloody Idol"],"max_hp_gain":0,"max_hp_loss":0,"event_name":"Forgotten Altar","floor":19,"relics_lost":["Golden Idol"],"gold_loss":0},{"damage_healed":0,"gold_gain":0,"player_choice":"Fought Bandits","damage_taken":0,"max_hp_gain":0,"max_hp_loss":0,"event_name":"Masked Bandits","floor":20,"gold_loss":0},{"damage_healed":0,"gold_gain":0,"cards_transformed":["Strike_R"],"player_choice":"Transformed","damage_taken":0,"max_hp_gain":0,"max_hp_loss":0,"event_name":"Transmorgrifier","floor":22,"gold_loss":0,"cards_obtained":["Pommel Strike"]},{"damage_healed":0,"gold_gain":0,"player_choice":"Memory 1","damage_taken":0,"max_hp_gain":0,"max_hp_loss":0,"event_name":"SensoryStone","floor":36,"gold_loss":0},{"damage_healed":0,"gold_gain":0,"player_choice":"Max HP","damage_taken":0,"max_hp_gain":0,"max_hp_loss":4,"event_name":"Winding Halls","floor":37,"gold_loss":0},{"damage_healed":0,"gold_gain":0,"player_choice":"Ignored","damage_taken":0,"max_hp_gain":0,"max_hp_loss":0,"event_name":"Tomb of Lord Red Mask","floor":48,"gold_loss":0}],"is_beta":false,"boss_relics":[{"not_picked":["Runic Cube","Orrery"],"picked":"Ectoplasm"},{"not_picked":["White Beast Statue","Astrolabe"],"picked":"Empty Cage"}],"items_purged_floors":[],"is_endless":false,"potions_floor_spawned":[2,5,11,12,14,21,23,28,35,41],"ascension_level":2}