{"path_per_floor":["M","M","M","$","M","R","E","M","T","M","E","M","R","M","R","B",null,"M","$","?","M","M","?","$","E","T","R","M","R","?","M","R","B",null,"M","?","?","$","M","R","M","?","T","T","M","R","$","M","R","B"],"character_chosen":"DEFECT","items_purchased":["Capacitor","Storm","Strawberry","Runic Capacitor","Loop","Darkness","Auto Shields"],"gold_per_floor":[114,126,146,19,35,35,66,84,84,100,129,140,140,153,153,258,258,268,45,45,59,71,71,71,98,98,98,112,112,212,229,229,331,331,348,348,348,24,42,42,55,0,0,27,37,37,2,20,20,20],"floor_reached":51,"campfire_rested":6,"playtime":4123,"current_hp_per_floor":[70,70,70,70,70,70,51,38,38,38,20,14,36,33,33,12,75,56,63,63,54,52,79,79,59,59,59,37,61,61,40,64,11,82,59,59,49,49,38,62,44,44,44,44,46,70,70,23,47,26],"items_purged":["Normality"],"gold":20,"score":656,"play_id":"c6965016-ec81-4373-8d15-4d27c1c8d17d","local_time":"20180513154712","is_prod":false,"is_daily":false,"chose_seed":false,"is_ascension_mode":false,"campfire_upgraded":3,"timestamp":1526194032,"path_taken":["M","?","M","$","M","R","E","M","T","M","E","M","R","M","R","BOSS","M","$","?","M","M","?","?","E","T","R","M","R","?","M","R","BOSS","M","?","?","$","?","R","M","?","T","?","M","R","?","M","R","BOSS"],"build_version":"2018-05-12v2","seed_source_timestamp":334428356007418,"purchased_purges":1,"victory":true,"master_deck":["Strike_B","Strike_B","Strike_B","Strike_B","Defend_B","Defend_B","Defend_B","Defend_B","Zap","Dualcast","Nova","Aggregate","Glacier","Stack","Capacitor+1","Static Discharge+1","Amplify","Leap","Rebound+1","Hologram+1","Cold Snap+1","Machine Learning","Self Repair","Storm","Go for the Eyes+1","Steam","Go for the Eyes+1","Go for the Eyes+1","Force Field","All For One+1","Barrage+1","Madness","Madness","Loop","Darkness","BootSequence","Beam Cell+1","Parasite","Regret","Ball Lightning+1","Auto Shields","Beam Cell+1"],"max_hp_per_floor":[75,75,75,75,75,75,75,75,75,75,75,75,75,75,75,75,75,75,82,82,82,82,82,82,82,82,82,82,82,82,82,82,82,82,82,82,82,82,82,82,82,82,82,82,82,82,82,82,82,82],"relics":["Cracked Core","Happy Flower","Molten Egg 2","Ice Cream","Inserter","Strawberry","Bottled Flame","Gremlin Horn","Cursed Key","Runic Capacitor","Red Mask","Kunai","Oddly Smooth Stone"],"card_choices":[{"not_picked":["Biased Cognition","Fission"],"picked":"Nova","floor":0},{"not_picked":["Redo","Cold Snap"],"picked":"Aggregate","floor":1},{"not_picked":["Turbo","Capacitor"],"picked":"Glacier","floor":2},{"not_picked":["Hologram","Recycle"],"picked":"Stack","floor":3},{"not_picked":["Skim","Coolheaded"],"picked":"Static Discharge","floor":5},{"not_picked":["Beam Cell","Skim","Sweeping Beam"],"picked":"SKIP","floor":7},{"not_picked":["Chill","FTL"],"picked":"Amplify","floor":8},{"not_picked":["Sunder+1","Axe Kick+1"],"picked":"Leap","floor":10},{"not_picked":["Turbo","Gash+1"],"picked":"Rebound+1","floor":11},{"not_picked":["Axe Kick+1","Skim"],"picked":"Hologram","floor":12},{"not_picked":["Rip and Tear+1","Turbo"],"picked":"Cold Snap+1","floor":14},{"not_picked":["Fusion","Reboot"],"picked":"Machine Learning","floor":16},{"not_picked":["Steam","Tempest+1"],"picked":"Self Repair","floor":18},{"not_picked":["Leap","Hologram+1"],"picked":"Go for the Eyes+1","floor":21},{"not_picked":["Coolheaded+1","Hologram"],"picked":"Steam","floor":22},{"not_picked":["Recycle","Biased Cognition"],"picked":"Go for the Eyes+1","floor":25},{"not_picked":["Leap+1","Scrape+1"],"picked":"Go for the Eyes+1","floor":28},{"not_picked":["Axe Kick+1","Steam+1"],"picked":"Force Field","floor":31},{"not_picked":["Multi-Cast","Rainbow"],"picked":"All For One+1","floor":33},{"not_picked":["Capacitor","Impulse+1"],"picked":"Barrage+1","floor":35},{"not_picked":["Conserve Battery","Ball Lightning+1"],"picked":"BootSequence","floor":39},{"not_picked":["Melter+1","Leap"],"picked":"Beam Cell+1","floor":41},{"not_picked":["Recycle+1","Capacitor+1"],"picked":"Ball Lightning+1","floor":45},{"not_picked":["Aggregate+1","Fission"],"picked":"Beam Cell+1","floor":48}],"player_experience":71829,"potions_floor_usage":[11,12,16,21,33,33,50,50],"damage_taken":[{"damage":5,"enemies":"Cultist","floor":1,"turns":4},{"damage":0,"enemies":"2 Louse","floor":2,"turns":2},{"damage":0,"enemies":"Small Slimes","floor":3,"turns":3},{"damage":0,"enemies":"Blue Slaver","floor":5,"turns":5},{"damage":19,"enemies":"Lagavulin","floor":7,"turns":8},{"damage":13,"enemies":"Exordium Wildlife","floor":8,"turns":6},{"damage":0,"enemies":"Large Slime","floor":10,"turns":8},{"damage":18,"enemies":"3 Sentries","floor":11,"turns":8},{"damage":6,"enemies":"Exordium Thugs","floor":12,"turns":4},{"damage":3,"enemies":"Blue Slaver","floor":14,"turns":4},{"damage":21,"enemies":"Hexaghost","floor":16,"turns":13},{"damage":19,"enemies":"3 Byrds","floor":18,"turns":4},{"damage":16,"enemies":"Chosen","floor":21,"turns":5},{"damage":16,"enemies":"Snake Plant","floor":22,"turns":7},{"damage":34,"enemies":"Book of Stabbing","floor":25,"turns":7},{"damage":29,"enemies":"Centurion and Healer","floor":28,"turns":6},{"damage":28,"enemies":"Snecko","floor":31,"turns":7},{"damage":60,"enemies":"Automaton","floor":33,"turns":15},{"damage":30,"enemies":"3 Darklings","floor":35,"turns":8},{"damage":18,"enemies":"Orb Walker","floor":39,"turns":5},{"damage":25,"enemies":"3 Darklings","floor":41,"turns":5},{"damage":5,"enemies":"Spire Growth","floor":45,"turns":8},{"damage":54,"enemies":"Flame Bruiser 2 Orb","floor":48,"turns":6},{"damage":28,"enemies":"Donu and Deca","floor":50,"turns":8}],"event_choices":[{"event_name":"Vampires","player_choice":"Ignored","floor":20,"damage_taken":0},{"event_name":"The Library","player_choice":"Heal","floor":23,"damage_taken":0},{"event_name":"Golden Shrine","player_choice":"Pray","floor":30,"damage_taken":0},{"event_name":"Match and Keep!","player_choice":"0 cards matched","floor":36,"damage_taken":0},{"event_name":"Winding Halls","player_choice":"Embrace Madness","floor":37,"damage_taken":0},{"event_name":"Tomb of Lord Red Mask","player_choice":"Paid","floor":42,"damage_taken":0}],"boss_relics":[{"not_picked":["White Beast Statue","Velvet Choker"],"picked":"Inserter"},{"not_picked":["Sozu","Philosopher\u0027s Stone"],"picked":"Cursed Key"}],"potions_floor_spawned":[1,3,7,8,10,14,18,21,31,35,39,41],"seed_played":"3819170764364693526","ascension_level":0,"is_trial":false}