{"gold_per_floor":[317,335,346,357,91,366,366,395,447,447,2,15,15,48,48,151,151,171,151,4,4,22,22],"floor_reached":23,"playtime":1716,"items_purged":["Regret"],"score":279,"play_id":"305e47a2-386c-4dac-97e8-8bbb258c893f","local_time":"20181029033549","is_ascension_mode":true,"campfire_choices":[{"floor":7,"key":"REST"},{"data":"Acrobatics","floor":10,"key":"SMITH"},{"data":"Phantasmal Killer","floor":13,"key":"SMITH"},{"data":"Sucker Punch","floor":15,"key":"SMITH"}],"neow_cost":"NO_GOLD","seed_source_timestamp":1655902951567733,"circlet_count":0,"master_deck":["Defend_G","Defend_G","Defend_G","Defend_G","Defend_G","Strike_G","Strike_G","Strike_G","Strike_G","Strike_G","Survivor","Neutralize","Deflect","Quick Slash","Slice","Deflect","Acrobatics+1","Dash","Blur","Sucker Punch+1","Footwork","Phantasmal Killer+1","Predator","Night Terror","Flying Knee","Caltrops","Distraction","Deflect"],"relics":["Ring of the Snake","Old Coin","Blood Vial","Mummified Hand","Dream Catcher","Paper Crane","Lantern","Cursed Key"],"potions_floor_usage":[8,14,16,22,23],"damage_taken":[{"damage":8,"enemies":"Small Slimes","floor":1,"turns":4},{"damage":1,"enemies":"Cultist","floor":2,"turns":5},{"damage":0,"enemies":"2 Louse","floor":3,"turns":4},{"damage":14,"enemies":"Red Slaver","floor":4,"turns":6},{"damage":7,"enemies":"3 Sentries","floor":8,"turns":6},{"damage":0,"enemies":"2 Fungi Beasts","floor":12,"turns":4},{"damage":4,"enemies":"Gremlin Nob","floor":14,"turns":4},{"damage":15,"enemies":"Slime Boss","floor":16,"turns":15},{"damage":4,"enemies":"Shell Parasite","floor":18,"turns":7},{"damage":11,"enemies":"Spheric Guardian","floor":22,"turns":4},{"damage":48,"enemies":"Gremlin Leader","floor":23,"turns":10}],"seed_played":"-8332824462420761558","potions_obtained":[{"floor":1,"key":"PowerPotion"},{"floor":2,"key":"FearPotion"},{"floor":8,"key":"Fire Potion"},{"floor":14,"key":"SkillPotion"},{"floor":16,"key":"Ancient Potion"},{"floor":19,"key":"Fruit Juice"}],"is_trial":false,"path_per_floor":["M","M","M","M","$","?","R","E","T","R","$","M","R","E","R","B",null,"M","?","$","?","M"],"character_chosen":"THE_SILENT","items_purchased":["Acrobatics","Blood Vial","Dash","Paper Crane","Sucker Punch","Footwork","Caltrops","Distraction"],"campfire_rested":1,"item_purchase_floors":[5,5,5,11,11,11,20,20],"current_hp_per_floor":[55,54,54,40,40,40,61,56,56,56,56,58,58,56,56,43,63,61,61,61,61,57,11],"gold":22,"neow_bonus":"ONE_RARE_RELIC","is_prod":false,"is_daily":false,"chose_seed":false,"campfire_upgraded":3,"win_rate":0,"timestamp":1540798549,"path_taken":["M","M","M","M","$","?","R","E","T","R","$","M","R","E","R","BOSS","M","?","$","?","M","E"],"build_version":"2018-10-25v2","purchased_purges":1,"victory":false,"max_hp_per_floor":[70,70,70,70,70,70,70,70,70,70,70,70,70,70,70,70,70,70,70,70,70,75,75],"card_choices":[{"not_picked":["Distraction","PiercingWail"],"picked":"Deflect","floor":1},{"not_picked":["Sucker Punch","Cloak And Dagger"],"picked":"Quick Slash","floor":2},{"not_picked":["Riddle With Holes","Caltrops"],"picked":"Slice","floor":3},{"not_picked":["Catalyst","Flechettes"],"picked":"Deflect","floor":4},{"not_picked":["Finisher","Deflect"],"picked":"Blur","floor":8},{"not_picked":["Bane","Dagger Spray"],"picked":"Phantasmal Killer","floor":12},{"not_picked":["PiercingWail","Expertise"],"picked":"Predator","floor":14},{"not_picked":["Bullet Time","Burst"],"picked":"Night Terror","floor":16},{"not_picked":["Dagger Spray+1","Flechettes"],"picked":"Flying Knee","floor":18},{"not_picked":["Backstab+1","Setup+1"],"picked":"Deflect","floor":22}],"player_experience":303977,"relics_obtained":[{"floor":8,"key":"Mummified Hand"},{"floor":9,"key":"Dream Catcher"},{"floor":14,"key":"Lantern"}],"event_choices":[{"damage_healed":0,"gold_gain":275,"player_choice":"Desecrate","damage_taken":0,"max_hp_gain":0,"max_hp_loss":0,"event_name":"Golden Shrine","floor":6,"gold_loss":0,"cards_obtained":["Regret"]},{"damage_healed":0,"gold_gain":0,"player_choice":"Bought 1 Potion","damage_taken":0,"max_hp_gain":0,"max_hp_loss":0,"event_name":"The Woman in Blue","floor":19,"gold_loss":0},{"damage_healed":0,"gold_gain":0,"player_choice":"Ignored","damage_taken":0,"max_hp_gain":0,"max_hp_loss":0,"event_name":"Ghosts","floor":21,"gold_loss":0}],"is_beta":false,"boss_relics":[{"not_picked":["Ectoplasm","Astrolabe"],"picked":"Cursed Key"}],"items_purged_floors":[11],"is_endless":false,"potions_floor_spawned":[1,2,8,14,16],"killed_by":"Gremlin Leader","ascension_level":8}