{"path_per_floor":["M","M","M","?","M","R","M","R","T","M","$","R","?","?","R"],"character_chosen":"DEFECT","items_purchased":["Thunder Strike","Turbo"],"gold_per_floor":[115,132,143,143,164,164,188,188,188,203,12,12,12,12,12,12],"floor_reached":16,"campfire_rested":1,"playtime":736,"current_hp_per_floor":[38,38,38,38,18,40,35,35,35,21,21,21,21,39,39,0],"items_purged":[],"gold":12,"score":92,"play_id":"7278fd7d-b634-480a-81d1-ab7728a49f23","local_time":"20180504095316","is_prod":false,"is_daily":false,"chose_seed":false,"is_ascension_mode":false,"campfire_upgraded":3,"timestamp":1525395196,"path_taken":["M","M","M","?","M","R","M","R","T","M","$","R","?","?","R","BOSS"],"build_version":"2018-05-02","seed_source_timestamp":1851379697795191,"purchased_purges":0,"victory":false,"master_deck":["Strike_B","Strike_B","Strike_B","Strike_B","Defend_B","Defend_B","Defend_B","Defend_B","Zap","Dualcast","Capacitor+1","Go for the Eyes","Prime+1","Injury","White Noise","Skim","Ball Lightning","Thunder Strike+1","Turbo","Parasite"],"max_hp_per_floor":[75,75,75,75,75,75,75,75,75,75,75,75,75,75,75,75],"relics":["Cracked Core","Sundial","Golden Idol","Question Card"],"card_choices":[{"not_picked":["Streamline","Genetic Algorithm"],"picked":"Capacitor","floor":1},{"not_picked":["Beam Cell","Axe Kick"],"picked":"Go for the Eyes","floor":2},{"not_picked":["Double Energy","Turbo"],"picked":"Prime","floor":3},{"not_picked":["Turbo","Impulse"],"picked":"White Noise","floor":5},{"not_picked":["Axe Kick","Stack"],"picked":"Skim","floor":7},{"not_picked":["FTL","Hologram","Double Energy"],"picked":"Ball Lightning","floor":10}],"player_experience":23402,"potions_floor_usage":[16],"damage_taken":[{"damage":0,"enemies":"Cultist","floor":1,"turns":3},{"damage":0,"enemies":"2 Louse","floor":2,"turns":2},{"damage":0,"enemies":"Jaw Worm","floor":3,"turns":3},{"damage":20,"enemies":"Large Slime","floor":5,"turns":6},{"damage":5,"enemies":"Looter","floor":7,"turns":3},{"damage":14,"enemies":"2 Fungi Beasts","floor":10,"turns":4},{"damage":54,"enemies":"Slime Boss","floor":16,"turns":9}],"event_choices":[{"event_name":"Golden Idol","player_choice":"Take Wound","floor":4,"damage_taken":0},{"event_name":"The Cleric","player_choice":"Leave","floor":13,"damage_taken":0},{"event_name":"Mushrooms","player_choice":"Healed and dodged fight","floor":14,"damage_taken":0}],"boss_relics":[],"potions_floor_spawned":[3],"seed_played":"-6681232963327699490","killed_by":"Slime Boss","ascension_level":0,"is_trial":false}