{"gold_per_floor":[117,117,40,40,40,71,84,114,114,140,140,156,127,55,55,152,152,165,183,183,103,117,117,149,149,229,245,255,270,270,270,270,270],"floor_reached":33,"playtime":1020,"items_purged":[],"score":473,"play_id":"c9e72dcf-7ff5-4477-82f5-549c1cba1757","local_time":"20190827204657","is_ascension_mode":true,"campfire_choices":[{"data":"Defragment","floor":15.0,"key":"SMITH"},{"floor":23.0,"key":"REST"},{"floor":32.0,"key":"REST"}],"neow_cost":"NONE","seed_source_timestamp":0,"circlet_count":0,"master_deck":["Strike_B+1","Strike_B+1","Strike_B+1","Strike_B+1","Defend_B+1","Defend_B+1","Defend_B+1","Defend_B+1","Zap+1","Dualcast","White Noise","Capacitor","Coolheaded","Defragment+1","Hyperbeam","Ball Lightning","Doom and Gloom","Defragment","Creative AI","Loop","Loop","Defragment","Cold Snap","Leap+1","Conserve Battery","BootSequence","Defragment"],"special_seed":0,"relics":["Cracked Core","NeowsBlessing","Strawberry","Shuriken","Question Card","Mercury Hourglass","Symbiotic Virus","Orichalcum","Cables","Philosopher\u0027s Stone","Anchor","Kunai","Nunchaku"],"potions_floor_usage":[33],"damage_taken":[{"damage":0.0,"enemies":"Cultist","floor":1.0,"turns":1.0},{"damage":0.0,"enemies":"3 Sentries","floor":6.0,"turns":1.0},{"damage":0.0,"enemies":"2 Louse","floor":7.0,"turns":1.0},{"damage":16.0,"enemies":"Gremlin Nob","floor":8.0,"turns":4.0},{"damage":32.0,"enemies":"Lagavulin","floor":10.0,"turns":4.0},{"damage":0.0,"enemies":"Small Slimes","floor":12.0,"turns":2.0},{"damage":0.0,"enemies":"Slime Boss","floor":16.0,"turns":4.0},{"damage":18.0,"enemies":"Shell Parasite","floor":18.0,"turns":3.0},{"damage":19.0,"enemies":"2 Thieves","floor":19.0,"turns":2.0},{"damage":14.0,"enemies":"Shelled Parasite and Fungi","floor":22.0,"turns":4.0},{"damage":22.0,"enemies":"Gremlin Leader","floor":24.0,"turns":6.0},{"damage":0.0,"enemies":"3 Cultists","floor":27.0,"turns":2.0},{"damage":7.0,"enemies":"Snake Plant","floor":28.0,"turns":3.0},{"damage":0.0,"enemies":"Centurion and Healer","floor":29.0,"turns":2.0},{"damage":33,"enemies":"Collector","floor":33,"turns":5}],"seed_played":"7301041364415115496","potions_obtained":[{"floor":1.0,"key":"Weak Potion"},{"floor":6.0,"key":"PowerPotion"},{"floor":12.0,"key":"LiquidBronze"},{"floor":28.0,"key":"PowerPotion"},{"floor":29.0,"key":"Ancient Potion"}],"is_trial":false,"path_per_floor":["M","T","$","?","?","E","M","E","T","E","T","M","?","$","R","B",null,"M","M","?","$","M","R","E","?","T","M","M","M","?","T","R","B"],"character_chosen":"DEFECT","items_purchased":["Capacitor","Defragment","Defragment"],"campfire_rested":2,"item_purchase_floors":[3,14,21],"current_hp_per_floor":[75,82,82,57,57,57,57,41,41,9,9,9,9,9,9,9,64,46,27,27,27,13,37,15,15,15,15,8,8,8,8,32,0],"gold":270,"neow_bonus":"THREE_ENEMY_KILL","is_prod":false,"is_daily":false,"chose_seed":false,"campfire_upgraded":1,"win_rate":0,"timestamp":1566953217,"path_taken":["M","?","$","?","?","E","M","E","T","E","?","M","?","$","R","BOSS","M","M","?","$","M","R","E","?","T","?","M","?","?","?","R","BOSS"],"build_version":"2019-08-26","purchased_purges":0,"victory":false,"max_hp_per_floor":[75,82,82,82,82,82,82,82,82,82,82,82,82,82,82,82,82,82,82,82,82,82,82,82,82,82,82,82,82,82,82,82,82],"card_choices":[{"not_picked":["Beam Cell","Cold Snap"],"picked":"White Noise","floor":1.0},{"not_picked":["Stack","Leap"],"picked":"Coolheaded","floor":6.0},{"not_picked":["Hologram","Cold Snap","Redo"],"picked":"Defragment","floor":7.0},{"not_picked":["Lockon","Sweeping Beam","Heatsinks"],"picked":"Hyperbeam","floor":8.0},{"not_picked":["Tempest","Sunder","Streamline"],"picked":"Ball Lightning","floor":10.0},{"not_picked":["Beam Cell","Go for the Eyes","Steam"],"picked":"Doom and Gloom","floor":12.0},{"not_picked":["Electrodynamics","Amplify","Buffer"],"picked":"Creative AI","floor":16.0},{"not_picked":["Beam Cell","Reprogram","Conserve Battery"],"picked":"Loop","floor":18.0},{"not_picked":["Skim","Hello World","Barrage"],"picked":"Loop","floor":19.0},{"not_picked":["Barrage","Scrape","Redo"],"picked":"Cold Snap","floor":22.0},{"not_picked":["Chill","Loop","Turbo+1"],"picked":"Leap+1","floor":24.0},{"not_picked":["Barrage","Sweeping Beam","Compile Driver+1"],"picked":"Conserve Battery","floor":27.0},{"not_picked":["Double Energy","Meteor Strike","Streamline"],"picked":"BootSequence","floor":28.0},{"not_picked":["Capacitor","Coolheaded","Turbo"],"picked":"Defragment","floor":29.0}],"player_experience":104421,"relics_obtained":[{"floor":2.0,"key":"Strawberry"},{"floor":6.0,"key":"Question Card"},{"floor":8.0,"key":"Mercury Hourglass"},{"floor":9.0,"key":"Symbiotic Virus"},{"floor":10.0,"key":"Orichalcum"},{"floor":11.0,"key":"Cables"},{"floor":24.0,"key":"Anchor"},{"floor":26.0,"key":"Kunai"},{"floor":31.0,"key":"Nunchaku"}],"event_choices":[{"damage_healed":0.0,"max_hp_gain":0.0,"max_hp_loss":0.0,"gold_gain":0.0,"event_name":"Scrap Ooze","player_choice":"Success","floor":4.0,"gold_loss":0.0,"damage_taken":25.0,"relics_obtained":["Shuriken"]},{"damage_healed":0.0,"max_hp_gain":0.0,"max_hp_loss":0.0,"gold_gain":0.0,"event_name":"Living Wall","player_choice":"Grow","floor":5.0,"gold_loss":0.0,"damage_taken":0.0,"cards_upgraded":["Zap"]},{"damage_healed":0.0,"max_hp_gain":0.0,"max_hp_loss":0.0,"gold_gain":0.0,"event_name":"World of Goop","player_choice":"Left Gold","floor":13.0,"gold_loss":29.0,"damage_taken":0.0},{"damage_healed":0.0,"max_hp_gain":0.0,"max_hp_loss":0.0,"gold_gain":0.0,"event_name":"Back to Basics","player_choice":"Simplicity","floor":20.0,"gold_loss":0.0,"damage_taken":0.0,"cards_upgraded":["Strike_B","Strike_B","Strike_B","Strike_B","Defend_B","Defend_B","Defend_B","Defend_B"]},{"damage_healed":0.0,"max_hp_gain":0.0,"max_hp_loss":0.0,"gold_gain":0.0,"event_name":"Match and Keep!","player_choice":"0 cards matched","floor":25.0,"gold_loss":0.0,"damage_taken":0.0,"cards_obtained":[]},{"damage_healed":0.0,"max_hp_gain":0.0,"max_hp_loss":0.0,"gold_gain":0.0,"event_name":"Cursed Tome","player_choice":"Ignored","floor":30.0,"gold_loss":0.0,"damage_taken":0.0}],"is_beta":true,"boss_relics":[{"not_picked":["Runic Dome","Black Star"],"picked":"Philosopher\u0027s Stone"}],"items_purged_floors":[],"is_endless":false,"potions_floor_spawned":[1,6,12,16,18,19,28,29],"killed_by":"Collector","ascension_level":5}