{"path_per_floor":["M","M","M","M","M","E","R","$","T","M","?","?","M","M","R","B",null,"M","?","$","?","T","R","?","R","T","R","M","M","$","M","R","B",null,"M","?","M","?","$","R","$","M","T","E","R","M","M","M","R","B"],"character_chosen":"THE_SILENT","items_purchased":["Choke","Omamori","Dash","Thread and Needle","Vajra","Dash","Dodge and Roll","Caltrops","Deflect","Dash"],"gold_per_floor":[109,122,138,152,163,188,188,4,4,24,199,199,218,230,230,328,328,347,597,484,513,562,562,562,562,562,562,579,595,108,123,123,228,228,247,296,310,310,190,190,59,79,79,113,113,125,142,158,158,158],"floor_reached":51,"campfire_rested":3,"playtime":3987,"current_hp_per_floor":[70,70,68,67,58,33,33,33,33,30,30,18,15,10,31,17,70,59,59,59,43,43,43,43,43,43,43,42,36,36,36,36,8,70,70,58,51,51,51,51,51,51,51,21,42,42,42,28,49,22],"items_purged":["Strike_G"],"gold":158,"score":681,"play_id":"b6942246-2897-4f5e-94bb-1736eeb14650","local_time":"20180511153402","is_prod":false,"is_daily":false,"chose_seed":false,"is_ascension_mode":false,"campfire_upgraded":6,"timestamp":1526020442,"path_taken":["M","M","M","M","M","E","R","$","T","M","?","?","M","?","R","BOSS","M","?","$","?","?","R","?","R","T","R","M","M","$","M","R","BOSS","M","?","M","?","$","R","?","M","T","E","R","?","M","M","R","BOSS"],"build_version":"2018-05-10","seed_source_timestamp":160965180344519,"purchased_purges":1,"victory":true,"master_deck":["Defend_G","Defend_G","Defend_G","Defend_G","Defend_G","Strike_G","Strike_G","Survivor+1","Neutralize","Clumsy","Riddle With Holes+1","Setup+1","Riddle With Holes","Malaise+1","Backflip","Choke","Backstab","Setup+1","Outmaneuver","Adrenaline+1","Prepared","Dash+1","Crippling Poison","Skewer","Infinite Blades","Dash","Flying Knee+1","Burst+1","Cloak And Dagger+1","Dodge and Roll","Backflip+1","Dodge and Roll","Caltrops","Deflect","Dash","Quick Slash+1","Backflip+1","Caltrops+1","Deflect+1","Distraction+1"],"max_hp_per_floor":[70,70,70,70,70,70,70,70,70,70,70,70,70,70,70,70,70,70,70,70,70,70,70,70,70,70,70,70,70,70,70,70,70,70,70,70,70,70,70,70,70,70,70,70,70,70,70,70,70,70],"relics":["Ring of the Snake","Ice Cream","Bronze Scales","Omamori","Happy Flower","Pen Nib","Black Star","Red Mask","War Paint","Kunai","Thread and Needle","Vajra","Sozu","Ginger","The Courier","Shuriken","Toolbox"],"card_choices":[{"not_picked":["Bane","Blur"],"picked":"Riddle With Holes","floor":1},{"not_picked":["Bane","Sucker Punch"],"picked":"Setup","floor":2},{"not_picked":["Sucker Punch","Underhanded Strike"],"picked":"Riddle With Holes","floor":3},{"not_picked":["Predator","Die Die Die"],"picked":"Malaise","floor":4},{"not_picked":["Slice","All Out Attack"],"picked":"Backflip","floor":6},{"not_picked":["Dagger Throw","Sucker Punch"],"picked":"Backstab","floor":10},{"not_picked":["Dagger Spray","Sucker Punch"],"picked":"Setup","floor":13},{"not_picked":["Night Terror","Flying Knee"],"picked":"Outmaneuver","floor":14},{"not_picked":["Glass Knife","Venomology"],"picked":"Adrenaline","floor":16},{"not_picked":["Slice","Blur"],"picked":"Prepared","floor":18},{"not_picked":["Backflip","Slice"],"picked":"Skewer","floor":28},{"not_picked":["Quick Slash","Distraction"],"picked":"Infinite Blades","floor":29},{"not_picked":["Bane","Slice"],"picked":"Flying Knee","floor":31},{"not_picked":["Doppelganger","Die Die Die"],"picked":"Burst","floor":33},{"not_picked":["Dodge and Roll","Bane"],"picked":"Cloak And Dagger","floor":35},{"not_picked":["Acrobatics","Quick Slash"],"picked":"Dodge and Roll","floor":36},{"not_picked":["Predator","Blade Dance"],"picked":"Backflip","floor":37},{"not_picked":["PiercingWail","Bane"],"picked":"Quick Slash","floor":42},{"not_picked":["Underhanded Strike","Bouncing Flask"],"picked":"Backflip","floor":44},{"not_picked":["Prepared","Tools of the Trade"],"picked":"Caltrops","floor":46},{"not_picked":["Prepared","Masterful Stab"],"picked":"Deflect","floor":47},{"not_picked":["PiercingWail","Dagger Throw"],"picked":"Distraction","floor":48}],"player_experience":177372,"potions_floor_usage":[13,13,16,50,50,50],"damage_taken":[{"damage":0,"enemies":"Jaw Worm","floor":1,"turns":5},{"damage":0,"enemies":"Small Slimes","floor":2,"turns":4},{"damage":2,"enemies":"2 Louse","floor":3,"turns":4},{"damage":1,"enemies":"Exordium Wildlife","floor":4,"turns":3},{"damage":9,"enemies":"Large Slime","floor":5,"turns":7},{"damage":25,"enemies":"3 Sentries","floor":6,"turns":9},{"damage":3,"enemies":"Gremlin Gang","floor":10,"turns":7},{"damage":3,"enemies":"Lots of Slimes","floor":13,"turns":3},{"damage":5,"enemies":"Exordium Thugs","floor":14,"turns":4},{"damage":14,"enemies":"Hexaghost","floor":16,"turns":14},{"damage":11,"enemies":"Spheric Guardian","floor":18,"turns":4},{"damage":16,"enemies":"Masked Bandits","floor":21,"turns":4},{"damage":1,"enemies":"Shell Parasite","floor":28,"turns":4},{"damage":6,"enemies":"Centurion and Healer","floor":29,"turns":8},{"damage":0,"enemies":"Chosen and Byrds","floor":31,"turns":6},{"damage":28,"enemies":"Collector","floor":33,"turns":14},{"damage":0,"enemies":"Orb Walker","floor":35,"turns":2},{"damage":12,"enemies":"Mysterious Sphere","floor":36,"turns":5},{"damage":7,"enemies":"3 Shapes","floor":37,"turns":3},{"damage":0,"enemies":"3 Darklings","floor":42,"turns":7},{"damage":30,"enemies":"2 Orb Walkers","floor":44,"turns":6},{"damage":0,"enemies":"4 Shapes","floor":46,"turns":5},{"damage":0,"enemies":"Maw","floor":47,"turns":6},{"damage":14,"enemies":"3 Darklings","floor":48,"turns":7},{"damage":27,"enemies":"Donu and Deca","floor":50,"turns":12}],"event_choices":[{"event_name":"Liars Game","player_choice":"agreed","floor":11,"damage_taken":0},{"event_name":"Scrap Ooze","player_choice":"success","floor":12,"damage_taken":12},{"event_name":"Golden Shrine","player_choice":"Desecrate","floor":19,"damage_taken":0},{"event_name":"Masked Bandits","player_choice":"Fought over 484 gold","floor":21,"damage_taken":0},{"event_name":"Transmorgrifier","player_choice":"Transform","floor":24,"damage_taken":0},{"event_name":"Mysterious Sphere","player_choice":"Fight","floor":36,"damage_taken":0}],"boss_relics":[{"not_picked":["Orrery","Snecko Eye"],"picked":"Black Star"},{"not_picked":["Runic Pyramid","Cursed Key"],"picked":"Sozu"}],"potions_floor_spawned":[2,3,5,10,14,16,28,31,33,36,37,42,47,48],"seed_played":"8825934060186952505","ascension_level":0,"is_trial":false}