{"gold_per_floor":[117,4,4,20,39,39,56,91,91,91,103,128,128,203,203,280,280,295,295,312,312],"floor_reached":21,"playtime":857,"items_purged":["Clumsy"],"score":312,"play_id":"32d723c7-e948-4a76-ba15-2709a534c1e2","local_time":"20190915175616","is_ascension_mode":true,"campfire_choices":[{"data":"Consume","floor":6.0,"key":"SMITH"},{"data":"Creative AI","floor":10.0,"key":"SMITH"},{"floor":15.0,"key":"REST"}],"neow_cost":"CURSE","seed_source_timestamp":0,"circlet_count":0,"master_deck":["AscendersBane","Strike_B","Strike_B","Strike_B","Defend_B","Defend_B","Defend_B","Defend_B","Zap","Dualcast","Turbo","Consume+1","Compile Driver","Doom and Gloom","Steam","Creative AI+1","Melter","Buffer","Parasite","Biased Cognition","Self Repair"],"special_seed":0,"relics":["Cracked Core","Peace Pipe","Dead Branch","CaptainsWheel","Inserter"],"potions_floor_usage":[20],"damage_taken":[{"damage":0.0,"enemies":"Small Slimes","floor":1.0,"turns":3.0},{"damage":6.0,"enemies":"2 Louse","floor":4.0,"turns":3.0},{"damage":1.0,"enemies":"Cultist","floor":5.0,"turns":3.0},{"damage":3.0,"enemies":"2 Fungi Beasts","floor":7.0,"turns":4.0},{"damage":19.0,"enemies":"Lagavulin","floor":8.0,"turns":5.0},{"damage":16.0,"enemies":"Blue Slaver","floor":11.0,"turns":3.0},{"damage":25.0,"enemies":"Gremlin Nob","floor":12.0,"turns":4.0},{"damage":39.0,"enemies":"The Guardian","floor":16.0,"turns":11.0},{"damage":47.0,"enemies":"3 Byrds","floor":18.0,"turns":5.0},{"damage":11,"enemies":"Spheric Guardian","floor":20,"turns":4},{"damage":32,"enemies":"Snake Plant","floor":21,"turns":2}],"seed_played":"8449087487377319788","potions_obtained":[{"floor":4.0,"key":"Explosive Potion"},{"floor":5.0,"key":"FearPotion"},{"floor":7.0,"key":"Regen Potion"},{"floor":12.0,"key":"Regen Potion"}],"is_trial":false,"path_per_floor":["M","$","?","M","M","R","M","E","T","R","M","E","?","?","R","B",null,"M","$","M","M"],"character_chosen":"DEFECT","items_purchased":["Consume"],"campfire_rested":1,"item_purchase_floors":[2],"current_hp_per_floor":[82,82,75,69,68,68,65,46,46,46,39,14,36,28,54,15,71,24,24,32,0],"gold":312,"neow_bonus":"TWENTY_PERCENT_HP_BONUS","is_prod":false,"is_daily":false,"chose_seed":false,"campfire_upgraded":2,"win_rate":0,"timestamp":1568584576,"path_taken":["M","$","?","M","M","R","M","E","T","R","M","E","?","?","R","BOSS","M","$","?","M"],"build_version":"2019-09-12","purchased_purges":1,"victory":false,"max_hp_per_floor":[89,89,89,89,89,89,89,89,89,89,89,89,89,89,89,89,89,89,89,89,89],"card_choices":[{"not_picked":["Tempest","Sweeping Beam"],"picked":"Turbo","floor":1.0},{"not_picked":["Barrage","Aggregate"],"picked":"Compile Driver","floor":4.0},{"not_picked":["Reprogram","Auto Shields"],"picked":"Doom and Gloom","floor":5.0},{"not_picked":["Stack","Fusion"],"picked":"Steam","floor":7.0},{"not_picked":["Loop","Hologram"],"picked":"Creative AI","floor":8.0},{"not_picked":["Compile Driver","Coolheaded"],"picked":"Melter","floor":11.0},{"not_picked":["Blizzard","Conserve Battery"],"picked":"Buffer","floor":12.0},{"not_picked":["Amplify","Hyperbeam"],"picked":"Biased Cognition","floor":16.0},{"not_picked":["Sweeping Beam","Beam Cell"],"picked":"Self Repair","floor":18.0},{"not_picked":["Sweeping Beam","Darkness","Redo"],"picked":"SKIP","floor":20}],"player_experience":436773,"relics_obtained":[{"floor":8.0,"key":"Peace Pipe"},{"floor":9.0,"key":"Dead Branch"},{"floor":12.0,"key":"CaptainsWheel"}],"event_choices":[{"cards_removed":["Strike_B"],"damage_healed":0.0,"max_hp_gain":0.0,"max_hp_loss":0.0,"gold_gain":0.0,"event_name":"Golden Wing","player_choice":"Card Removal","floor":3.0,"gold_loss":0.0,"damage_taken":7.0},{"damage_healed":22.0,"max_hp_gain":0.0,"max_hp_loss":0.0,"gold_gain":0.0,"event_name":"Mushrooms","player_choice":"Healed and dodged fight","floor":13.0,"gold_loss":0.0,"damage_taken":0.0,"cards_obtained":["Parasite"]},{"damage_healed":0.0,"max_hp_gain":0.0,"max_hp_loss":0.0,"gold_gain":75.0,"event_name":"FaceTrader","player_choice":"Touch","floor":14.0,"gold_loss":0.0,"damage_taken":8.0}],"is_beta":true,"boss_relics":[{"not_picked":["Runic Dome","Calling Bell"],"picked":"Inserter"}],"items_purged_floors":[2],"is_endless":false,"potions_floor_spawned":[4,5,7,12],"killed_by":"Snake Plant","ascension_level":13}