{"gold_per_floor":[112,130,130,105,125,125,144,157,157,157,157,170,170,185,185,256,256,272,117,117,136,136,166,166,166,193,210,210,223,223,243,243,321,321,338,82,82,82,101,101,131,131,154,168,194,194,214,66,66,66],"floor_reached":50,"playtime":2736,"items_purged":["Decay"],"score":870,"play_id":"bd85a01d-1a6e-4f34-aba5-6bb9abcf2f66","local_time":"20190919154729","is_ascension_mode":true,"campfire_choices":[{"data":"Sunder","floor":6,"key":"SMITH"},{"data":"Go for the Eyes","floor":11,"key":"SMITH"},{"floor":13,"key":"REST"},{"data":"Seek","floor":15,"key":"SMITH"},{"floor":24,"key":"REST"},{"floor":28,"key":"REST"},{"floor":32,"key":"REST"},{"floor":40,"key":"REST"},{"floor":46,"key":"REST"},{"floor":49,"key":"REST"}],"neow_cost":"NONE","seed_source_timestamp":79741693970327,"circlet_count":0,"master_deck":["AscendersBane","Strike_B","Strike_B","Defend_B","Defend_B","Defend_B","Zap","Dualcast","White Noise","Sunder+1","Ball Lightning","Chill","Leap","Go for the Eyes+1","Seek+1","Reboot","Cold Snap","Undo","Rebound","Ball Lightning","Seek","Electrodynamics","Loop","Madness","Madness","Chrysalis","Sweeping Beam+1","Creative AI","Stack","Reboot","Compile Driver+1"],"relics":["Empty Cage","CultistMask","Letter Opener","Nuclear Battery","DataDisk","Question Card","Nilry\u0027s Codex","Lantern","Cursed Key","Pear","Darkstone Periapt","MealTicket","Anchor"],"potions_floor_usage":[18,18,23,41],"damage_taken":[{"damage":6,"enemies":"2 Louse","floor":1,"turns":2},{"damage":6,"enemies":"Cultist","floor":2,"turns":4},{"damage":9,"enemies":"Small Slimes","floor":5,"turns":3},{"damage":19,"enemies":"Looter","floor":7,"turns":3},{"damage":0,"enemies":"2 Fungi Beasts","floor":8,"turns":2},{"damage":0,"enemies":"Lots of Slimes","floor":12,"turns":3},{"damage":0,"enemies":"Large Slime","floor":14,"turns":4},{"damage":34,"enemies":"The Guardian","floor":16,"turns":9},{"damage":18,"enemies":"Chosen","floor":18,"turns":5},{"damage":7,"enemies":"3 Byrds","floor":21,"turns":4},{"damage":21,"enemies":"Book of Stabbing","floor":23,"turns":5},{"damage":4,"enemies":"3 Cultists","floor":27,"turns":4},{"damage":14,"enemies":"Snecko","floor":29,"turns":6},{"damage":12,"enemies":"Centurion and Healer","floor":31,"turns":7},{"damage":47,"enemies":"Automaton","floor":33,"turns":14},{"damage":0,"enemies":"3 Darklings","floor":35,"turns":5},{"damage":0,"enemies":"3 Shapes","floor":39,"turns":3},{"damage":16,"enemies":"Reptomancer","floor":41,"turns":7},{"damage":22,"enemies":"3 Darklings","floor":44,"turns":3},{"damage":33,"enemies":"Nemesis","floor":45,"turns":9},{"damage":32,"enemies":"Writhing Mass","floor":47,"turns":9},{"damage":52,"enemies":"Time Eater","floor":50,"turns":3}],"seed_played":"3832510665106162111","potions_obtained":[{"floor":1,"key":"Weak Potion"},{"floor":8,"key":"EssenceOfSteel"},{"floor":18,"key":"AttackPotion"},{"floor":27,"key":"Block Potion"},{"floor":31,"key":"Weak Potion"},{"floor":39,"key":"EntropicBrew"},{"floor":45,"key":"EntropicBrew"}],"is_trial":false,"path_per_floor":["M","M","?","$","M","R","M","M","T","?","R","M","R","M","R","B",null,"M","$","?","M","$","E","R","?","T","M","R","M","?","M","R","B",null,"M","$","?","?","M","R","E","?","T","M","E","R","M","$","R","B"],"character_chosen":"DEFECT","items_purchased":["Ball Lightning","DataDisk","Pear","DuplicationPotion"],"campfire_rested":7,"item_purchase_floors":[4,19,36,48],"current_hp_per_floor":[58,52,52,52,43,43,24,24,24,24,24,24,45,45,45,11,56,38,38,61,54,54,33,54,38,38,34,55,41,71,59,71,24,59,59,69,59,59,59,81,65,65,71,49,16,42,10,25,51,0],"gold":66,"neow_bonus":"BOSS_RELIC","is_prod":false,"is_daily":false,"chose_seed":false,"campfire_upgraded":3,"win_rate":0,"timestamp":1568922449,"path_taken":["M","M","?","$","?","R","M","M","T","?","R","M","R","M","R","BOSS","M","?","?","M","$","E","R","?","T","M","R","M","?","?","R","BOSS","M","$","?","?","M","R","E","?","T","M","E","R","?","$","R","BOSS"],"build_version":"2019-09-18","purchased_purges":1,"victory":false,"max_hp_per_floor":[71,71,71,71,71,71,71,71,71,71,71,71,71,71,71,71,71,71,71,71,71,71,71,71,71,71,71,71,71,71,71,71,71,71,71,81,81,81,81,81,81,81,87,87,87,87,87,87,87,87],"card_choices":[{"not_picked":["Reprogram","Force Field"],"picked":"White Noise","floor":1},{"not_picked":["Sweeping Beam","Beam Cell"],"picked":"Sunder","floor":2},{"not_picked":["Redo","Rip and Tear"],"picked":"Chill","floor":5},{"not_picked":["Heatsinks","Go for the Eyes"],"picked":"Leap","floor":7},{"not_picked":["Reinforced Body","FTL"],"picked":"Go for the Eyes","floor":8},{"not_picked":["Gash","Auto Shields"],"picked":"Seek","floor":12},{"not_picked":["Force Field","Reinforced Body"],"picked":"Coolheaded","floor":14},{"not_picked":["All For One","Hyperbeam"],"picked":"Reboot","floor":16},{"not_picked":["Compile Driver","Coolheaded"],"picked":"Steam Power+1","floor":18},{"not_picked":["Recycle","Go for the Eyes"],"picked":"Cold Snap","floor":21},{"not_picked":["Leap","Coolheaded"],"picked":"Undo","floor":23},{"not_picked":["Blizzard","Compile Driver","Fusion"],"picked":"Rebound","floor":27},{"not_picked":["Reinforced Body","Darkness","Turbo"],"picked":"Ball Lightning","floor":29},{"not_picked":["Steam","BootSequence","Beam Cell"],"picked":"Seek","floor":31},{"not_picked":["Seek","Buffer","Machine Learning"],"picked":"Electrodynamics","floor":33},{"not_picked":["Rebound","Force Field","Conserve Battery"],"picked":"Loop","floor":35},{"not_picked":["Dark Shackles","Purity","Magnetism"],"picked":"Chrysalis","floor":38},{"not_picked":["Steam Power","Steam","Turbo"],"picked":"Sweeping Beam+1","floor":39},{"not_picked":["Hologram","Cold Snap","Static Discharge"],"picked":"Creative AI","floor":41},{"not_picked":["Hologram","Gash","Self Repair"],"picked":"Stack","floor":44},{"not_picked":["Heatsinks+1","Rebound+1","Hello World"],"picked":"Reboot","floor":45},{"not_picked":["Rebound","Streamline","Gash+1"],"picked":"Compile Driver+1","floor":47}],"player_experience":570426,"relics_obtained":[{"floor":9,"key":"Letter Opener"},{"floor":23,"key":"Question Card"},{"floor":25,"key":"Nilry\u0027s Codex"},{"floor":26,"key":"Lantern"},{"floor":41,"key":"Darkstone Periapt"},{"floor":43,"key":"MealTicket"},{"floor":45,"key":"Anchor"}],"event_choices":[{"damage_healed":0,"gold_gain":0,"player_choice":"Trade","damage_taken":0,"relics_obtained":["CultistMask"],"max_hp_gain":0,"max_hp_loss":0,"event_name":"FaceTrader","floor":3,"gold_loss":0},{"cards_removed":["Strike_B"],"damage_healed":0,"gold_gain":0,"player_choice":"Purged","damage_taken":0,"max_hp_gain":0,"max_hp_loss":0,"event_name":"Purifier","floor":10,"gold_loss":0},{"damage_healed":23,"gold_gain":0,"player_choice":"Heal","damage_taken":0,"max_hp_gain":0,"max_hp_loss":0,"event_name":"The Library","floor":20,"gold_loss":0},{"damage_healed":0,"gold_gain":0,"player_choice":"Obtained Book","damage_taken":16,"max_hp_gain":0,"max_hp_loss":0,"event_name":"Cursed Tome","floor":25,"gold_loss":0},{"cards_removed":["Steam Power"],"damage_healed":30,"gold_gain":0,"player_choice":"Offered Uncommon","damage_taken":0,"max_hp_gain":0,"max_hp_loss":0,"event_name":"Bonfire Elementals","floor":30,"gold_loss":0},{"damage_healed":0,"gold_gain":0,"player_choice":"Embrace Madness","damage_taken":10,"max_hp_gain":0,"max_hp_loss":0,"event_name":"Winding Halls","floor":37,"gold_loss":0,"cards_obtained":["Madness","Madness"]},{"damage_healed":0,"gold_gain":0,"player_choice":"Memory 1","damage_taken":0,"max_hp_gain":0,"max_hp_loss":0,"event_name":"SensoryStone","floor":38,"gold_loss":0},{"cards_removed":["Coolheaded"],"damage_healed":0,"gold_gain":0,"player_choice":"Removed Skill","damage_taken":0,"max_hp_gain":0,"max_hp_loss":0,"event_name":"Falling","floor":42,"gold_loss":0}],"is_beta":true,"boss_relics":[{"not_picked":["Fusion Hammer","Runic Dome"],"picked":"Nuclear Battery"},{"not_picked":["Calling Bell","Black Star"],"picked":"Cursed Key"}],"items_purged_floors":[48],"is_endless":false,"potions_floor_spawned":[1,8,12,18,27,31,33,39,45],"killed_by":"Time Eater","ascension_level":14}