{"path_per_floor":["M","?","M","M","?","E","R","E","T","M","E","?","M","$","R","B",null,"M","?","M","M","$","E","M","R","T","E","R","M","E","M","R","B",null,"M","?","?","M","T","E","R","M","T","M","$"],"character_chosen":"IRONCLAD","items_purchased":["Oddly Smooth Stone","Good Instincts","Feel No Pain","Finesse","Apotheosis","Paper Frog","Pommel Strike"],"gold_per_floor":[109,109,129,149,149,176,176,211,211,221,252,252,271,33,33,131,131,151,151,162,174,12,47,67,67,90,116,116,133,164,176,176,281,281,298,298,298,310,310,339,339,357,357,367,6,6],"floor_reached":46,"campfire_rested":6,"playtime":2968,"current_hp_per_floor":[71,64,57,56,56,15,39,35,35,28,22,22,22,22,46,33,80,72,72,60,39,39,21,21,45,45,16,40,40,28,22,46,12,80,55,55,55,39,39,28,52,43,43,12,12,12],"items_purged":[],"gold":6,"score":608,"play_id":"8575669c-8daf-4600-93a1-9e591307c17f","local_time":"20180324075951","is_prod":false,"is_daily":false,"is_ascension_mode":true,"campfire_upgraded":0,"timestamp":1521845991,"path_taken":["M","?","?","M","?","E","R","E","T","?","E","?","M","$","R","BOSS","M","?","M","M","$","E","M","R","T","E","R","M","E","?","R","BOSS","M","?","?","M","?","E","R","M","T","?","$","E"],"build_version":"2018-03-22v2","purchased_purges":0,"victory":false,"master_deck":["Strike_R","Strike_R","Strike_R","Defend_R","Defend_R","Defend_R","Defend_R","Bash","Wild Strike","Flame Barrier","Second Wind","Burning Pact","Iron Wave+1","Wild Strike+1","Inflame","Evolve","Good Instincts","Juggernaut","Rampage+1","Whirlwind+1","Pommel Strike+1","Sword Boomerang+1","Feel No Pain","Finesse","Sever Soul+1","Wild Strike+1","Anger+1","Carnage+1","True Grit+1","Anger+1","Dark Embrace","Rage+1","Carnage+1","Metallicize+1","Disarm+1","Writhe","Disarm+1","Apotheosis","Pommel Strike+1"],"max_hp_per_floor":[80,80,80,80,80,80,80,80,80,80,80,80,80,80,80,80,80,80,80,80,80,80,80,80,80,80,80,80,80,80,80,80,80,80,80,80,80,80,80,80,80,80,80,80,80,80],"relics":["White Beast Statue","Kunai","Red Skull","Molten Egg 2","Shovel","Calipers","Oddly Smooth Stone","Cursed Key","Omamori","Ancient Tea Set","Dodecahedron","The Courier","Philosopher\u0027s Stone","Shuriken","Thread and Needle","Bottled Flame","Paper Frog"],"card_choices":[{"not_picked":["Heavy Blade","Headbutt"],"picked":"Wild Strike","floor":1},{"not_picked":["Heavy Blade","Perfected Strike"],"picked":"Flame Barrier","floor":3},{"not_picked":["Seeing Red","Fiend Fire"],"picked":"Second Wind","floor":4},{"not_picked":["Dark Embrace","Cleave"],"picked":"Burning Pact","floor":6},{"not_picked":["Body Slam","True Grit"],"picked":"Iron Wave","floor":8},{"not_picked":["Entrench","Brutality"],"picked":"Wild Strike","floor":10},{"not_picked":["Armaments","Seeing Red"],"picked":"Inflame","floor":11},{"not_picked":["Shrug It Off","Cleave"],"picked":"Evolve","floor":13},{"not_picked":["Fiend Fire","Limit Break"],"picked":"Juggernaut","floor":16},{"not_picked":["Rupture","Cleave"],"picked":"Rampage","floor":18},{"not_picked":["Battle Trance","Reckless Charge"],"picked":"Pommel Strike","floor":20},{"not_picked":["Sever Soul","Heavy Blade"],"picked":"Sword Boomerang","floor":21},{"not_picked":["Hemokinesis","Dropkick"],"picked":"Sever Soul","floor":23},{"not_picked":["Sever Soul","True Grit"],"picked":"Wild Strike","floor":24},{"not_picked":["Sword Boomerang","Twin Strike"],"picked":"Anger","floor":27},{"not_picked":["Hemokinesis","Clash"],"picked":"Carnage","floor":29},{"not_picked":["Warcry","Sword Boomerang"],"picked":"True Grit","floor":30},{"not_picked":["True Grit","Thunderclap"],"picked":"Anger","floor":31},{"not_picked":["Feed","Bludgeon"],"picked":"Dark Embrace","floor":33},{"not_picked":["Fire Breathing","Bloodletting"],"picked":"Rage","floor":35},{"not_picked":["Armaments","Twin Strike"],"picked":"Carnage","floor":38},{"not_picked":["Seeing Red","Inflame"],"picked":"Metallicize","floor":40},{"not_picked":["Anger","Dual Wield"],"picked":"Disarm","floor":42},{"not_picked":["Twin Strike","Clash"],"picked":"Disarm","floor":44}],"player_experience":76626,"potions_floor_usage":[4,6,10,11,11,16,18,20,21,23,24,27,27,27,30,31,33,33,40,40,42,46],"damage_taken":[{"damage":9,"enemies":"Jaw Worm","floor":1,"turns":3},{"damage":7,"enemies":"Small Slimes","floor":3,"turns":3},{"damage":1,"enemies":"Cultist","floor":4,"turns":3},{"damage":41,"enemies":"Lagavulin","floor":6,"turns":9},{"damage":4,"enemies":"Gremlin Nob","floor":8,"turns":4},{"damage":7,"enemies":"Blue Slaver","floor":10,"turns":2},{"damage":6,"enemies":"Lagavulin","floor":11,"turns":5},{"damage":0,"enemies":"Exordium Thugs","floor":13,"turns":4},{"damage":13,"enemies":"Hexaghost","floor":16,"turns":13},{"damage":8,"enemies":"Spheric Guardian","floor":18,"turns":4},{"damage":12,"enemies":"Chosen","floor":20,"turns":6},{"damage":33,"enemies":"Snake Plant","floor":21,"turns":5},{"damage":18,"enemies":"Gremlin Leader","floor":23,"turns":5},{"damage":0,"enemies":"Sentry and Sphere","floor":24,"turns":3},{"damage":29,"enemies":"Slavers","floor":27,"turns":3},{"damage":0,"enemies":"Snecko","floor":29,"turns":3},{"damage":24,"enemies":"Book of Stabbing","floor":30,"turns":5},{"damage":6,"enemies":"Chosen and Byrds","floor":31,"turns":4},{"damage":34,"enemies":"Collector","floor":33,"turns":9},{"damage":25,"enemies":"Orb Walker","floor":35,"turns":3},{"damage":16,"enemies":"3 Shapes","floor":38,"turns":2},{"damage":11,"enemies":"Nemesis","floor":40,"turns":5},{"damage":9,"enemies":"3 Darklings","floor":42,"turns":4},{"damage":31,"enemies":"Maw","floor":44,"turns":7},{"damage":0,"enemies":"2 Orb Walkers","floor":46,"turns":1}],"event_choices":[{"event_name":"Golden Wing","player_choice":"Card Removal","floor":2,"damage_taken":0},{"event_name":"Accursed Blacksmith","player_choice":"Rummage","floor":5,"damage_taken":0},{"event_name":"Bonfire Elementals","player_choice":"BASIC","floor":12,"damage_taken":0},{"event_name":"The Library","player_choice":"Read","floor":19,"damage_taken":0},{"event_name":"Mysterious Sphere","player_choice":"Ignore","floor":36,"damage_taken":0},{"event_name":"Tomb of Lord Red Mask","player_choice":"Ignored","floor":37,"damage_taken":0}],"boss_relics":[{"not_picked":["Calling Bell","Pandora\u0027s Box"],"picked":"Cursed Key"},{"not_picked":["Tiny House","Astrolabe"],"picked":"Philosopher\u0027s Stone"}],"potions_floor_spawned":[1,3,4,6,8,10,11,13,16,18,20,21,23,24,27,29,30,31,33,35,38,40,42,44],"seed_played":"-5610569562268074074","killed_by":"2 Orb Walkers","ascension_level":2,"is_trial":false}