{"gold_per_floor":[118,134,134,148,166,166,194,51,51,61,74,74,74,59,59,59],"floor_reached":16,"playtime":394,"items_purged":["Strike_R"],"score":120,"play_id":"e13a0bd3-86bc-406b-bbc2-dc7408795e3e","local_time":"20190414184234","is_ascension_mode":true,"campfire_choices":[{"data":"Whirlwind","floor":6,"key":"SMITH"},{"floor":13,"key":"REST"},{"floor":15,"key":"REST"}],"neow_cost":"CURSE","seed_source_timestamp":72783063805700,"circlet_count":0,"master_deck":["Strike_R","Strike_R+1","Strike_R","Defend_R","Defend_R","Defend_R","Bash+1","Writhe","Pommel Strike","Whirlwind+1","Ghostly Armor","Seeing Red","Metallicize","Injury"],"relics":["Burning Blood","Whetstone","Sundial","Golden Idol"],"potions_floor_usage":[16,16],"damage_taken":[{"damage":7,"enemies":"Jaw Worm","floor":1,"turns":3},{"damage":6,"enemies":"Cultist","floor":2,"turns":3},{"damage":1,"enemies":"2 Louse","floor":4,"turns":2},{"damage":12,"enemies":"Looter","floor":5,"turns":3},{"damage":60,"enemies":"Lagavulin","floor":7,"turns":7},{"damage":10,"enemies":"Lots of Slimes","floor":10,"turns":2},{"damage":8,"enemies":"Blue Slaver","floor":11,"turns":4},{"damage":36,"enemies":"Exordium Thugs","floor":14,"turns":4},{"damage":32,"enemies":"The Guardian","floor":16,"turns":11}],"seed_played":"-9036276664852484907","potions_obtained":[{"floor":4,"key":"Block Potion"},{"floor":5,"key":"Dexterity Potion"}],"is_trial":false,"path_per_floor":["M","M","?","M","M","R","E","$","T","M","M","?","R","M","R","B"],"character_chosen":"IRONCLAD","items_purchased":["Metallicize"],"campfire_rested":2,"item_purchase_floors":[8],"current_hp_per_floor":[79,79,79,80,74,74,20,20,20,16,14,14,38,8,32,0],"gold":59,"neow_bonus":"TRANSFORM_TWO_CARDS","is_prod":false,"is_daily":false,"chose_seed":false,"campfire_upgraded":1,"win_rate":0,"timestamp":1555263754,"path_taken":["M","M","?","?","M","R","E","$","T","M","M","?","R","M","R","BOSS"],"build_version":"2019-01-23","purchased_purges":1,"victory":false,"max_hp_per_floor":[80,80,80,80,80,80,80,80,80,80,80,80,80,80,80,80],"card_choices":[{"not_picked":["Havoc","Shrug It Off"],"picked":"Ghostly Armor","floor":1},{"not_picked":["Pommel Strike","Twin Strike","Cleave"],"picked":"SKIP","floor":2},{"not_picked":["Clothesline","Thunderclap","Sword Boomerang"],"picked":"SKIP","floor":4},{"not_picked":["Clash","Heavy Blade","Fire Breathing"],"picked":"SKIP","floor":5},{"not_picked":["Thunderclap","Body Slam"],"picked":"Seeing Red","floor":7},{"not_picked":["Headbutt","Carnage","Thunderclap"],"picked":"SKIP","floor":10},{"not_picked":["Brutality","Wild Strike","Entrench"],"picked":"SKIP","floor":11},{"not_picked":["Cleave","Burning Pact","Reckless Charge"],"picked":"SKIP","floor":14}],"player_experience":26544,"relics_obtained":[{"floor":7,"key":"Whetstone"},{"floor":9,"key":"Sundial"}],"event_choices":[{"damage_healed":0,"gold_gain":0,"player_choice":"Bought 0 Potions","damage_taken":0,"max_hp_gain":0,"max_hp_loss":0,"event_name":"The Woman in Blue","floor":3,"gold_loss":0},{"damage_healed":0,"gold_gain":0,"player_choice":"Take Wound","damage_taken":0,"relics_obtained":["Golden Idol"],"max_hp_gain":0,"max_hp_loss":0,"event_name":"Golden Idol","floor":12,"gold_loss":0,"cards_obtained":["Injury"]}],"is_beta":false,"boss_relics":[],"items_purged_floors":[8],"is_endless":false,"potions_floor_spawned":[4,5],"killed_by":"The Guardian","ascension_level":3}