{"path_per_floor":["M","?","?","M","M","E","R","?","T","E","R","M","$","M","R","B",null,"M","M","?","?","M","R","?","R","T","R","$","M","M","M","R","B",null,"M","?","M","?","M","M","R","M","T","R","$","M","R","M","R"],"character_chosen":"DEFECT","items_purchased":["Capacitor","Question Card","Chaos","Darkness","Axe Kick","Go for the Eyes"],"gold_per_floor":[114,114,189,204,223,267,267,267,267,305,305,320,22,36,36,155,155,139,152,77,77,92,92,92,92,92,92,22,33,47,64,64,163,163,174,174,189,189,203,223,223,235,235,235,51,71,71,88,88,88],"floor_reached":50,"campfire_rested":6,"playtime":3670,"current_hp_per_floor":[73,55,44,43,43,15,37,37,37,13,50,43,43,39,39,13,75,42,23,23,23,15,52,52,52,52,52,52,53,37,19,56,11,75,44,44,34,34,44,41,41,12,12,49,49,64,64,45,75,0],"items_purged":[],"gold":88,"score":481,"play_id":"f216aaaa-ca5e-4a14-883e-95ed1f3d55fa","local_time":"20180428204441","is_prod":false,"is_daily":false,"chose_seed":false,"is_ascension_mode":false,"campfire_upgraded":5,"timestamp":1524915881,"path_taken":["M","?","?","M","M","E","R","?","T","E","R","M","$","M","R","BOSS","M","M","?","?","M","R","?","R","T","R","?","?","M","M","R","BOSS","M","?","M","?","M","M","R","M","T","R","$","M","R","M","R","BOSS"],"build_version":"2018-04-27v3","seed_source_timestamp":1369126502380081,"purchased_purges":0,"victory":false,"master_deck":["Defend_B","Defend_B","Defend_B","Defend_B","Zap","Dualcast","Cold Snap","Storm+1","Ball Lightning","Capacitor+1","Glacier","Blaster","Capacitor","Streamline","Fission+1","Impulse","Creative AI+1","Self Repair+1","Chaos+1","Conserve Battery","Barrage","Tempest","Creative AI","FTL+1","Capacitor+1","Reprogram+1","Genetic Algorithm","Defragment+1","Panache","Storm+1","Aggregate","Go for the Eyes+1","Darkness+1","Axe Kick","Go for the Eyes","Chaos+1","All For One"],"max_hp_per_floor":[75,75,75,75,75,75,75,75,75,75,75,75,75,75,75,75,75,75,75,75,75,75,75,75,75,75,75,75,75,75,75,75,75,75,75,75,75,75,75,75,75,75,75,75,75,75,75,75,75,75],"relics":["Cracked Core","Bloody Idol","Mummified Hand","Regal Pillow","Pen Nib","Question Card","Sozu","Kunai","Astrolabe","Meat on the Bone"],"card_choices":[{"not_picked":["Ball Lightning","Scrape"],"picked":"Cold Snap","floor":1},{"not_picked":["Leap","Axe Kick"],"picked":"Storm","floor":4},{"not_picked":["Reinforced Body","Stack"],"picked":"Ball Lightning","floor":5},{"not_picked":["Loop","Chill"],"picked":"Capacitor","floor":6},{"not_picked":["Scrape","Storm"],"picked":"Glacier","floor":10},{"not_picked":["Genetic Algorithm","Go for the Eyes"],"picked":"Blaster","floor":12},{"not_picked":["Multi-Cast","Steam Power","Sweeping Beam"],"picked":"Streamline","floor":14},{"not_picked":["Redo","Thunder Strike","Prime"],"picked":"Fission","floor":16},{"not_picked":["Skim","Tempest","Sweeping Beam"],"picked":"Impulse","floor":18},{"not_picked":["Leap","Cold Snap","Ball Lightning"],"picked":"Creative AI","floor":19},{"not_picked":["Chill","Doom and Gloom","Capacitor"],"picked":"Self Repair","floor":22},{"not_picked":["Impulse","Streamline","Steam Power"],"picked":"Conserve Battery","floor":29},{"not_picked":["Genetic Algorithm","Melter","Reinforced Body"],"picked":"Barrage","floor":30},{"not_picked":["Sweeping Beam","Ball Lightning","Capacitor"],"picked":"Tempest","floor":31},{"not_picked":["Biased Cognition","Seek","Thunder Strike"],"picked":"Creative AI","floor":33},{"not_picked":["Axe Kick","Capacitor","Scrape"],"picked":"Genetic Algorithm","floor":35},{"not_picked":["Coolheaded","Cold Snap","Axe Kick"],"picked":"Defragment","floor":37},{"not_picked":["Trip","Enlightenment","Secret Weapon"],"picked":"Panache","floor":38},{"not_picked":["Doom and Gloom","Sweeping Beam","Capacitor"],"picked":"Storm","floor":39},{"not_picked":["Reinforced Body","Hologram","Ball Lightning"],"picked":"Aggregate","floor":40},{"not_picked":["Melter","White Noise","Hologram"],"picked":"Go for the Eyes","floor":42},{"not_picked":["Ball Lightning","FTL","Go for the Eyes"],"picked":"Chaos","floor":46},{"not_picked":["Go for the Eyes","Impulse","Capacitor"],"picked":"All For One","floor":48}],"player_experience":2315,"potions_floor_usage":[16,50,50],"damage_taken":[{"damage":2,"enemies":"Small Slimes","floor":1,"turns":4},{"damage":1,"enemies":"2 Louse","floor":4,"turns":3},{"damage":0,"enemies":"Cultist","floor":5,"turns":5},{"damage":28,"enemies":"Gremlin Nob","floor":6,"turns":4},{"damage":24,"enemies":"Lagavulin","floor":10,"turns":5},{"damage":7,"enemies":"Blue Slaver","floor":12,"turns":3},{"damage":4,"enemies":"Looter","floor":14,"turns":4},{"damage":26,"enemies":"Slime Boss","floor":16,"turns":10},{"damage":33,"enemies":"2 Thieves","floor":18,"turns":4},{"damage":19,"enemies":"Shell Parasite","floor":19,"turns":6},{"damage":8,"enemies":"Snecko","floor":22,"turns":4},{"damage":14,"enemies":"Snake Plant","floor":29,"turns":5},{"damage":31,"enemies":"Sentry and Sphere","floor":30,"turns":4},{"damage":33,"enemies":"Slaver and Parasite","floor":31,"turns":6},{"damage":50,"enemies":"Champ","floor":33,"turns":9},{"damage":46,"enemies":"3 Darklings","floor":35,"turns":7},{"damage":29,"enemies":"Flame Bruiser 1 Orb","floor":37,"turns":5},{"damage":5,"enemies":"Maw","floor":39,"turns":5},{"damage":8,"enemies":"4 Shapes","floor":40,"turns":4},{"damage":34,"enemies":"Sphere and 2 Shapes","floor":42,"turns":5},{"damage":12,"enemies":"Maw","floor":46,"turns":6},{"damage":46,"enemies":"3 Darklings","floor":48,"turns":4},{"damage":76,"enemies":"Awakened One","floor":50,"turns":5}],"event_choices":[{"event_name":"Golden Idol","player_choice":"Take Damage","floor":2,"damage_taken":0},{"event_name":"World of Goop","player_choice":"Gather Gold","floor":3,"damage_taken":0},{"event_name":"Upgrade Shrine","player_choice":"Upgraded","floor":8,"damage_taken":0},{"event_name":"Beggar","player_choice":"Gave Gold","floor":20,"damage_taken":0},{"event_name":"Vampires","player_choice":"Ignored","floor":21,"damage_taken":0},{"event_name":"Forgotten Altar","player_choice":"Gave Idol","floor":24,"damage_taken":0},{"event_name":"Mysterious Sphere","player_choice":"Ignore","floor":36,"damage_taken":0},{"event_name":"SensoryStone","player_choice":"Memory 1","floor":38,"damage_taken":0}],"boss_relics":[{"not_picked":["Velvet Choker","Ectoplasm"],"picked":"Sozu"},{"not_picked":["Eternal Feather","Calling Bell"],"picked":"Astrolabe"}],"potions_floor_spawned":[4,6,14,18,33,37,42,46],"seed_played":"-5081606771483451917","killed_by":"Awakened One","ascension_level":0,"is_trial":false}