{"path_per_floor":["M","?","T","?","M","R","E","R","T","?","$","M","R","M","R","B",null,"M","M"],"character_chosen":"THE_SILENT","items_purchased":["Flash of Steel","Backstab","Dodge and Roll"],"gold_per_floor":[112,112,112,187,203,203,228,228,276,276,15,32,32,42,42,138,138,151,171,171],"floor_reached":20,"campfire_rested":2,"playtime":1170,"current_hp_per_floor":[66,59,59,48,47,47,16,16,16,16,16,18,39,17,38,12,70,65,43,23],"items_purged":["Defend_G"],"gold":171,"score":189,"play_id":"e3d7a8ba-fd91-49d0-a4b7-9f7de8f05b61","local_time":"20180406175444","is_prod":false,"is_daily":false,"is_ascension_mode":true,"campfire_upgraded":0,"timestamp":1523004884,"path_taken":["M","?","?","?","?","R","E","R","T","?","?","M","R","M","R","BOSS","M","M","M"],"build_version":"2018-04-05v2","purchased_purges":1,"victory":false,"master_deck":["Defend_G","Defend_G","Defend_G","Strike_G","Strike_G","Strike_G","Strike_G","Survivor","Neutralize","Noxious Fumes","Deflect","Backstab","Flash of Steel","Backstab","Dodge and Roll","Envenom","Slice","Night Terror","Acrobatics+1","Dagger Throw"],"max_hp_per_floor":[70,70,70,70,70,70,70,70,70,70,70,70,70,70,70,70,70,70,70,70],"relics":["Ring of the Snake","Shovel","Omamori","Centennial Puzzle","Peace Pipe","Blood Vial","Runic Pyramid"],"card_choices":[{"not_picked":["Slice","Outmaneuver"],"picked":"Noxious Fumes","floor":1},{"not_picked":["Concentrate","Setup"],"picked":"Deflect","floor":5},{"not_picked":["Crippling Poison","PiercingWail"],"picked":"Backstab","floor":7},{"not_picked":["Dodge and Roll","Poisoned Stab"],"picked":"Envenom","floor":12},{"not_picked":["Well Laid Plans","Concentrate"],"picked":"Slice","floor":14},{"not_picked":["Corpse Explosion","Die Die Die"],"picked":"Night Terror","floor":16},{"not_picked":["Cloak And Dagger","Choke"],"picked":"Acrobatics","floor":18},{"not_picked":["Reflex","Acrobatics"],"picked":"Dagger Throw","floor":19}],"player_experience":142716,"potions_floor_usage":[16,19],"damage_taken":[{"damage":4,"enemies":"Small Slimes","floor":1,"turns":4},{"damage":1,"enemies":"2 Louse","floor":5,"turns":3},{"damage":31,"enemies":"Lagavulin","floor":7,"turns":11},{"damage":0,"enemies":"Cultist","floor":12,"turns":3},{"damage":24,"enemies":"Exordium Wildlife","floor":14,"turns":7},{"damage":43,"enemies":"Hexaghost","floor":16,"turns":10},{"damage":5,"enemies":"3 Byrds","floor":18,"turns":6},{"damage":24,"enemies":"2 Thieves","floor":19,"turns":4},{"damage":22,"enemies":"3 Cultists","floor":20,"turns":3}],"event_choices":[{"event_name":"Golden Wing","player_choice":"Card Removal","floor":2,"damage_taken":0},{"event_name":"World of Goop","player_choice":"Gather Gold","floor":4,"damage_taken":0},{"event_name":"Bonfire Elementals","player_choice":"BASIC","floor":10,"damage_taken":0}],"boss_relics":[{"not_picked":["Philosopher\u0027s Stone","Pandora\u0027s Box"],"picked":"Runic Pyramid"}],"potions_floor_spawned":[7,16,18],"seed_played":"5827132324964200156","killed_by":"3 Cultists","ascension_level":2,"is_trial":false}