{"gold_per_floor":[118,68,86,86,97,97,122,142,167,201,201,215,243,262,262,360,360,372,67,84,100,100,100,111,111,134,59,158,58,77,111,111,207,207,220,320,332,379,379,379,395,408,408,408,75,75,75,93,93,93],"floor_reached":50,"playtime":4707,"items_purged":["Defend_B","Strike_B","Strike_B"],"score":507,"play_id":"c7a715ba-85ff-4d54-af30-5fb33447e5bc","local_time":"20190814003312","is_ascension_mode":false,"campfire_choices":[{"data":"White Noise","floor":6,"key":"SMITH"},{"floor":11,"key":"REST"},{"floor":15,"key":"REST"},{"floor":23,"key":"REST"},{"floor":32,"key":"REST"},{"floor":40,"key":"REST"},{"floor":44,"key":"REST"},{"data":"Echo Form","floor":46,"key":"SMITH"},{"data":"Buffer","floor":49,"key":"SMITH"}],"neow_cost":"TEN_PERCENT_HP_LOSS","seed_source_timestamp":371245189784800,"circlet_count":0,"master_deck":["Strike_B","Defend_B","Zap","Dualcast","Creative AI","Conserve Battery","White Noise+1","Leap","Consume","Echo Form+1","Fusion","Turbo","Sweeping Beam","Seek","Force Field","Loop","Storm+1","Steam","Leap+1","Leap","FTL+1","Double Energy+1","Buffer+1","White Noise+1","Rebound+1","Electrodynamics","Turbo+1","BootSequence+1","Self Repair+1","Hologram+1"],"relics":["Cracked Core","Orichalcum","Bag of Preparation","Centennial Puzzle","Torii","Dream Catcher","Runic Pyramid","Lantern","Nilry\u0027s Codex","Bronze Scales","Ancient Tea Set","Lizard Tail","Gambling Chip","Prayer Wheel","Strawberry","Toy Ornithopter"],"potions_floor_usage":[10,16,33,38,50,50,50],"damage_taken":[{"damage":0,"enemies":"2 Louse","floor":1,"turns":2},{"damage":5,"enemies":"Small Slimes","floor":3,"turns":4},{"damage":0,"enemies":"Jaw Worm","floor":5,"turns":4},{"damage":11,"enemies":"Lagavulin","floor":7,"turns":5},{"damage":9,"enemies":"3 Louse","floor":8,"turns":2},{"damage":2,"enemies":"Gremlin Nob","floor":10,"turns":3},{"damage":2,"enemies":"Looter","floor":12,"turns":3},{"damage":10,"enemies":"Lagavulin","floor":13,"turns":5},{"damage":10,"enemies":"Gremlin Gang","floor":14,"turns":2},{"damage":3,"enemies":"The Guardian","floor":16,"turns":11},{"damage":8,"enemies":"Chosen","floor":18,"turns":6},{"damage":25,"enemies":"Shell Parasite","floor":20,"turns":7},{"damage":2,"enemies":"Snecko","floor":21,"turns":4},{"damage":7,"enemies":"Centurion and Healer","floor":24,"turns":4},{"damage":1,"enemies":"Shelled Parasite and Fungi","floor":30,"turns":4},{"damage":0,"enemies":"Book of Stabbing","floor":31,"turns":4},{"damage":18,"enemies":"Champ","floor":33,"turns":8},{"damage":0,"enemies":"Orb Walker","floor":35,"turns":2},{"damage":0,"enemies":"Mind Bloom Boss Battle","floor":36,"turns":4},{"damage":16,"enemies":"3 Shapes","floor":37,"turns":2},{"damage":35,"enemies":"2 Orb Walkers","floor":38,"turns":3},{"damage":1,"enemies":"Sphere and 2 Shapes","floor":41,"turns":3},{"damage":0,"enemies":"Jaw Worm Horde","floor":42,"turns":1},{"damage":0,"enemies":"Maw","floor":48,"turns":5},{"damage":148,"enemies":"Awakened One","floor":50,"turns":16}],"seed_played":"-4630567271498785713","potions_obtained":[{"floor":7,"key":"Fire Potion"},{"floor":10,"key":"FearPotion"},{"floor":12,"key":"Strength Potion"},{"floor":14,"key":"Block Potion"},{"floor":18,"key":"SmokeBomb"},{"floor":21,"key":"FocusPotion"},{"floor":30,"key":"EssenceOfSteel"},{"floor":36,"key":"Swift Potion"},{"floor":38,"key":"GamblersBrew"}],"is_trial":false,"path_per_floor":["M","?","M","?","M","R","E","M","T","E","R","M","E","M","R","B",null,"M","$","M","M","?","R","M","?","T","?","?","$","M","E","R","B",null,"M","?","M","?","?","R","M","M","T","R","$","R","?","M","R","B"],"character_chosen":"DEFECT","items_purchased":["Loop","Lantern","Toy Ornithopter"],"campfire_rested":6,"item_purchase_floors":[19,19,45],"current_hp_per_floor":[68,68,63,45,45,45,34,25,25,23,43,41,31,21,41,38,68,60,60,35,33,17,37,30,30,30,30,30,30,29,29,49,31,68,68,68,52,17,17,37,36,36,43,65,65,65,65,75,75,0],"gold":93,"neow_bonus":"THREE_RARE_CARDS","is_prod":false,"is_daily":false,"chose_seed":false,"campfire_upgraded":3,"win_rate":0.0,"timestamp":1565735592,"path_taken":["M","?","M","?","M","R","E","M","T","E","R","M","E","M","R","BOSS","M","$","M","M","?","R","M","?","T","?","?","?","M","E","R","BOSS","M","?","M","?","?","R","?","M","T","R","$","R","?","M","R","BOSS"],"build_version":"2019-07-17","purchased_purges":3,"victory":false,"max_hp_per_floor":[68,68,68,68,68,68,68,68,68,68,68,68,68,68,68,68,68,68,68,68,68,68,68,68,68,68,68,68,68,68,68,68,68,68,68,68,68,68,68,68,68,68,75,75,75,75,75,75,75,75],"card_choices":[{"not_picked":["Meteor Strike","Buffer"],"picked":"Creative AI","floor":0},{"not_picked":["Coolheaded","Beam Cell"],"picked":"Conserve Battery","floor":1},{"not_picked":["Rip and Tear","Tempest"],"picked":"White Noise","floor":3},{"not_picked":["Fusion","Cold Snap"],"picked":"Leap","floor":5},{"not_picked":["Streamline","Ball Lightning"],"picked":"Electrodynamics","floor":7},{"not_picked":["Coolheaded","Compile Driver"],"picked":"Consume","floor":8},{"not_picked":["Electrodynamics","Rebound"],"picked":"Echo Form","floor":10},{"not_picked":["Beam Cell","Scrape"],"picked":"Fusion","floor":12},{"not_picked":["Barrage","Melter","Stack"],"picked":"SKIP","floor":13},{"not_picked":["Streamline","Hologram"],"picked":"Turbo","floor":14},{"not_picked":["Compile Driver","Stack"],"picked":"Sweeping Beam","floor":15},{"not_picked":["Meteor Strike","Fission"],"picked":"Seek","floor":16},{"not_picked":["Cold Snap","Blizzard+1"],"picked":"Force Field","floor":18},{"not_picked":["Double Energy","Streamline+1"],"picked":"Storm+1","floor":20},{"not_picked":["Auto Shields","Coolheaded"],"picked":"Steam","floor":21},{"not_picked":["Beam Cell","Stack"],"picked":"Leap+1","floor":23},{"not_picked":["Cold Snap","Gash"],"picked":"Leap","floor":24},{"not_picked":["Steam Power","Reprogram","Go for the Eyes"],"picked":"SKIP","floor":30},{"not_picked":["Echo Form","Force Field"],"picked":"FTL+1","floor":31},{"not_picked":["Aggregate","Compile Driver"],"picked":"Double Energy+1","floor":32},{"not_picked":["Fission","Rainbow"],"picked":"Buffer","floor":33},{"not_picked":["Stack","Leap","Coolheaded"],"picked":"SKIP","floor":35},{"not_picked":["Rebound","Beam Cell"],"picked":"White Noise+1","floor":36},{"not_picked":["Coolheaded+1","Sweeping Beam+1"],"picked":"Rebound+1","floor":37},{"not_picked":["Leap","Hologram+1"],"picked":"Turbo+1","floor":40},{"not_picked":["Loop","Reinforced Body+1"],"picked":"BootSequence+1","floor":41},{"not_picked":["Consume","Go for the Eyes+1"],"picked":"Self Repair+1","floor":41},{"not_picked":["Steam Power","Leap+1","Ball Lightning"],"picked":"SKIP","floor":42},{"not_picked":["Reprogram","Blizzard","Turbo+1"],"picked":"SKIP","floor":42},{"not_picked":["Glacier","Barrage"],"picked":"Hologram+1","floor":44},{"not_picked":["Doom and Gloom","Turbo","Rip and Tear"],"picked":"SKIP","floor":48},{"not_picked":["Creative AI","Turbo+1","Rebound+1"],"picked":"SKIP","floor":48}],"player_experience":60785,"relics_obtained":[{"floor":7,"key":"Bag of Preparation"},{"floor":9,"key":"Centennial Puzzle"},{"floor":10,"key":"Torii"},{"floor":13,"key":"Dream Catcher"},{"floor":22,"key":"Nilry\u0027s Codex"},{"floor":26,"key":"Bronze Scales"},{"floor":31,"key":"Ancient Tea Set"},{"floor":36,"key":"Gambling Chip"},{"floor":38,"key":"Prayer Wheel"},{"floor":43,"key":"Strawberry"}],"event_choices":[{"cards_removed":["Defend_B"],"damage_healed":0,"gold_gain":0,"player_choice":"Card Removal","damage_taken":0,"max_hp_gain":0,"max_hp_loss":0,"event_name":"The Cleric","floor":2,"gold_loss":50},{"damage_healed":0,"gold_gain":0,"player_choice":"Success","damage_taken":18,"relics_obtained":["Orichalcum"],"max_hp_gain":0,"max_hp_loss":0,"event_name":"Scrap Ooze","floor":4,"gold_loss":0},{"damage_healed":0,"gold_gain":0,"player_choice":"Obtained Book","damage_taken":16,"max_hp_gain":0,"max_hp_loss":0,"event_name":"Cursed Tome","floor":22,"gold_loss":0},{"cards_removed":["Defend_B"],"damage_healed":0,"gold_gain":0,"player_choice":"Elegance","damage_taken":0,"max_hp_gain":0,"max_hp_loss":0,"event_name":"Back to Basics","floor":25,"gold_loss":0},{"cards_removed":["Strike_B"],"damage_healed":0,"gold_gain":0,"player_choice":"Gave Gold","damage_taken":0,"max_hp_gain":0,"max_hp_loss":0,"event_name":"Beggar","floor":27,"gold_loss":75},{"damage_healed":0,"gold_gain":99,"player_choice":"Stole From Cult","damage_taken":0,"max_hp_gain":0,"max_hp_loss":0,"event_name":"Nest","floor":28,"gold_loss":0},{"damage_healed":0,"gold_gain":0,"player_choice":"Fight","damage_taken":0,"max_hp_gain":0,"max_hp_loss":0,"event_name":"MindBloom","floor":36,"gold_loss":0},{"damage_healed":0,"gold_gain":0,"player_choice":"Fight","damage_taken":0,"max_hp_gain":0,"max_hp_loss":0,"event_name":"Mysterious Sphere","floor":38,"gold_loss":0},{"damage_healed":0,"gold_gain":0,"player_choice":"1 cards matched","damage_taken":0,"max_hp_gain":0,"max_hp_loss":0,"event_name":"Match and Keep!","floor":39,"gold_loss":0,"cards_obtained":["Electrodynamics"]},{"cards_removed":["Electrodynamics"],"damage_healed":0,"gold_gain":0,"player_choice":"Removed Power","damage_taken":0,"max_hp_gain":0,"max_hp_loss":0,"event_name":"Falling","floor":47,"gold_loss":0}],"is_beta":false,"boss_relics":[{"not_picked":["Coffee Dripper","Sozu"],"picked":"Runic Pyramid"},{"not_picked":["Astrolabe","FrozenCore"],"picked":"Lizard Tail"}],"items_purged_floors":[19,29,45],"is_endless":false,"potions_floor_spawned":[7,10,12,14,18,21,30,36,38,42],"killed_by":"Awakened One","ascension_level":0}