{"gold_per_floor":[109,109,84,44,67,103,116,116,116,140,184,202,246,260,260,390,390,414,414,414,430,448,448,448,209,258,284,205,219,219,230,230,334,334,346,358,358,8,21,368,57,72,97,197,197,207,207,224,224,224],"floor_reached":51,"playtime":3056,"items_purged":[],"score":843,"play_id":"98cecb15-ec41-47d9-89e6-29795af8e66a","local_time":"20190827025433","is_ascension_mode":true,"campfire_choices":[{"data":"Sunder","floor":8.0,"key":"SMITH"},{"floor":15.0,"key":"REST"},{"data":"Defragment","floor":23.0,"key":"SMITH"},{"data":"Genetic Algorithm","floor":30,"key":"SMITH"},{"data":"Chaos","floor":32,"key":"SMITH"},{"data":"Static Discharge","floor":45,"key":"SMITH"},{"data":"Enlightenment","floor":47,"key":"SMITH"},{"data":"Capacitor","floor":49,"key":"SMITH"}],"neow_cost":"PERCENT_DAMAGE","seed_source_timestamp":0,"circlet_count":0,"master_deck":["Strike_B","Strike_B","Defend_B","Defend_B","Defend_B","Defend_B","Zap","Dualcast","Chill","BootSequence","Sunder+1","Streamline","Genetic Algorithm+1","Go for the Eyes","Chaos+1","Defragment+1","Rip and Tear+1","Ball Lightning+1","Cold Snap+1","Doom and Gloom+1","Capacitor+1","Electrodynamics","Undo","Ball Lightning+1","Chill+1","Leap","Compile Driver+1","Reprogram","Beam Cell+1","Thunder Strike+1","FTL+1","Melter+1","Enlightenment+1","Static Discharge+1","Loop","Redo+1","Ball Lightning+1","Parasite","Steam+1"],"special_seed":0,"relics":["Cracked Core","Bloody Idol","Unceasing Top","Molten Egg 2","Dream Catcher","Bronze Scales","Coffee Dripper","MutagenicStrength","Strawberry","Bag of Marbles","Calipers","Busted Crown","TheAbacus","Old Coin","StoneCalendar","Smiling Mask"],"potions_floor_usage":[50,50],"damage_taken":[{"damage":0.0,"enemies":"Small Slimes","floor":1.0,"turns":3.0},{"damage":0.0,"enemies":"2 Louse","floor":5.0,"turns":1.0},{"damage":3.0,"enemies":"3 Sentries","floor":6.0,"turns":4.0},{"damage":0.0,"enemies":"Cultist","floor":7.0,"turns":4.0},{"damage":0.0,"enemies":"Gremlin Gang","floor":10.0,"turns":4.0},{"damage":12.0,"enemies":"Gremlin Nob","floor":11.0,"turns":4.0},{"damage":0.0,"enemies":"2 Fungi Beasts","floor":12.0,"turns":2.0},{"damage":17.0,"enemies":"Lagavulin","floor":13.0,"turns":5.0},{"damage":2.0,"enemies":"3 Louse","floor":14.0,"turns":2.0},{"damage":19.0,"enemies":"Slime Boss","floor":16.0,"turns":8.0},{"damage":0.0,"enemies":"3 Byrds","floor":18.0,"turns":3.0},{"damage":11.0,"enemies":"Spheric Guardian","floor":21.0,"turns":2.0},{"damage":3.0,"enemies":"3 Cultists","floor":22.0,"turns":4.0},{"damage":4,"enemies":"Snecko","floor":29,"turns":4},{"damage":28,"enemies":"Centurion and Healer","floor":31,"turns":5},{"damage":50,"enemies":"Automaton","floor":33,"turns":11},{"damage":0,"enemies":"3 Darklings","floor":35,"turns":4},{"damage":0,"enemies":"3 Shapes","floor":36,"turns":3},{"damage":0,"enemies":"Transient","floor":39,"turns":5},{"damage":31,"enemies":"2 Orb Walkers","floor":40,"turns":5},{"damage":0,"enemies":"4 Shapes","floor":42,"turns":3},{"damage":0,"enemies":"Sphere and 2 Shapes","floor":46,"turns":3},{"damage":0,"enemies":"Writhing Mass","floor":48,"turns":5},{"damage":66,"enemies":"Time Eater","floor":50,"turns":8}],"seed_played":"-6548913032235520022","potions_obtained":[{"floor":4.0,"key":"Explosive Potion"},{"floor":4.0,"key":"Dexterity Potion"},{"floor":4.0,"key":"FairyPotion"},{"floor":7.0,"key":"Ancient Potion"},{"floor":10.0,"key":"Weak Potion"},{"floor":21.0,"key":"PowerPotion"},{"floor":35,"key":"FocusPotion"}],"is_trial":false,"path_per_floor":["M","?","$","?","M","E","M","R","T","M","E","M","E","M","R","B",null,"M","?","?","M","M","R","?","$","T","T","?","M","R","M","R","B",null,"M","M","?","$","M","?","$","M","T","?","R","M","R","M","R","B",null],"character_chosen":"DEFECT","items_purchased":["Streamline","Leap","Compile Driver+1","Secret Technique","Enlightenment","TheAbacus","Static Discharge","StoneCalendar"],"campfire_rested":1,"item_purchase_floors":[3,25,25,25,38,38,38,41],"current_hp_per_floor":[54,36,36,36,36,33,33,33,33,33,21,21,4,2,24,5,75,75,75,75,69,71,71,71,71,82,82,82,82,82,59,59,14,82,82,82,92,92,92,71,71,76,81,86,86,91,91,92,92,26],"gold":224,"neow_bonus":"TRANSFORM_TWO_CARDS","is_prod":false,"is_daily":false,"chose_seed":false,"campfire_upgraded":7,"win_rate":0,"timestamp":1566888873,"path_taken":["M","?","$","?","?","E","M","R","T","M","E","?","E","M","R","BOSS","M","?","?","M","M","R","?","$","T","?","?","M","R","?","R","BOSS","M","M","?","$","?","?","$","M","T","?","R","M","R","M","R","BOSS"],"build_version":"2019-08-26","purchased_purges":0,"victory":true,"max_hp_per_floor":[75,75,75,75,75,75,75,75,75,75,75,75,75,75,75,75,75,75,75,75,75,75,75,75,75,82,82,82,82,82,82,82,82,82,82,82,92,92,92,92,92,92,92,92,92,92,92,92,92,92],"card_choices":[{"not_picked":["Conserve Battery","Barrage"],"picked":"Sunder","floor":1.0},{"not_picked":["Aggregate","Sweeping Beam"],"picked":"Genetic Algorithm","floor":5.0},{"not_picked":["Coolheaded","Undo"],"picked":"Go for the Eyes","floor":6.0},{"not_picked":["Consume","Stack"],"picked":"Chaos","floor":7.0},{"not_picked":["Genetic Algorithm","Reboot"],"picked":"Defragment","floor":10.0},{"not_picked":["Skim","Gash+1"],"picked":"Rip and Tear+1","floor":11.0},{"not_picked":["Redo","Rebound+1"],"picked":"Ball Lightning+1","floor":12.0},{"not_picked":["Coolheaded","Redo"],"picked":"Cold Snap+1","floor":13.0},{"not_picked":["Steam","Hello World"],"picked":"Doom and Gloom+1","floor":14.0},{"not_picked":["Blizzard+1","Stack"],"picked":"Capacitor","floor":15.0},{"not_picked":["Thunder Strike+1","Buffer"],"picked":"Electrodynamics","floor":16.0},{"not_picked":["Stack","Leap"],"picked":"Undo","floor":18.0},{"not_picked":["Aggregate+1","Melter+1"],"picked":"Ball Lightning+1","floor":21.0},{"not_picked":["Stack","Barrage+1"],"picked":"Chill+1","floor":22.0},{"not_picked":["Blizzard+1","Recycle"],"picked":"Reprogram","floor":29},{"not_picked":["Redo","Cold Snap+1"],"picked":"Beam Cell+1","floor":31},{"not_picked":["Multi-Cast","Seek"],"picked":"Thunder Strike+1","floor":33},{"not_picked":[],"picked":"FTL+1","floor":35},{"not_picked":[],"picked":"Melter+1","floor":36},{"not_picked":[],"picked":"Loop","floor":39},{"not_picked":[],"picked":"Redo+1","floor":40},{"not_picked":[],"picked":"Ball Lightning+1","floor":42},{"not_picked":["Hologram"],"picked":"SKIP","floor":46},{"not_picked":[],"picked":"Steam+1","floor":48}],"player_experience":94435,"relics_obtained":[{"floor":6.0,"key":"Unceasing Top"},{"floor":9.0,"key":"Molten Egg 2"},{"floor":11.0,"key":"Dream Catcher"},{"floor":13.0,"key":"Bronze Scales"},{"floor":26.0,"key":"Strawberry"},{"floor":27.0,"key":"Bag of Marbles"},{"floor":40,"key":"Old Coin"},{"floor":43,"key":"Smiling Mask"}],"event_choices":[{"damage_healed":0.0,"max_hp_gain":0.0,"max_hp_loss":0.0,"gold_gain":0.0,"event_name":"Golden Idol","player_choice":"Take Damage","floor":2.0,"gold_loss":0.0,"damage_taken":18.0,"relics_obtained":["Golden Idol"]},{"damage_healed":0.0,"max_hp_gain":0.0,"max_hp_loss":0.0,"gold_gain":0.0,"event_name":"The Woman in Blue","player_choice":"Bought 3 Potions","floor":4.0,"gold_loss":0.0,"damage_taken":0.0},{"damage_healed":0.0,"max_hp_gain":0.0,"max_hp_loss":0.0,"gold_gain":0.0,"event_name":"Forgotten Altar","player_choice":"Gave Idol","floor":19.0,"relics_lost":["Golden Idol"],"gold_loss":0.0,"damage_taken":0.0,"relics_obtained":["Bloody Idol"]},{"damage_healed":0.0,"max_hp_gain":0.0,"max_hp_loss":0.0,"gold_gain":0.0,"event_name":"Vampires","player_choice":"Ignored","floor":20.0,"gold_loss":0.0,"damage_taken":0.0},{"damage_healed":0.0,"max_hp_gain":0.0,"max_hp_loss":0.0,"gold_gain":0.0,"event_name":"Drug Dealer","player_choice":"Inject Mutagens","floor":24.0,"gold_loss":0.0,"damage_taken":0.0,"relics_obtained":["MutagenicStrength"]},{"damage_healed":0,"gold_gain":0,"player_choice":"Paid Gold","damage_taken":0,"relics_obtained":["Calipers"],"max_hp_gain":0,"max_hp_loss":0,"event_name":"WeMeetAgain","floor":28,"gold_loss":79},{"cards_removed":["Secret Technique"],"damage_healed":0,"gold_gain":0,"player_choice":"Offered Rare","damage_taken":0,"max_hp_gain":10,"max_hp_loss":0,"event_name":"Bonfire Elementals","floor":37,"gold_loss":0},{"damage_healed":0,"gold_gain":0,"player_choice":"Fight","damage_taken":0,"max_hp_gain":0,"max_hp_loss":0,"event_name":"Mysterious Sphere","floor":40,"gold_loss":0},{"damage_healed":0,"gold_gain":100,"player_choice":"Pray","damage_taken":0,"max_hp_gain":0,"max_hp_loss":0,"event_name":"Golden Shrine","floor":44,"gold_loss":0}],"is_beta":true,"boss_relics":[{"not_picked":["Pandora\u0027s Box","Snecko Eye"],"picked":"Coffee Dripper"},{"not_picked":["FrozenCore","Lizard Tail"],"picked":"Busted Crown"}],"items_purged_floors":[],"is_endless":false,"potions_floor_spawned":[7,10,11,13,14,21,31,33,35,36,42,46],"ascension_level":4}