{"gold_per_floor":[117,117,48,59,22,52,52,52,52,68,79,79,44,60,60,159,159,172,0,99,69],"floor_reached":21,"playtime":712,"items_purged":[],"score":239,"play_id":"d9e01f27-770f-489b-bd64-a54b0dbb0970","local_time":"20190829001002","is_ascension_mode":true,"campfire_choices":[{"data":"White Noise","floor":7,"key":"SMITH"},{"floor":12,"key":"REST"},{"data":"Capacitor","floor":15,"key":"SMITH"}],"neow_cost":"NONE","seed_source_timestamp":173651390770346,"circlet_count":0,"master_deck":["Strike_B","Strike_B","Strike_B","Defend_B","Defend_B","Defend_B","Defend_B","Zap","Dualcast","Fission","Chill","White Noise+1","Hologram","Capacitor+1","Leap","Rip and Tear","Coolheaded","Doom and Gloom","Thunder Strike","Ball Lightning+1"],"relics":["Cracked Core","Letter Opener","Symbiotic Virus","Snecko Eye"],"potions_floor_usage":[6,6],"damage_taken":[{"damage":14,"enemies":"Jaw Worm","floor":1,"turns":5},{"damage":1,"enemies":"Cultist","floor":4,"turns":4},{"damage":31,"enemies":"Lagavulin","floor":6,"turns":7},{"damage":0,"enemies":"Small Slimes","floor":10,"turns":2},{"damage":11,"enemies":"2 Fungi Beasts","floor":11,"turns":3},{"damage":2,"enemies":"Exordium Wildlife","floor":14,"turns":2},{"damage":7,"enemies":"The Guardian","floor":16,"turns":7},{"damage":75,"enemies":"Chosen","floor":18,"turns":9},{"damage":15,"enemies":"2 Thieves","floor":21,"turns":1}],"seed_played":"6915687420344662637","potions_obtained":[{"floor":2,"key":"Strength Potion"},{"floor":2,"key":"Weak Potion"},{"floor":2,"key":"FairyPotion"},{"floor":4,"key":"FearPotion"},{"floor":6,"key":"SpeedPotion"}],"is_trial":false,"path_per_floor":["M","?","$","M","$","E","R","?","T","M","M","R","?","M","R","B",null,"M","?","?","M"],"character_chosen":"DEFECT","items_purchased":["White Noise","Capacitor"],"campfire_rested":1,"item_purchase_floors":[3,5],"current_hp_per_floor":[54,54,54,53,53,22,22,22,22,22,11,33,51,49,49,42,67,7,7,7,0],"gold":69,"neow_bonus":"ONE_RANDOM_RARE_CARD","is_prod":false,"is_daily":false,"chose_seed":false,"campfire_upgraded":2,"win_rate":0,"timestamp":1567051802,"path_taken":["M","?","?","M","$","E","R","?","T","M","?","R","?","M","R","BOSS","M","?","?","M"],"build_version":"2019-08-26","purchased_purges":0,"victory":false,"max_hp_per_floor":[75,75,75,75,75,75,75,75,75,75,75,75,75,75,75,75,75,75,75,75,75],"card_choices":[{"not_picked":["Sweeping Beam","Gash"],"picked":"Chill","floor":1},{"not_picked":["Beam Cell","Barrage"],"picked":"Hologram","floor":4},{"not_picked":["Conserve Battery","Reinforced Body"],"picked":"Leap","floor":6},{"not_picked":["Coolheaded","Auto Shields"],"picked":"Rip and Tear","floor":10},{"not_picked":["Auto Shields","Reboot"],"picked":"Coolheaded","floor":11},{"not_picked":["Streamline","Turbo"],"picked":"Doom and Gloom","floor":14},{"not_picked":["Reboot","All For One"],"picked":"Thunder Strike","floor":16},{"not_picked":["Beam Cell+1","Streamline"],"picked":"Ball Lightning+1","floor":18}],"player_experience":141428,"relics_obtained":[{"floor":6,"key":"Letter Opener"},{"floor":9,"key":"Symbiotic Virus"}],"event_choices":[{"damage_healed":0,"gold_gain":0,"player_choice":"Got Potions","damage_taken":0,"max_hp_gain":0,"max_hp_loss":0,"event_name":"Lab","floor":2,"gold_loss":0},{"cards_removed":["Strike_B"],"damage_healed":0,"gold_gain":0,"player_choice":"Purged","damage_taken":0,"max_hp_gain":0,"max_hp_loss":0,"event_name":"Purifier","floor":8,"gold_loss":0},{"damage_healed":18,"gold_gain":0,"player_choice":"Healed","damage_taken":0,"max_hp_gain":0,"max_hp_loss":0,"event_name":"The Cleric","floor":13,"gold_loss":35},{"damage_healed":0,"gold_gain":0,"player_choice":"Paid Fearfully","damage_taken":0,"max_hp_gain":0,"max_hp_loss":0,"event_name":"Masked Bandits","floor":19,"gold_loss":172},{"damage_healed":0,"gold_gain":99,"player_choice":"Stole From Cult","damage_taken":0,"max_hp_gain":0,"max_hp_loss":0,"event_name":"Nest","floor":20,"gold_loss":0}],"is_beta":true,"boss_relics":[{"not_picked":["Lizard Tail","Empty Cage"],"picked":"Snecko Eye"}],"items_purged_floors":[],"is_endless":false,"potions_floor_spawned":[4,6],"killed_by":"2 Thieves","ascension_level":7}