{"gold_per_floor":[114,114,64,64,64,108,108,127,179,179,214,214,229,252,252,377,377,377,302,302,242,242,242,242,242,242,242,242,242,242,209,209,209],"floor_reached":33,"playtime":2108,"items_purged":["Injury"],"score":423,"play_id":"40f14057-660c-4c84-9091-24dc245e92e7","local_time":"20190910194945","is_ascension_mode":true,"campfire_choices":[{"data":"Chill","floor":10,"key":"SMITH"},{"data":"Genetic Algorithm","floor":12,"key":"SMITH"},{"floor":15,"key":"REST"},{"floor":23,"key":"REST"},{"floor":30,"key":"REST"},{"data":"Dualcast","floor":32,"key":"SMITH"}],"neow_cost":"NONE","seed_source_timestamp":15710741040345,"circlet_count":0,"master_deck":["AscendersBane","Strike_B","Strike_B","Strike_B+1","Defend_B","Defend_B","Defend_B+1","Defend_B","Zap","Dualcast+1","Cold Snap","Streamline","Chill+1","Genetic Algorithm+1","Cold Snap","Conserve Battery","Echo Form","Blizzard+1","Ball Lightning","Steam+1","Reprogram","Self Repair","Chill+1","Glacier"],"relics":["Cracked Core","NeowsBlessing","Golden Idol","Bottled Flame","Question Card","Art of War","Vajra","Ectoplasm","Orichalcum","Strawberry","Bottled Lightning"],"potions_floor_usage":[22,27,29,29,33],"damage_taken":[{"damage":0,"enemies":"Jaw Worm","floor":1,"turns":1},{"damage":0,"enemies":"3 Sentries","floor":6,"turns":1},{"damage":0,"enemies":"2 Louse","floor":8,"turns":1},{"damage":10,"enemies":"Lagavulin","floor":11,"turns":7},{"damage":0,"enemies":"Cultist","floor":13,"turns":3},{"damage":5,"enemies":"2 Fungi Beasts","floor":14,"turns":3},{"damage":54,"enemies":"Hexaghost","floor":16,"turns":14},{"damage":22,"enemies":"Spheric Guardian","floor":18,"turns":6},{"damage":22,"enemies":"2 Thieves","floor":21,"turns":4},{"damage":11,"enemies":"Snake Plant","floor":22,"turns":4},{"damage":11,"enemies":"Centurion and Healer","floor":25,"turns":7},{"damage":14,"enemies":"3 Cultists","floor":27,"turns":6},{"damage":12,"enemies":"Cultist and Chosen","floor":28,"turns":7},{"damage":0,"enemies":"Snake Plant","floor":29,"turns":3},{"damage":48,"enemies":"Collector","floor":33,"turns":9}],"seed_played":"-452436352983824165","potions_obtained":[{"floor":11,"key":"Swift Potion"},{"floor":14,"key":"Fire Potion"},{"floor":16,"key":"LiquidBronze"},{"floor":25,"key":"Regen Potion"},{"floor":27,"key":"AttackPotion"}],"is_trial":false,"path_per_floor":["M","$","?","?","?","E","T","M","T","R","E","R","M","M","R","B",null,"M","$","T","M","M","R","?","M","T","M","M","M","R","$","R","B"],"character_chosen":"DEFECT","items_purchased":["Glacier"],"campfire_rested":3,"item_purchase_floors":[31],"current_hp_per_floor":[68,68,68,68,53,53,53,53,53,53,43,43,43,38,60,6,58,36,36,36,14,3,25,32,21,21,21,9,16,40,40,40,0],"gold":209,"neow_bonus":"THREE_ENEMY_KILL","is_prod":false,"is_daily":false,"chose_seed":false,"campfire_upgraded":3,"win_rate":0,"timestamp":1568159385,"path_taken":["M","$","?","?","?","E","?","?","T","R","E","R","M","M","R","BOSS","M","$","?","M","M","R","?","M","T","M","M","M","R","$","R","BOSS"],"build_version":"2019-09-09v2","purchased_purges":1,"victory":false,"max_hp_per_floor":[75,75,75,75,75,75,75,75,75,75,75,75,75,75,75,75,75,75,75,75,75,75,75,82,82,82,82,82,82,82,82,82,82],"card_choices":[{"not_picked":["Sweeping Beam","Steam"],"picked":"Cold Snap","floor":1},{"not_picked":["All For One","Blizzard"],"picked":"Streamline","floor":6},{"not_picked":["Conserve Battery","Barrage","Compile Driver"],"picked":"Chill","floor":8},{"not_picked":["All For One","Rebound","Redo"],"picked":"Genetic Algorithm","floor":11},{"not_picked":["Steam","Coolheaded","Barrage"],"picked":"Cold Snap","floor":13},{"not_picked":["Reinforced Body","Sweeping Beam","Leap"],"picked":"Conserve Battery","floor":14},{"not_picked":["Reboot","Machine Learning","Seek"],"picked":"Echo Form","floor":16},{"not_picked":["Redo+1","Steam Power","FTL"],"picked":"Blizzard+1","floor":18},{"not_picked":["Compile Driver","Go for the Eyes","Stack+1"],"picked":"Ball Lightning","floor":21},{"not_picked":["Recycle","Coolheaded+1","Rebound","Hello World"],"picked":"SKIP","floor":22},{"not_picked":["Barrage","Streamline","Compile Driver"],"picked":"Steam+1","floor":25},{"not_picked":["Genetic Algorithm","Storm","Steam"],"picked":"Reprogram","floor":27},{"not_picked":["Rebound","Aggregate","Cold Snap"],"picked":"Self Repair","floor":28},{"not_picked":["Streamline","Core Surge","Sweeping Beam"],"picked":"Chill+1","floor":29}],"player_experience":338728,"relics_obtained":[{"floor":6,"key":"Bottled Flame"},{"floor":7,"key":"Question Card"},{"floor":9,"key":"Art of War"},{"floor":11,"key":"Vajra"},{"floor":20,"key":"Orichalcum"},{"floor":26,"key":"Bottled Lightning"}],"event_choices":[{"cards_removed":["Strike_B"],"damage_healed":0,"gold_gain":0,"player_choice":"Card Removal","damage_taken":0,"max_hp_gain":0,"max_hp_loss":0,"event_name":"The Cleric","floor":3,"gold_loss":50},{"damage_healed":0,"gold_gain":0,"player_choice":"Take Wound","damage_taken":0,"relics_obtained":["Golden Idol"],"max_hp_gain":0,"max_hp_loss":0,"event_name":"Golden Idol","floor":4,"gold_loss":0,"cards_obtained":["Injury"]},{"damage_healed":0,"gold_gain":0,"player_choice":"Entered Light","damage_taken":15,"max_hp_gain":0,"max_hp_loss":0,"event_name":"Shining Light","floor":5,"gold_loss":0,"cards_upgraded":["Defend_B","Strike_B"]},{"damage_healed":0,"gold_gain":0,"player_choice":"Opened","damage_taken":0,"relics_obtained":["Strawberry"],"max_hp_gain":0,"max_hp_loss":0,"event_name":"The Mausoleum","floor":24,"gold_loss":0}],"is_beta":true,"boss_relics":[{"not_picked":["Pandora\u0027s Box","Tiny House"],"picked":"Ectoplasm"}],"items_purged_floors":[19],"is_endless":false,"potions_floor_spawned":[11,14,16,18,25,27],"killed_by":"Collector","ascension_level":10}