{"gold_per_floor":[119,47,47,61,136,169,185,215,215,215,228,241,241,256,256,330,330,347,347],"floor_reached":19,"playtime":561,"items_purged":[],"score":347,"play_id":"2da571a8-bca8-46a1-ba44-6367be89cd0a","local_time":"20190918225642","is_ascension_mode":true,"campfire_choices":[{"floor":13,"key":"REST"},{"data":"Static Discharge","floor":15,"key":"SMITH"}],"neow_cost":"NONE","seed_source_timestamp":21270242372291,"circlet_count":0,"master_deck":["AscendersBane","Strike_B","Strike_B","Strike_B","Strike_B","Defend_B","Defend_B","Defend_B","Defend_B","Zap","Dualcast","Melter","Defragment+1","Sweeping Beam","Conserve Battery","Undo","Static Discharge+1","FTL","Loop","Ball Lightning","Echo Form","BootSequence"],"relics":["Cracked Core","NeowsBlessing","Pear","Symbiotic Virus","Anchor","Matryoshka","Velvet Choker"],"potions_floor_usage":[8,11],"damage_taken":[{"damage":0,"enemies":"Jaw Worm","floor":1,"turns":1},{"damage":0,"enemies":"Small Slimes","floor":4,"turns":1},{"damage":0,"enemies":"Lagavulin","floor":6,"turns":1},{"damage":2,"enemies":"2 Louse","floor":7,"turns":2},{"damage":28,"enemies":"3 Sentries","floor":8,"turns":6},{"damage":0,"enemies":"Looter","floor":11,"turns":4},{"damage":8,"enemies":"Lots of Slimes","floor":12,"turns":4},{"damage":10,"enemies":"2 Fungi Beasts","floor":14,"turns":4},{"damage":25,"enemies":"Slime Boss","floor":16,"turns":5},{"damage":2,"enemies":"Shell Parasite","floor":18,"turns":4},{"damage":67,"enemies":"Masked Bandits","floor":19,"turns":4}],"seed_played":"-8428893497935249081","potions_obtained":[{"floor":1,"key":"Regen Potion"},{"floor":8,"key":"Regen Potion"},{"floor":11,"key":"Block Potion"},{"floor":12,"key":"SkillPotion"},{"floor":16,"key":"FocusPotion"}],"is_trial":false,"path_per_floor":["M","$","?","M","?","E","M","E","T","?","M","M","R","M","R","B",null,"M","?"],"character_chosen":"DEFECT","items_purchased":["Defragment"],"campfire_rested":1,"item_purchase_floors":[2],"current_hp_per_floor":[64,64,56,56,45,45,43,29,29,29,41,33,57,47,47,22,66,64,0],"gold":347,"neow_bonus":"THREE_ENEMY_KILL","is_prod":false,"is_daily":false,"chose_seed":false,"campfire_upgraded":1,"win_rate":0,"timestamp":1568861802,"path_taken":["M","$","?","M","?","E","M","E","T","?","?","M","R","M","R","BOSS","M","?"],"build_version":"2019-09-18","purchased_purges":0,"victory":false,"max_hp_per_floor":[71,71,81,81,81,81,81,81,81,81,81,81,81,81,81,81,81,81,81],"card_choices":[{"not_picked":["Go for the Eyes","Aggregate"],"picked":"Melter","floor":1},{"not_picked":["Hologram","Heatsinks"],"picked":"Sweeping Beam","floor":4},{"not_picked":["Thunder Strike","Gash"],"picked":"Conserve Battery","floor":6},{"not_picked":["Coolheaded","Beam Cell"],"picked":"Undo","floor":7},{"not_picked":["Double Energy","Stack"],"picked":"Static Discharge","floor":8},{"not_picked":["Compile Driver","Skim"],"picked":"FTL","floor":11},{"not_picked":["Hologram","Turbo"],"picked":"Loop","floor":12},{"not_picked":["Beam Cell","Hyperbeam"],"picked":"Ball Lightning","floor":14},{"not_picked":["Reboot","Rainbow"],"picked":"Echo Form","floor":16},{"not_picked":["Beam Cell","Reprogram"],"picked":"BootSequence","floor":18}],"player_experience":566927,"relics_obtained":[{"floor":6,"key":"Symbiotic Virus"},{"floor":8,"key":"Anchor"},{"floor":9,"key":"Matryoshka"}],"event_choices":[{"damage_healed":0,"gold_gain":0,"player_choice":"Success","damage_taken":18,"relics_obtained":["Pear"],"max_hp_gain":0,"max_hp_loss":0,"event_name":"Scrap Ooze","floor":3,"gold_loss":0},{"damage_healed":0,"gold_gain":75,"player_choice":"Gather Gold","damage_taken":11,"max_hp_gain":0,"max_hp_loss":0,"event_name":"World of Goop","floor":5,"gold_loss":0},{"damage_healed":0,"gold_gain":0,"player_choice":"Grow","damage_taken":0,"max_hp_gain":0,"max_hp_loss":0,"event_name":"Living Wall","floor":10,"gold_loss":0,"cards_upgraded":["Defragment"]},{"damage_healed":0,"gold_gain":0,"player_choice":"Fought Bandits","damage_taken":0,"max_hp_gain":0,"max_hp_loss":0,"event_name":"Masked Bandits","floor":19,"gold_loss":0}],"is_beta":true,"boss_relics":[{"not_picked":["Sozu","Calling Bell"],"picked":"Velvet Choker"}],"items_purged_floors":[],"is_endless":false,"potions_floor_spawned":[1,8,11,12,16,18],"killed_by":"Masked Bandits","ascension_level":14}