{"gold_per_floor":[113,113,131,149,166,197,215,240,240,415,445,17,17,31,31,135,135,147,158,176,195,1,1,1,1,1,1,19,49,12,12,12,114,114,126,63,63,76,1,1,1,1,1,12,43,55,68,83,83,83],"floor_reached":50,"playtime":3164,"items_purged":["Pain","Doubt","Strike_G","Strike_G"],"score":618,"play_id":"4294158d-ffd8-4d68-bb66-9f21060b0cf4","local_time":"20190824165102","is_ascension_mode":true,"campfire_choices":[{"floor":15.0,"key":"REST"},{"floor":23.0,"key":"REST"},{"floor":27.0,"key":"REST"},{"data":"Catalyst","floor":32.0,"key":"SMITH"},{"data":"Neutralize","floor":40.0,"key":"SMITH"},{"data":"Madness","floor":42.0,"key":"SMITH"},{"floor":49.0,"key":"RECALL"}],"neow_cost":"NONE","seed_source_timestamp":0,"circlet_count":0,"master_deck":["Strike_G","Strike_G","Defend_G","Defend_G","Defend_G","Defend_G","Defend_G","Survivor","Neutralize+1","Blur","Calculated Gamble","Poisoned Stab","Bane","Deadly Poison","Dagger Spray","Terror","Catalyst+1","Bouncing Flask","Dash+1","Die Die Die+1","Sucker Punch+1","Quick Slash+1","Skewer+1","Noxious Fumes","Footwork","Setup+1","Prepared","Heel Hook+1","Footwork","Poisoned Stab+1","Noxious Fumes","Corpse Explosion","Madness+1","Madness","Outmaneuver+1","Leg Sweep","Predator+1","Backflip+1","Concentrate+1"],"special_seed":0,"relics":["Ring of the Snake","Centennial Puzzle","WarpedTongs","Ornamental Fan","Blood Vial","Molten Egg 2","Pen Nib","Membership Card","Incense Burner","Orrery","Torii","Ice Cream","MutagenicStrength","Pear","Bag of Preparation","Busted Crown","Shuriken"],"potions_floor_usage":[50],"damage_taken":[{"damage":3.0,"enemies":"Jaw Worm","floor":1.0,"turns":5.0},{"damage":5.0,"enemies":"Cultist","floor":3.0,"turns":4.0},{"damage":5.0,"enemies":"2 Louse","floor":4.0,"turns":3.0},{"damage":4.0,"enemies":"2 Fungi Beasts","floor":5.0,"turns":6.0},{"damage":19.0,"enemies":"Gremlin Nob","floor":6.0,"turns":5.0},{"damage":13.0,"enemies":"Lots of Slimes","floor":7.0,"turns":7.0},{"damage":9.0,"enemies":"Lagavulin","floor":8.0,"turns":7.0},{"damage":5.0,"enemies":"Gremlin Nob","floor":11.0,"turns":4.0},{"damage":3.0,"enemies":"Looter","floor":14.0,"turns":4.0},{"damage":18.0,"enemies":"The Guardian","floor":16.0,"turns":7.0},{"damage":17.0,"enemies":"2 Thieves","floor":18.0,"turns":3.0},{"damage":13.0,"enemies":"Shell Parasite","floor":19.0,"turns":5.0},{"damage":23.0,"enemies":"Snake Plant","floor":20.0,"turns":4.0},{"damage":10.0,"enemies":"Shelled Parasite and Fungi","floor":21.0,"turns":3.0},{"damage":2.0,"enemies":"Centurion and Healer","floor":28.0,"turns":7.0},{"damage":1.0,"enemies":"Gremlin Leader","floor":29.0,"turns":6.0},{"damage":48.0,"enemies":"Automaton","floor":33.0,"turns":9.0},{"damage":0.0,"enemies":"3 Shapes","floor":35.0,"turns":3.0},{"damage":8.0,"enemies":"Orb Walker","floor":38.0,"turns":3.0},{"damage":25.0,"enemies":"Jaw Worm Horde","floor":44.0,"turns":3.0},{"damage":20.0,"enemies":"Reptomancer","floor":45.0,"turns":8.0},{"damage":10.0,"enemies":"3 Darklings","floor":46.0,"turns":3.0},{"damage":8.0,"enemies":"Transient","floor":47.0,"turns":5.0},{"damage":1.0,"enemies":"Sphere and 2 Shapes","floor":48.0,"turns":5.0},{"damage":13,"enemies":"Time Eater","floor":50,"turns":4}],"seed_played":"5371156086481165691","potions_obtained":[{"floor":4.0,"key":"AttackPotion"},{"floor":6.0,"key":"SpeedPotion"},{"floor":7.0,"key":"Swift Potion"},{"floor":8.0,"key":"GhostInAJar"},{"floor":14.0,"key":"Regen Potion"},{"floor":20.0,"key":"Energy Potion"},{"floor":21.0,"key":"GamblersBrew"},{"floor":29.0,"key":"Ancient Potion"},{"floor":33.0,"key":"SpeedPotion"},{"floor":44.0,"key":"GhostInAJar"},{"floor":46.0,"key":"Poison Potion"}],"is_trial":false,"path_per_floor":["M","?","M","M","M","E","M","E","T","?","E","$","?","M","R","B",null,"M","M","M","M","$","R","?","?","T","R","M","E","$","?","R","B",null,"M","$","?","M","$","R","?","R","T","M","E","M","M","M","R","B"],"character_chosen":"THE_SILENT","items_purchased":["Membership Card","Incense Burner","Energy Potion","Bouncing Flask","Torii","Noxious Fumes"],"campfire_rested":3,"item_purchase_floors":[12,12,12,12,22,30],"current_hp_per_floor":[67,67,62,57,53,34,21,12,12,12,9,9,26,25,46,45,70,53,42,21,13,13,34,34,34,44,68,68,69,69,69,69,23,77,77,77,67,61,61,61,61,61,61,38,20,12,6,7,7,0],"gold":83,"neow_bonus":"RANDOM_COMMON_RELIC","is_prod":false,"is_daily":false,"chose_seed":false,"campfire_upgraded":3,"win_rate":0,"timestamp":1566658262,"path_taken":["M","?","M","M","M","E","?","E","T","?","E","$","?","M","R","BOSS","M","M","M","M","$","R","?","?","T","R","M","E","$","?","R","BOSS","M","?","?","M","$","R","?","R","T","M","E","M","?","M","R","BOSS"],"build_version":"2019-07-17","purchased_purges":4,"victory":false,"max_hp_per_floor":[70,70,70,70,70,70,70,70,70,70,70,70,70,70,70,70,70,70,70,70,70,70,70,70,70,80,80,80,80,80,77,77,77,77,77,77,77,77,77,77,77,77,77,77,77,77,77,77,77,77],"card_choices":[{"not_picked":["Cloak And Dagger","Distraction"],"picked":"Blur","floor":1.0},{"not_picked":["Underhanded Strike","Dodge and Roll"],"picked":"Calculated Gamble","floor":3.0},{"not_picked":["Eviscerate","Backflip"],"picked":"Poisoned Stab","floor":4.0},{"not_picked":["Poisoned Stab","Accuracy"],"picked":"Bane","floor":5.0},{"not_picked":["Dodge and Roll","Quick Slash"],"picked":"Deadly Poison","floor":6.0},{"not_picked":["Outmaneuver","Poisoned Stab"],"picked":"Dagger Spray","floor":7.0},{"not_picked":["Blade Dance","Phantasmal Killer"],"picked":"Terror","floor":8.0},{"not_picked":["Burst","Skewer+1"],"picked":"Catalyst","floor":11.0},{"not_picked":["Dodge and Roll","Flying Knee+1"],"picked":"Dash+1","floor":14.0},{"not_picked":["Tools of the Trade","Grand Finale+1"],"picked":"Die Die Die+1","floor":16.0},{"not_picked":["Terror","Eviscerate+1"],"picked":"Sucker Punch+1","floor":17.0},{"not_picked":["Calculated Gamble","Masterful Stab+1"],"picked":"Quick Slash+1","floor":17.0},{"not_picked":["Dodge and Roll","Grand Finale+1"],"picked":"Skewer+1","floor":17.0},{"not_picked":["Cloak And Dagger","All Out Attack+1"],"picked":"Noxious Fumes","floor":17.0},{"not_picked":["Distraction","PiercingWail"],"picked":"Footwork","floor":17.0},{"not_picked":["Dagger Throw+1","Well Laid Plans"],"picked":"Setup+1","floor":18.0},{"not_picked":["Poisoned Stab+1","Infinite Blades"],"picked":"Prepared","floor":19.0},{"not_picked":["Endless Agony+1","Terror"],"picked":"Heel Hook+1","floor":20.0},{"not_picked":["Flying Knee+1","Deadly Poison"],"picked":"Footwork","floor":21.0},{"not_picked":["Outmaneuver","Acrobatics"],"picked":"Poisoned Stab+1","floor":28.0},{"not_picked":["Concentrate+1","Deadly Poison","Slice+1"],"picked":"SKIP","floor":29.0},{"not_picked":["Tools of the Trade","Wraith Form v2"],"picked":"Corpse Explosion","floor":33.0},{"not_picked":["Masterful Stab+1"],"picked":"SKIP","floor":35.0},{"not_picked":[],"picked":"Outmaneuver+1","floor":38.0},{"not_picked":[],"picked":"Predator+1","floor":44.0},{"not_picked":["Poisoned Stab+1"],"picked":"SKIP","floor":45.0},{"not_picked":[],"picked":"Backflip+1","floor":46.0},{"not_picked":[],"picked":"Concentrate+1","floor":47.0},{"not_picked":["Heel Hook+1"],"picked":"SKIP","floor":48.0}],"player_experience":178874,"relics_obtained":[{"floor":6.0,"key":"Ornamental Fan"},{"floor":8.0,"key":"Blood Vial"},{"floor":9.0,"key":"Molten Egg 2"},{"floor":11.0,"key":"Pen Nib"},{"floor":26.0,"key":"Pear"},{"floor":29.0,"key":"Bag of Preparation"},{"floor":45.0,"key":"Shuriken"}],"event_choices":[{"damage_healed":0.0,"max_hp_gain":0.0,"max_hp_loss":0.0,"gold_gain":0.0,"event_name":"Accursed Blacksmith","player_choice":"Rummage","floor":2.0,"gold_loss":0.0,"damage_taken":0.0,"relics_obtained":["WarpedTongs"],"cards_obtained":["Pain"]},{"damage_healed":0.0,"max_hp_gain":0.0,"max_hp_loss":0.0,"gold_gain":175.0,"event_name":"Liars Game","player_choice":"AGREE","floor":10.0,"gold_loss":0.0,"damage_taken":0.0,"cards_obtained":["Doubt"]},{"damage_healed":17.0,"max_hp_gain":0.0,"max_hp_loss":0.0,"gold_gain":0.0,"event_name":"Mushrooms","player_choice":"Healed and dodged fight","floor":13.0,"gold_loss":0.0,"damage_taken":0.0,"cards_obtained":["Parasite"]},{"damage_healed":0.0,"max_hp_gain":0.0,"max_hp_loss":0.0,"gold_gain":0.0,"event_name":"Addict","player_choice":"Stole Relic","floor":24.0,"gold_loss":0.0,"damage_taken":0.0,"relics_obtained":["Ice Cream"],"cards_obtained":["Shame"]},{"damage_healed":0.0,"max_hp_gain":0.0,"max_hp_loss":0.0,"gold_gain":0.0,"event_name":"Drug Dealer","player_choice":"Inject Mutagens","floor":25.0,"gold_loss":0.0,"damage_taken":0.0,"relics_obtained":["MutagenicStrength"]},{"cards_removed":["Shame","Parasite"],"damage_healed":0.0,"max_hp_gain":0.0,"max_hp_loss":0.0,"gold_gain":0.0,"event_name":"Fountain of Cleansing","player_choice":"Removed Curses","floor":31.0,"gold_loss":0.0,"damage_taken":0.0},{"damage_healed":0.0,"max_hp_gain":0.0,"max_hp_loss":0.0,"gold_gain":0.0,"event_name":"Winding Halls","player_choice":"Embrace Madness","floor":37.0,"gold_loss":0.0,"damage_taken":10.0,"cards_obtained":["Madness","Madness"]},{"damage_healed":0.0,"max_hp_gain":0.0,"max_hp_loss":0.0,"gold_gain":0.0,"cards_transformed":["Strike_G"],"event_name":"Transmorgrifier","player_choice":"Transformed","floor":41.0,"gold_loss":0.0,"damage_taken":0.0,"cards_obtained":["Leg Sweep"]}],"is_beta":false,"boss_relics":[{"not_picked":["Lizard Tail","Tiny House"],"picked":"Orrery"},{"not_picked":["Astrolabe","Runic Pyramid"],"picked":"Busted Crown"}],"items_purged_floors":[12,22,36,39],"is_endless":false,"potions_floor_spawned":[4,6,7,8,14,20,21,29,33,44,46],"killed_by":"Time Eater","ascension_level":2}