{"gold_per_floor":[117,130,130,130,143,143,159,185,185,202,127,27,27,47,47,175,175,188,208,208,233,247,283,295,343,355,367,319,355,367,414,426,568,580,608,641,653,688,270,270],"floor_reached":40,"playtime":4060,"items_purged":["Pain","Regret","Caltrops"],"score":498,"play_id":"f42bc6c5-a6bb-4182-9a69-c91396ed7d55","local_time":"20181204213713","is_ascension_mode":false,"campfire_choices":[{"data":"Footwork","floor":6,"key":"SMITH"},{"data":"Predator","floor":15,"key":"SMITH"},{"floor":27,"key":"REST"},{"data":"Envenom","floor":32,"key":"SMITH"}],"neow_cost":"NONE","seed_source_timestamp":1717776312971055,"circlet_count":0,"master_deck":["Defend_G+1","Defend_G+1","Defend_G+1","Defend_G+1","Survivor","Neutralize","Footwork+1","Dodge and Roll","Dagger Spray","Predator+1","Slice","Venomology","Tools of the Trade","Flying Knee","Slice","Reflex","Deflect","Deflect+1","Caltrops","Tactician","Envenom+1","Sucker Punch","Bite","Bite","Bite","Bite","Bite","Underhanded Strike+1","Adrenaline","Skewer+1","PiercingWail+1","Caltrops+1","Calculated Gamble","Leg Sweep","Trip","Sadistic Nature"],"relics":["Ring of the Serpent","Anchor","WarpedTongs","Gambling Chip","Kunai","Golden Idol","MawBank","Darkstone Periapt","Question Card","Smiling Mask","Coffee Dripper"],"potions_floor_usage":[8,16,19,19,21,21,23,23,25,25,33,33,35,38],"damage_taken":[{"damage":4,"enemies":"2 Louse","floor":1,"turns":3},{"damage":8,"enemies":"Jaw Worm","floor":2,"turns":7},{"damage":3,"enemies":"Cultist","floor":5,"turns":4},{"damage":14,"enemies":"Exordium Thugs","floor":7,"turns":7},{"damage":11,"enemies":"3 Sentries","floor":8,"turns":8},{"damage":2,"enemies":"Blue Slaver","floor":10,"turns":4},{"damage":4,"enemies":"Exordium Wildlife","floor":14,"turns":4},{"damage":7,"enemies":"Slime Boss","floor":16,"turns":11},{"damage":0,"enemies":"Shell Parasite","floor":18,"turns":7},{"damage":8,"enemies":"2 Thieves","floor":19,"turns":5},{"damage":0,"enemies":"Cultist and Chosen","floor":21,"turns":8},{"damage":13,"enemies":"Centurion and Healer","floor":22,"turns":8},{"damage":1,"enemies":"Book of Stabbing","floor":23,"turns":6},{"damage":28,"enemies":"Slavers","floor":25,"turns":6},{"damage":11,"enemies":"Snecko","floor":29,"turns":7},{"damage":9,"enemies":"Book of Stabbing","floor":31,"turns":7},{"damage":27,"enemies":"Automaton","floor":33,"turns":12},{"damage":4,"enemies":"3 Shapes","floor":35,"turns":8},{"damage":14,"enemies":"Orb Walker","floor":36,"turns":4},{"damage":6,"enemies":"Maw","floor":38,"turns":8},{"damage":0,"enemies":"Reptomancer","floor":40,"turns":2}],"seed_played":"1386460929182069684","potions_obtained":[{"floor":1,"key":"Fire Potion"},{"floor":7,"key":"EssenceOfSteel"},{"floor":8,"key":"EssenceOfSteel"},{"floor":19,"key":"Dexterity Potion"},{"floor":23,"key":"Strength Potion"},{"floor":31,"key":"Strength Potion"}],"is_trial":false,"path_per_floor":["M","M","?","?","M","R","M","E","T","M","$","$","?","M","R","B",null,"M","M","?","M","M","E","?","E","T","R","?","M","?","E","R","B",null,"M","M","?","M","$","E"],"character_chosen":"THE_SILENT","items_purchased":["Calculated Gamble","Leg Sweep","Trip","Sadistic Nature"],"campfire_rested":1,"item_purchase_floors":[39,39,39,39],"current_hp_per_floor":[73,65,65,65,62,62,48,37,37,35,35,35,35,31,31,24,71,71,63,63,63,50,49,49,21,21,42,42,31,31,40,40,43,49,49,42,42,49,49,49],"gold":270,"neow_bonus":"TEN_PERCENT_HP_BONUS","is_prod":false,"is_daily":false,"chose_seed":false,"campfire_upgraded":3,"win_rate":0,"timestamp":1543977433,"path_taken":["M","M","?","?","M","R","M","E","T","?","?","$","?","M","R","BOSS","M","M","?","M","M","E","?","E","T","R","?","?","?","E","R","BOSS","M","M","?","?","$","E"],"build_version":"2018-11-15","purchased_purges":3,"victory":false,"max_hp_per_floor":[77,77,77,77,77,77,77,77,77,77,77,77,71,71,71,71,71,71,71,71,71,71,71,71,71,71,71,71,71,49,49,49,49,49,49,49,49,49,49,49],"card_choices":[{"not_picked":["Concentrate","Sucker Punch"],"picked":"Footwork","floor":1},{"not_picked":["Calculated Gamble","Dagger Spray"],"picked":"Caltrops","floor":2},{"not_picked":["Outmaneuver","Acrobatics"],"picked":"Dodge and Roll","floor":5},{"not_picked":["Underhanded Strike","Poisoned Stab"],"picked":"Dagger Spray","floor":7},{"not_picked":["Backflip","Blade Dance"],"picked":"Predator","floor":8},{"not_picked":["Quick Slash","Dodge and Roll"],"picked":"Slice","floor":10},{"not_picked":["Eviscerate","Quick Slash"],"picked":"Venomology","floor":14},{"not_picked":["Malaise","Venomology"],"picked":"Tools of the Trade","floor":16},{"not_picked":["Backflip+1","Blade Dance"],"picked":"Flying Knee","floor":18},{"not_picked":["Blade Dance","Poisoned Stab"],"picked":"Slice","floor":19},{"not_picked":["Dagger Throw","Flechettes"],"picked":"Reflex","floor":21},{"not_picked":["Dagger Spray","Backflip"],"picked":"Deflect","floor":22},{"not_picked":["Wraith Form v2","Corpse Explosion"],"picked":"Deflect+1","floor":23},{"not_picked":["Quick Slash+1","Choke"],"picked":"Caltrops","floor":25},{"not_picked":["Choke","Poisoned Stab+1","Outmaneuver"],"picked":"Sucker Punch","floor":29},{"not_picked":["Quick Slash","Dagger Spray","Riddle With Holes+1"],"picked":"Underhanded Strike+1","floor":31},{"not_picked":["Venomology","Glass Knife","Burst"],"picked":"Adrenaline","floor":33},{"not_picked":["Dagger Throw","Bane","Prepared+1"],"picked":"Skewer+1","floor":35},{"not_picked":["Eviscerate","Quick Slash+1","Masterful Stab+1"],"picked":"PiercingWail+1","floor":36},{"not_picked":["Noxious Fumes+1","PiercingWail+1","Backflip"],"picked":"Caltrops+1","floor":38}],"player_experience":339319,"relics_obtained":[{"floor":8,"key":"Gambling Chip"},{"floor":9,"key":"Kunai"},{"floor":23,"key":"MawBank"},{"floor":25,"key":"Darkstone Periapt"},{"floor":26,"key":"Question Card"},{"floor":31,"key":"Smiling Mask"}],"event_choices":[{"damage_healed":0,"gold_gain":0,"player_choice":"Box","damage_taken":0,"relics_obtained":["Anchor"],"max_hp_gain":0,"max_hp_loss":0,"event_name":"Big Fish","floor":3,"gold_loss":0,"cards_obtained":["Regret"]},{"damage_healed":0,"gold_gain":0,"player_choice":"Rummage","damage_taken":0,"relics_obtained":["WarpedTongs"],"max_hp_gain":0,"max_hp_loss":0,"event_name":"Accursed Blacksmith","floor":4,"gold_loss":0,"cards_obtained":["Pain"]},{"damage_healed":0,"gold_gain":0,"player_choice":"Lose Max HP","damage_taken":0,"relics_obtained":["Golden Idol"],"max_hp_gain":0,"max_hp_loss":6,"event_name":"Golden Idol","floor":13,"gold_loss":0},{"damage_healed":0,"gold_gain":0,"player_choice":"Ignored","damage_taken":0,"max_hp_gain":0,"max_hp_loss":0,"event_name":"Ghosts","floor":20,"gold_loss":0},{"damage_healed":0,"gold_gain":0,"player_choice":"Simplicity","damage_taken":0,"max_hp_gain":0,"max_hp_loss":0,"event_name":"Back to Basics","floor":24,"gold_loss":0,"cards_upgraded":["Defend_G","Defend_G","Defend_G","Defend_G","Defend_G","Strike_G","Strike_G","Strike_G","Strike_G","Strike_G"]},{"damage_healed":0,"gold_gain":0,"cards_transformed":["Defend_G","Strike_G"],"player_choice":"Transformed Cards","damage_taken":0,"max_hp_gain":0,"max_hp_loss":0,"event_name":"Designer","floor":28,"gold_loss":60,"cards_obtained":["Tactician","Envenom"]},{"damage_healed":0,"gold_gain":0,"player_choice":"Became a vampire","damage_taken":0,"max_hp_gain":0,"max_hp_loss":22,"event_name":"Vampires","floor":30,"gold_loss":0,"cards_obtained":["Bite","Bite","Bite","Bite","Bite"]},{"damage_healed":0,"gold_gain":0,"player_choice":"Bought 0 Potions","damage_taken":0,"max_hp_gain":0,"max_hp_loss":0,"event_name":"The Woman in Blue","floor":37,"gold_loss":0}],"is_beta":false,"boss_relics":[{"not_picked":["Orrery","Sozu"],"picked":"Ring of the Serpent"},{"not_picked":["Busted Crown","Calling Bell"],"picked":"Coffee Dripper"}],"items_purged_floors":[11,12,39],"is_endless":false,"potions_floor_spawned":[1,7,8,18,19,23,31,36],"killed_by":"Reptomancer","ascension_level":0}