{"gold_per_floor":[10,29,42,42,18,49,49,65,65,82,82,110,110,130,130,234,234,246,346,268,268,278,278,15,15,15,114,147,174,196,225,237,351,363,385,672,699,730,384,416,416,427,450,483,496,508,508,557,557,557],"floor_reached":50,"playtime":4392,"items_purged":["Regret"],"score":634,"play_id":"128663a6-7bb5-4415-8640-4edc05f07033","local_time":"20181217002520","is_ascension_mode":false,"campfire_choices":[{"data":"Defragment","floor":7.0,"key":"SMITH"},{"data":"Beam Cell","floor":11.0,"key":"SMITH"},{"data":"Streamline","floor":15.0,"key":"SMITH"},{"floor":23.0,"key":"REST"},{"floor":25.0,"key":"REST"},{"floor":32.0,"key":"RECALL"},{"data":"Steam Power","floor":41,"key":"SMITH"},{"floor":49,"key":"REST"}],"neow_cost":"NO_GOLD","seed_source_timestamp":0,"circlet_count":0,"master_deck":["Strike_B","Strike_B","Strike_B","Defend_B","Defend_B","Defend_B","Zap","Dualcast","Hello World","Conserve Battery","Rebound","Beam Cell+1","Glacier","Beam Cell+1","Defragment+1","Conserve Battery","Auto Shields","Streamline+1","Seek","Rip and Tear+1","Ball Lightning","Self Repair","Necronomicurse","Self Repair","Go for the Eyes","Leap","Doubt","Thunder Strike","Defragment+1","Undo+1","Fission","Chaos+1","Redo+1","Stack","Stack","Steam Power+1","Double Energy+1","Thunder Strike","Decay","Loop+1","Skim+1","Reprogram","Writhe","Stack+1"],"special_seed":0,"relics":["Cracked Core","Bottled Tornado","Matryoshka","DataDisk","Cursed Key","Emotion Chip","Dodecahedron","Necronomicon","Bronze Scales","Oddly Smooth Stone","PreservedInsect","MawBank","Lizard Tail","ClockworkSouvenir","Question Card","Pen Nib","Shuriken","Incense Burner"],"potions_floor_usage":[38,38,40,44,44],"damage_taken":[{"damage":1.0,"enemies":"Jaw Worm","floor":1.0,"turns":3.0},{"damage":1.0,"enemies":"Cultist","floor":2.0,"turns":4.0},{"damage":0.0,"enemies":"Small Slimes","floor":3.0,"turns":2.0},{"damage":7.0,"enemies":"Lagavulin","floor":6.0,"turns":9.0},{"damage":1.0,"enemies":"Blue Slaver","floor":8.0,"turns":3.0},{"damage":3.0,"enemies":"Red Slaver","floor":10.0,"turns":4.0},{"damage":10.0,"enemies":"3 Sentries","floor":12.0,"turns":7.0},{"damage":0.0,"enemies":"Gremlin Gang","floor":14.0,"turns":5.0},{"damage":0.0,"enemies":"Hexaghost","floor":16.0,"turns":8.0},{"damage":0.0,"enemies":"3 Byrds","floor":18.0,"turns":4.0},{"damage":18.0,"enemies":"Colosseum Slavers","floor":19.0,"turns":4.0},{"damage":28.0,"enemies":"Colosseum Nobs","floor":19.0,"turns":4.0},{"damage":0.0,"enemies":"Shell Parasite","floor":22.0,"turns":4.0},{"damage":14.0,"enemies":"Slavers","floor":28.0,"turns":5.0},{"damage":0.0,"enemies":"Cultist and Chosen","floor":29.0,"turns":5.0},{"damage":7.0,"enemies":"Chosen and Byrds","floor":30.0,"turns":5.0},{"damage":13.0,"enemies":"Sentry and Sphere","floor":31.0,"turns":4.0},{"damage":27.0,"enemies":"Champ","floor":33.0,"turns":11.0},{"damage":4.0,"enemies":"Orb Walker","floor":35.0,"turns":4.0},{"damage":22,"enemies":"3 Darklings","floor":37,"turns":5},{"damage":19,"enemies":"Jaw Worm Horde","floor":38,"turns":4},{"damage":21,"enemies":"Reptomancer","floor":40,"turns":8},{"damage":21,"enemies":"Spire Growth","floor":42,"turns":5},{"damage":39,"enemies":"Giant Head","floor":44,"turns":8},{"damage":13,"enemies":"Writhing Mass","floor":45,"turns":6},{"damage":7,"enemies":"Sphere and 2 Shapes","floor":46,"turns":7},{"damage":47,"enemies":"2 Orb Walkers","floor":48,"turns":6},{"damage":40,"enemies":"Awakened One","floor":50,"turns":3}],"seed_played":"-2726985349124183016","potions_obtained":[{"floor":2.0,"key":"AttackPotion"},{"floor":6.0,"key":"Swift Potion"},{"floor":8.0,"key":"Swift Potion"},{"floor":14.0,"key":"Poison Potion"},{"floor":18.0,"key":"Swift Potion"},{"floor":22.0,"key":"Regen Potion"},{"floor":31.0,"key":"SpeedPotion"},{"floor":37,"key":"Regen Potion"},{"floor":38,"key":"Weak Potion"},{"floor":42,"key":"SpeedPotion"},{"floor":46,"key":"FocusPotion"},{"floor":48,"key":"FearPotion"}],"is_trial":false,"path_per_floor":["M","M","M","?","$","E","R","M","T","M","R","E","?","M","R","B",null,"M","?","$","?","M","R","$","R","T","?","E","M","M","M","R","B",null,"M","?","M","M","$","E","R","M","T","E","M","M","?","?","R","B"],"character_chosen":"DEFECT","items_purchased":["Beam Cell","Self Repair","Bronze Scales","Go for the Eyes","Leap","ClockworkSouvenir","Stack","Steam Power"],"campfire_rested":3,"item_purchase_floors":[5,20,24,24,24,39,39,39],"current_hp_per_floor":[74,73,73,73,73,66,66,65,65,62,62,52,52,52,52,52,75,75,29,29,13,13,35,35,57,57,57,50,57,64,58,58,45,75,75,75,67,64,64,57,57,36,36,26,27,34,53,20,42,2],"gold":557,"neow_bonus":"TRANSFORM_TWO_CARDS","is_prod":false,"is_daily":false,"chose_seed":false,"campfire_upgraded":4,"win_rate":0,"timestamp":1545024320,"path_taken":["M","M","M","?","$","E","R","M","T","M","R","E","?","M","R","BOSS","M","?","$","?","M","R","?","R","T","?","E","M","M","M","R","BOSS","M","?","M","?","$","E","R","M","T","E","M","?","?","?","R","BOSS"],"build_version":"2018-12-13","purchased_purges":1,"victory":false,"max_hp_per_floor":[75,75,75,75,75,75,75,75,75,75,75,75,75,75,75,75,75,75,75,75,75,75,75,75,75,75,75,75,75,75,75,75,75,75,75,75,75,75,75,75,75,75,75,75,75,75,75,75,75,75],"card_choices":[{"not_picked":["Static Discharge","Leap"],"picked":"Rebound","floor":1.0},{"not_picked":["Compile Driver","Hologram"],"picked":"Beam Cell","floor":2.0},{"not_picked":["Aggregate","Turbo"],"picked":"Glacier","floor":3.0},{"not_picked":["Streamline","Sunder"],"picked":"Defragment","floor":6.0},{"not_picked":["Sweeping Beam","Hologram","Heatsinks"],"picked":"SKIP","floor":8.0},{"not_picked":["Leap","Cold Snap"],"picked":"Conserve Battery","floor":10.0},{"not_picked":["Biased Cognition","Hyperbeam"],"picked":"Auto Shields","floor":12.0},{"not_picked":["Leap","Go for the Eyes"],"picked":"Streamline","floor":14.0},{"not_picked":["Meteor Strike","Buffer"],"picked":"Seek","floor":16.0},{"not_picked":["Glacier","Steam"],"picked":"Rip and Tear+1","floor":18.0},{"not_picked":["Stack","Go for the Eyes"],"picked":"Ball Lightning","floor":19.0},{"not_picked":["Redo","Skim+1"],"picked":"Self Repair","floor":22.0},{"not_picked":["Rebound","Coolheaded"],"picked":"Thunder Strike","floor":28.0},{"not_picked":["Sweeping Beam","Skim"],"picked":"Defragment+1","floor":29.0},{"not_picked":["Lockon","Gash","Coolheaded"],"picked":"SKIP","floor":30.0},{"not_picked":["Tempest","Ball Lightning"],"picked":"Undo+1","floor":31.0},{"not_picked":["Core Surge","Buffer"],"picked":"Fission","floor":33.0},{"not_picked":["Loop","Beam Cell+1"],"picked":"Chaos+1","floor":35.0},{"not_picked":["BootSequence+1","Leap"],"picked":"Redo+1","floor":37},{"not_picked":["Coolheaded","Heatsinks"],"picked":"Stack","floor":38},{"not_picked":["Leap+1","Fusion"],"picked":"Double Energy+1","floor":40},{"not_picked":["Turbo+1","Leap+1","Rebound"],"picked":"Thunder Strike","floor":42},{"not_picked":["Tempest","Fission","White Noise+1"],"picked":"Loop+1","floor":44},{"not_picked":["Sweeping Beam","Storm+1","Rebound+1"],"picked":"Skim+1","floor":45},{"not_picked":["Conserve Battery+1","Beam Cell+1","Doom and Gloom"],"picked":"Reprogram","floor":46},{"not_picked":["Beam Cell","Rebound+1","Reprogram+1"],"picked":"Stack+1","floor":48}],"player_experience":368115,"relics_obtained":[{"floor":6.0,"key":"Bottled Tornado"},{"floor":9.0,"key":"Matryoshka"},{"floor":12.0,"key":"DataDisk"},{"floor":19.0,"key":"Emotion Chip"},{"floor":19.0,"key":"Dodecahedron"},{"floor":21.0,"key":"Necronomicon"},{"floor":26.0,"key":"Oddly Smooth Stone"},{"floor":26.0,"key":"PreservedInsect"},{"floor":28.0,"key":"MawBank"},{"floor":40,"key":"Question Card"},{"floor":43,"key":"Pen Nib"},{"floor":44,"key":"Shuriken"},{"floor":48,"key":"Incense Burner"}],"event_choices":[{"damage_healed":0.0,"max_hp_gain":0.0,"max_hp_loss":0.0,"gold_gain":0.0,"event_name":"Living Wall","player_choice":"Grow","floor":4.0,"gold_loss":0.0,"damage_taken":0.0,"cards_upgraded":["Beam Cell"]},{"damage_healed":0.0,"max_hp_gain":0.0,"max_hp_loss":0.0,"gold_gain":0.0,"event_name":"NoteForYourself","player_choice":"Ignored","floor":13.0,"gold_loss":0.0,"damage_taken":0.0},{"damage_healed":0.0,"max_hp_gain":0.0,"max_hp_loss":0.0,"gold_gain":0.0,"event_name":"Colosseum","player_choice":"Fight","floor":19.0,"gold_loss":0.0,"damage_taken":0.0},{"damage_healed":0.0,"max_hp_gain":0.0,"max_hp_loss":0.0,"gold_gain":0.0,"event_name":"Colosseum","player_choice":"Fought Nobs","floor":19.0,"gold_loss":0.0,"damage_taken":0.0},{"damage_healed":0.0,"max_hp_gain":0.0,"max_hp_loss":0.0,"gold_gain":0.0,"event_name":"Cursed Tome","player_choice":"Obtained Book","floor":21.0,"gold_loss":0.0,"damage_taken":16.0},{"damage_healed":0.0,"max_hp_gain":0.0,"max_hp_loss":0.0,"gold_gain":99.0,"event_name":"Nest","player_choice":"Stole From Cult","floor":27.0,"gold_loss":0.0,"damage_taken":0.0},{"damage_healed":0.0,"max_hp_gain":0.0,"max_hp_loss":0.0,"gold_gain":275.0,"event_name":"Golden Shrine","player_choice":"Desecrate","floor":36.0,"gold_loss":0.0,"damage_taken":0.0,"cards_obtained":["Regret"]},{"damage_healed":19,"gold_gain":0,"player_choice":"Writhe","damage_taken":0,"max_hp_gain":0,"max_hp_loss":0,"event_name":"Winding Halls","floor":47,"gold_loss":0,"cards_obtained":["Writhe"]},{"damage_healed":0,"gold_gain":0,"player_choice":"Fight","damage_taken":0,"max_hp_gain":0,"max_hp_loss":0,"event_name":"Mysterious Sphere","floor":48,"gold_loss":0}],"is_beta":false,"boss_relics":[{"not_picked":["Runic Pyramid","Black Star"],"picked":"Cursed Key"},{"not_picked":["Orrery","Runic Dome"],"picked":"Lizard Tail"}],"items_purged_floors":[39],"is_endless":false,"potions_floor_spawned":[2,6,8,14,18,19,22,31,37,38,42,46,48],"killed_by":"Awakened One","ascension_level":0}