{"gold_per_floor":[115,132,142,142,107,136,136,136,160,195,206,236,255,267,267,369,369,388,388,466,466,481,481,494,494,494,494,512,531,548,576,576,681,681,698,698,369,388,400,400,415,415,440,469,469,105,120,120,120,120],"floor_reached":51,"playtime":2068,"items_purged":[],"score":1286,"play_id":"210ed704-f33f-4f51-ac00-ad90cfe4a19e","local_time":"20190910220300","is_ascension_mode":true,"campfire_choices":[{"data":"Zap","floor":7.0,"key":"SMITH"},{"floor":15.0,"key":"REST"},{"floor":23.0,"key":"REST"},{"data":"Echo Form","floor":25.0,"key":"SMITH"},{"floor":27.0,"key":"REST"},{"floor":32.0,"key":"REST"},{"floor":40.0,"key":"REST"},{"floor":42.0,"key":"REST"},{"floor":45.0,"key":"RECALL"},{"floor":49.0,"key":"REST"}],"neow_cost":"NONE","seed_source_timestamp":0,"circlet_count":0,"master_deck":["AscendersBane","Strike_B","Strike_B","Strike_B","Strike_B+1","Defend_B","Defend_B","Defend_B","Defend_B","Zap+1","Dualcast","Go for the Eyes","Leap","Ball Lightning","Hello World","Rebound","Melter","Doom and Gloom+1","Auto Shields","Echo Form+1","Melter+1","Glacier+1","Melter+1","Echo Form","Rebound+1","Sweeping Beam+1","Hyperbeam+1","Ball Lightning+1","Cold Snap+1","Electrodynamics","Fusion+1","Ball Lightning+1","Ball Lightning+1","Ball Lightning+1","Cold Snap+1","Thunder Strike+1","Defragment","Seek","Leap+1","Defragment+1"],"special_seed":0,"relics":["Cracked Core","Omamori","PreservedInsect","Anchor","Thread and Needle","Snecko Eye","Molten Egg 2","The Courier","Prayer Wheel","Whetstone","Fusion Hammer","DataDisk","Mummified Hand","Bag of Preparation","Gambling Chip","Bronze Scales","ClockworkSouvenir"],"potions_floor_usage":[50,50],"damage_taken":[{"damage":3.0,"enemies":"Jaw Worm","floor":1.0,"turns":4.0},{"damage":13.0,"enemies":"Small Slimes","floor":2.0,"turns":3.0},{"damage":1.0,"enemies":"Cultist","floor":3.0,"turns":4.0},{"damage":27.0,"enemies":"Lagavulin","floor":6.0,"turns":6.0},{"damage":0.0,"enemies":"Gremlin Nob","floor":10.0,"turns":3.0},{"damage":17.0,"enemies":"Gremlin Gang","floor":11.0,"turns":5.0},{"damage":10.0,"enemies":"Lagavulin","floor":12.0,"turns":4.0},{"damage":0.0,"enemies":"Large Slime","floor":13.0,"turns":4.0},{"damage":0.0,"enemies":"Exordium Thugs","floor":14.0,"turns":4.0},{"damage":32.0,"enemies":"The Guardian","floor":16.0,"turns":10.0},{"damage":17.0,"enemies":"Shell Parasite","floor":18.0,"turns":6.0},{"damage":15.0,"enemies":"3 Byrds","floor":22.0,"turns":3.0},{"damage":0.0,"enemies":"Snecko","floor":24.0,"turns":6.0},{"damage":0.0,"enemies":"Chosen and Byrds","floor":28.0,"turns":5.0},{"damage":6.0,"enemies":"Shelled Parasite and Fungi","floor":29.0,"turns":5.0},{"damage":8.0,"enemies":"Centurion and Healer","floor":30.0,"turns":4.0},{"damage":0.0,"enemies":"Slavers","floor":31.0,"turns":1.0},{"damage":50.0,"enemies":"Automaton","floor":33.0,"turns":7.0},{"damage":0.0,"enemies":"3 Shapes","floor":35.0,"turns":2.0},{"damage":0.0,"enemies":"Orb Walker","floor":38.0,"turns":3.0},{"damage":2.0,"enemies":"Transient","floor":39.0,"turns":5.0},{"damage":0.0,"enemies":"Maw","floor":41.0,"turns":6.0},{"damage":0.0,"enemies":"Giant Head","floor":44.0,"turns":5.0},{"damage":0.0,"enemies":"Jaw Worm Horde","floor":47.0,"turns":1.0},{"damage":0.0,"enemies":"Nemesis","floor":48.0,"turns":1.0},{"damage":46,"enemies":"Awakened One","floor":50,"turns":6}],"seed_played":"-2000271635588379777","potions_obtained":[{"floor":2.0,"key":"GamblersBrew"},{"floor":10.0,"key":"FearPotion"},{"floor":12.0,"key":"Dexterity Potion"},{"floor":14.0,"key":"Explosive Potion"},{"floor":28.0,"key":"Poison Potion"},{"floor":31.0,"key":"SkillPotion"},{"floor":33.0,"key":"SmokeBomb"},{"floor":35.0,"key":"Strength Potion"}],"is_trial":false,"path_per_floor":["M","M","M","$","?","E","R","?","T","E","M","E","M","M","R","B",null,"M","?","T","T","M","R","M","R","T","R","M","M","M","E","R","B",null,"M","?","$","M","M","R","M","R","T","E","R","$","M","E","R","B",null],"character_chosen":"DEFECT","items_purchased":["DataDisk","Mummified Hand","Bronze Scales","Seek","ClockworkSouvenir"],"campfire_rested":7,"item_purchase_floors":[37,37,46,46,46],"current_hp_per_floor":[72,59,58,58,78,51,51,51,51,51,34,24,24,24,48,16,66,49,33,33,33,18,44,44,44,44,70,70,64,56,56,82,32,73,73,97,97,97,95,97,97,97,97,97,97,97,97,97,97,51],"gold":120,"neow_bonus":"TEN_PERCENT_HP_BONUS","is_prod":false,"is_daily":false,"chose_seed":false,"campfire_upgraded":2,"win_rate":0,"timestamp":1568167380,"path_taken":["M","M","M","$","?","E","R","?","T","E","?","E","?","M","R","BOSS","M","?","?","?","M","R","M","R","T","R","?","M","M","E","R","BOSS","M","?","$","M","M","R","M","R","T","E","R","$","?","E","R","BOSS"],"build_version":"2019-09-10","purchased_purges":0,"victory":true,"max_hp_per_floor":[82,82,82,82,82,82,82,82,82,82,82,82,82,82,82,82,82,82,87,87,87,87,87,87,87,87,87,87,87,87,87,87,87,87,87,97,97,97,97,97,97,97,97,97,97,97,97,97,97,97],"card_choices":[{"not_picked":["Beam Cell","Darkness"],"picked":"Go for the Eyes","floor":1.0},{"not_picked":["Barrage","Cold Snap"],"picked":"Leap","floor":2.0},{"not_picked":["Reprogram","Steam"],"picked":"Ball Lightning","floor":3.0},{"not_picked":["Loop","Coolheaded"],"picked":"Hello World","floor":6.0},{"not_picked":["Scrape","Streamline"],"picked":"Rebound","floor":10.0},{"not_picked":["FTL","Leap"],"picked":"Melter","floor":11.0},{"not_picked":["Steam Power","Go for the Eyes"],"picked":"Doom and Gloom","floor":12.0},{"not_picked":["Reinforced Body","Cold Snap"],"picked":"Hyperbeam","floor":13.0},{"not_picked":["Go for the Eyes","Hologram"],"picked":"Auto Shields","floor":14.0},{"not_picked":["All For One","Fission"],"picked":"Echo Form","floor":16.0},{"not_picked":["Go for the Eyes","Static Discharge"],"picked":"Melter+1","floor":18.0},{"not_picked":["Coolheaded","Gash+1"],"picked":"Glacier+1","floor":22.0},{"not_picked":["Beam Cell+1","Redo+1"],"picked":"Melter+1","floor":24.0},{"not_picked":["Heatsinks","Turbo"],"picked":"Echo Form","floor":28.0},{"not_picked":["Steam+1","Go for the Eyes+1"],"picked":"Rebound+1","floor":28.0},{"not_picked":["Turbo","Scrape+1"],"picked":"Sweeping Beam+1","floor":29.0},{"not_picked":["Chaos","Blizzard+1"],"picked":"Hyperbeam+1","floor":29.0},{"not_picked":["Coolheaded","Double Energy"],"picked":"Ball Lightning+1","floor":30.0},{"not_picked":["Skim","Rebound+1"],"picked":"Cold Snap+1","floor":30.0},{"not_picked":["Gash+1","Recycle","Darkness"],"picked":"SKIP","floor":31.0},{"not_picked":["Seek","All For One+1"],"picked":"Electrodynamics","floor":33.0},{"not_picked":["Rebound+1","Redo"],"picked":"Fusion+1","floor":35.0},{"not_picked":["Cold Snap+1","Scrape+1"],"picked":"Ball Lightning+1","floor":35.0},{"not_picked":["Redo","Cold Snap+1"],"picked":"Ball Lightning+1","floor":38.0},{"not_picked":["Gash+1","Streamline+1","Redo"],"picked":"SKIP","floor":38.0},{"not_picked":["Steam","Cold Snap+1"],"picked":"Ball Lightning+1","floor":39.0},{"not_picked":["Redo","Force Field"],"picked":"Cold Snap+1","floor":39.0},{"not_picked":["Force Field","Auto Shields+1"],"picked":"Thunder Strike+1","floor":41.0},{"not_picked":["Barrage+1","Chill+1","Leap"],"picked":"SKIP","floor":41.0},{"not_picked":["Beam Cell+1","Steam"],"picked":"Defragment","floor":44.0},{"not_picked":["Stack","Beam Cell+1"],"picked":"Leap+1","floor":47.0},{"not_picked":["Steam Power","Stack"],"picked":"Defragment+1","floor":47.0}],"player_experience":343725,"relics_obtained":[{"floor":6.0,"key":"Omamori"},{"floor":9.0,"key":"PreservedInsect"},{"floor":10.0,"key":"Anchor"},{"floor":12.0,"key":"Thread and Needle"},{"floor":20.0,"key":"Molten Egg 2"},{"floor":21.0,"key":"The Courier"},{"floor":26.0,"key":"Prayer Wheel"},{"floor":31.0,"key":"Whetstone"},{"floor":43.0,"key":"Bag of Preparation"},{"floor":44.0,"key":"Gambling Chip"}],"event_choices":[{"damage_healed":20.0,"max_hp_gain":0.0,"max_hp_loss":0.0,"gold_gain":0.0,"event_name":"The Cleric","player_choice":"Healed","floor":5.0,"gold_loss":35.0,"damage_taken":0.0},{"damage_healed":0.0,"max_hp_gain":0.0,"max_hp_loss":0.0,"gold_gain":0.0,"event_name":"FaceTrader","player_choice":"Leave","floor":8.0,"gold_loss":0.0,"damage_taken":0.0},{"damage_healed":0.0,"max_hp_gain":5.0,"max_hp_loss":0.0,"gold_gain":0.0,"event_name":"Forgotten Altar","player_choice":"Shed Blood","floor":19.0,"gold_loss":0.0,"damage_taken":21.0},{"cards_removed":["Hyperbeam"],"damage_healed":14.0,"max_hp_gain":10.0,"max_hp_loss":0.0,"gold_gain":0.0,"event_name":"Bonfire Elementals","player_choice":"Offered Rare","floor":36.0,"gold_loss":0.0,"damage_taken":0.0}],"is_beta":true,"boss_relics":[{"not_picked":["Tiny House","SlaversCollar"],"picked":"Snecko Eye"},{"not_picked":["Runic Pyramid","Velvet Choker"],"picked":"Fusion Hammer"}],"items_purged_floors":[],"is_endless":false,"potions_floor_spawned":[2,10,12,14,16,28,31,33,35,41,44],"ascension_level":10}