{"gold_per_floor":[365,146,146,166,116,116,116,133,133,48,223,223,243,243],"floor_reached":14,"playtime":743,"items_purged":["Strike_G"],"score":78,"play_id":"7cb9a1fb-a949-4405-9b44-086c2901d283","local_time":"20181204202856","is_ascension_mode":false,"campfire_choices":[{"data":"Endless Agony","floor":6,"key":"SMITH"},{"data":"Calculated Gamble","floor":12,"key":"SMITH"}],"neow_cost":"CURSE","seed_source_timestamp":1717006753407190,"circlet_count":0,"master_deck":["Defend_G","Defend_G","Defend_G","Defend_G","Defend_G","Strike_G","Strike_G","Strike_G","Strike_G","Survivor","Neutralize","Parasite","Endless Agony+1","Acrobatics","Slice","Escape Plan","Leg Sweep","Decay","Calculated Gamble+1","Bandage Up","Doubt","Blade Dance"],"relics":["Ring of the Snake","Bag of Marbles","Bottled Lightning"],"potions_floor_usage":[],"damage_taken":[{"damage":1,"enemies":"Cultist","floor":1,"turns":4},{"damage":10,"enemies":"Jaw Worm","floor":4,"turns":5},{"damage":0,"enemies":"2 Louse","floor":8,"turns":2},{"damage":12,"enemies":"Large Slime","floor":13,"turns":12},{"damage":39,"enemies":"Gremlin Nob","floor":14,"turns":6}],"seed_played":"2594496299641830475","potions_obtained":[],"is_trial":false,"path_per_floor":["M","$","?","M","?","R","?","M","T","$","?","R","M","E"],"character_chosen":"THE_SILENT","items_purchased":["Acrobatics","Slice","Escape Plan","Bandage Up"],"campfire_rested":0,"item_purchase_floors":[2,2,2,10],"current_hp_per_floor":[69,69,69,59,59,59,59,59,59,59,59,59,51,12],"gold":243,"neow_bonus":"TWO_FIFTY_GOLD","is_prod":false,"is_daily":false,"chose_seed":false,"campfire_upgraded":2,"win_rate":0,"timestamp":1543973336,"path_taken":["M","?","?","?","?","R","?","?","T","$","?","R","M","E"],"build_version":"2018-11-15","purchased_purges":1,"victory":false,"max_hp_per_floor":[70,70,70,70,70,70,70,70,70,70,70,70,70,70],"card_choices":[{"not_picked":["Blur","Blade Dance"],"picked":"Endless Agony","floor":1},{"not_picked":["Dagger Spray","Dash"],"picked":"Leg Sweep","floor":4},{"not_picked":["Setup","Flying Knee"],"picked":"Calculated Gamble","floor":8},{"not_picked":["Infinite Blades","Prepared"],"picked":"Blade Dance","floor":13}],"player_experience":338576,"relics_obtained":[{"floor":9,"key":"Bottled Lightning"}],"event_choices":[{"damage_healed":0,"gold_gain":0,"player_choice":"Box","damage_taken":0,"relics_obtained":["Bag of Marbles"],"max_hp_gain":0,"max_hp_loss":0,"event_name":"Big Fish","floor":3,"gold_loss":0,"cards_obtained":["Regret"]},{"cards_removed":["Regret"],"damage_healed":0,"gold_gain":0,"player_choice":"Card Removal","damage_taken":0,"max_hp_gain":0,"max_hp_loss":0,"event_name":"The Cleric","floor":5,"gold_loss":50},{"damage_healed":0,"gold_gain":0,"player_choice":"Cursed","damage_taken":0,"max_hp_gain":0,"max_hp_loss":0,"event_name":"Wheel of Change","floor":7,"gold_loss":0,"cards_obtained":["Decay"]},{"damage_healed":0,"gold_gain":175,"player_choice":"AGREE","damage_taken":0,"max_hp_gain":0,"max_hp_loss":0,"event_name":"Liars Game","floor":11,"gold_loss":0,"cards_obtained":["Doubt"]}],"is_beta":false,"boss_relics":[],"items_purged_floors":[2],"is_endless":false,"potions_floor_spawned":[],"killed_by":"Gremlin Nob","ascension_level":0}