{"gold_per_floor":[118,136,114,84,104,104,123,134,179,23,51,67,82,99,99,177,177,167,217,230,70,70,102,102,116,116,116,135,135],"floor_reached":29,"playtime":1056,"items_purged":[],"score":505,"play_id":"84f4f4c4-bf92-4b9a-a7e8-513b8e75c182","local_time":"20190920005038","is_ascension_mode":true,"campfire_choices":[{"data":"Genetic Algorithm","floor":6,"key":"SMITH"},{"data":"Redo","floor":15,"key":"SMITH"},{"data":"Defragment","floor":24,"key":"SMITH"},{"floor":27,"key":"REST"}],"neow_cost":"NONE","seed_source_timestamp":114012101538007,"circlet_count":0,"master_deck":["AscendersBane","Zap","Dualcast","Conserve Battery","Genetic Algorithm+1","Sweeping Beam","Ball Lightning","Cold Snap","Auto Shields","Self Repair","Redo+1","Self Repair","Hello World","Echo Form","Static Discharge","Core Surge","Redo","Streamline","Echo Form","Meteor Strike","Meteor Strike","Ball Lightning","Ball Lightning","Ball Lightning","Apotheosis","Defragment+1","Beam Cell+1","Storm+1"],"relics":["Runic Dome","Toy Ornithopter","Membership Card","Kunai","Pandora\u0027s Box","Toolbox","Dream Catcher","Mummified Hand"],"potions_floor_usage":[11,12,18,23],"damage_taken":[{"damage":7,"enemies":"Jaw Worm","floor":1,"turns":3},{"damage":0,"enemies":"Cultist","floor":2,"turns":3},{"damage":4,"enemies":"Small Slimes","floor":5,"turns":4},{"damage":3,"enemies":"Exordium Wildlife","floor":7,"turns":3},{"damage":11,"enemies":"Blue Slaver","floor":8,"turns":4},{"damage":0,"enemies":"Lagavulin","floor":11,"turns":6},{"damage":0,"enemies":"Gremlin Gang","floor":12,"turns":2},{"damage":4,"enemies":"Looter","floor":13,"turns":3},{"damage":6,"enemies":"Exordium Wildlife","floor":14,"turns":5},{"damage":50,"enemies":"Hexaghost","floor":16,"turns":11},{"damage":22,"enemies":"2 Thieves","floor":18,"turns":4},{"damage":7,"enemies":"3 Byrds","floor":20,"turns":5},{"damage":49,"enemies":"Slavers","floor":23,"turns":5},{"damage":22,"enemies":"Cultist and Chosen","floor":25,"turns":6},{"damage":37,"enemies":"Centurion and Healer","floor":28,"turns":3},{"damage":18,"enemies":"Snecko","floor":29,"turns":2}],"seed_played":"8906902128664982071","potions_obtained":[{"floor":4,"key":"Explosive Potion"},{"floor":4,"key":"GamblersBrew"},{"floor":8,"key":"EssenceOfSteel"},{"floor":12,"key":"SpeedPotion"},{"floor":13,"key":"GamblersBrew"},{"floor":16,"key":"SkillPotion"},{"floor":20,"key":"EssenceOfDarkness"},{"floor":23,"key":"FearPotion"}],"is_trial":false,"path_per_floor":["M","M","$","?","M","R","M","M","T","$","E","M","M","M","R","B",null,"M","?","M","$","?","E","R","M","T","R","M","M"],"character_chosen":"DEFECT","items_purchased":["Sweeping Beam","Membership Card","Toolbox","Apotheosis"],"campfire_rested":1,"item_purchase_floors":[3,10,21,21],"current_hp_per_floor":[57,57,57,57,53,53,50,39,39,39,44,49,52,60,60,24,59,56,56,63,63,56,26,26,18,18,39,16,0],"gold":135,"neow_bonus":"BOSS_RELIC","is_prod":false,"is_daily":false,"chose_seed":false,"campfire_upgraded":3,"win_rate":0,"timestamp":1568955038,"path_taken":["M","M","$","?","M","R","M","M","T","$","E","?","M","M","R","BOSS","M","?","M","$","?","E","R","M","T","R","M","?"],"build_version":"2019-09-19","purchased_purges":0,"victory":false,"max_hp_per_floor":[71,71,71,71,71,71,71,71,71,71,71,71,71,71,71,71,71,71,71,71,71,71,71,71,71,71,71,71,71],"card_choices":[{"not_picked":["Compile Driver","Reinforced Body"],"picked":"Conserve Battery","floor":1},{"not_picked":["Reinforced Body","Streamline"],"picked":"Genetic Algorithm","floor":2},{"not_picked":["Reinforced Body","Streamline"],"picked":"Ball Lightning","floor":5},{"not_picked":["Redo","Conserve Battery"],"picked":"Cold Snap","floor":7},{"not_picked":["Melter","FTL"],"picked":"Auto Shields","floor":8},{"not_picked":["Rebound","Meteor Strike"],"picked":"Self Repair","floor":11},{"not_picked":["Beam Cell","Compile Driver"],"picked":"Redo","floor":12},{"not_picked":["Barrage","Lockon"],"picked":"Self Repair","floor":13},{"not_picked":["Gash","Leap"],"picked":"Hello World","floor":14},{"not_picked":["Hyperbeam","Reboot"],"picked":"Echo Form","floor":16},{"not_picked":["Rebound","Streamline"],"picked":"Ball Lightning","floor":18},{"not_picked":["Streamline","Undo"],"picked":"Ball Lightning","floor":20},{"not_picked":["Coolheaded","Cold Snap"],"picked":"Defragment","floor":23},{"not_picked":["Streamline","Steam Power"],"picked":"Beam Cell+1","floor":25},{"not_picked":["Ball Lightning","Reprogram"],"picked":"Storm+1","floor":27},{"not_picked":["Gash","Recycle","Steam Power"],"picked":"SKIP","floor":28}],"player_experience":593594,"relics_obtained":[{"floor":9,"key":"Toy Ornithopter"},{"floor":11,"key":"Kunai"},{"floor":23,"key":"Dream Catcher"},{"floor":26,"key":"Mummified Hand"}],"event_choices":[{"damage_healed":0,"gold_gain":0,"player_choice":"Bought 2 Potions","damage_taken":0,"max_hp_gain":0,"max_hp_loss":0,"event_name":"The Woman in Blue","floor":4,"gold_loss":0},{"damage_healed":0,"gold_gain":50,"player_choice":"Stole From Cult","damage_taken":0,"max_hp_gain":0,"max_hp_loss":0,"event_name":"Nest","floor":19,"gold_loss":0},{"damage_healed":0,"gold_gain":0,"player_choice":"","damage_taken":7,"max_hp_gain":0,"max_hp_loss":0,"event_name":"Knowing Skull","floor":22,"potions_obtained":[],"gold_loss":0,"cards_obtained":[]}],"is_beta":true,"boss_relics":[{"not_picked":["Coffee Dripper","Nuclear Battery"],"picked":"Pandora\u0027s Box"}],"items_purged_floors":[],"is_endless":false,"potions_floor_spawned":[8,12,13,16,20,23],"killed_by":"Snecko","ascension_level":15}