{"gold_per_floor":[115,68,68,88,108,108,122,134,159,159,334,334,334,350,350,424,424,424,0,0,0,0,0,0,0,0,0],"floor_reached":27,"playtime":647,"items_purged":[],"score":376,"play_id":"befb0181-ec98-4d05-bce9-2e588878700a","local_time":"20190918224658","is_ascension_mode":true,"campfire_choices":[{"data":"Zap","floor":6.0,"key":"SMITH"},{"data":"Defragment","floor":13.0,"key":"SMITH"},{"data":"Defragment","floor":15.0,"key":"SMITH"},{"floor":23,"key":"REST"}],"neow_cost":"NONE","seed_source_timestamp":0,"circlet_count":0,"master_deck":["AscendersBane","Strike_B+1","Strike_B+1","Strike_B+1","Strike_B+1","Defend_B+1","Defend_B+1","Defend_B+1","Defend_B+1","Zap+1","Dualcast+1","Defragment+1","Ball Lightning","Auto Shields","Redo+1","Defragment+1","FTL","Streamline","Echo Form","Go for the Eyes","Cold Snap"],"special_seed":0,"relics":["Philosopher\u0027s Stone","FaceOfCleric","Bag of Marbles","Ectoplasm","War Paint","Centennial Puzzle"],"potions_floor_usage":[27,27],"damage_taken":[{"damage":3.0,"enemies":"Jaw Worm","floor":1.0,"turns":3.0},{"damage":0.0,"enemies":"Cultist","floor":4.0,"turns":3.0},{"damage":0.0,"enemies":"2 Louse","floor":5.0,"turns":3.0},{"damage":4.0,"enemies":"2 Fungi Beasts","floor":7.0,"turns":4.0},{"damage":7.0,"enemies":"Looter","floor":8.0,"turns":3.0},{"damage":4.0,"enemies":"Blue Slaver","floor":14.0,"turns":2.0},{"damage":33.0,"enemies":"Hexaghost","floor":16.0,"turns":7.0},{"damage":32.0,"enemies":"Chosen","floor":18.0,"turns":5.0},{"damage":2,"enemies":"Spheric Guardian","floor":20,"turns":3},{"damage":44,"enemies":"Book of Stabbing","floor":24,"turns":6},{"damage":15,"enemies":"Slavers","floor":27,"turns":1}],"seed_played":"-7678845847452120243","potions_obtained":[{"floor":1.0,"key":"Dexterity Potion"},{"floor":5.0,"key":"Poison Potion"},{"floor":7.0,"key":"FocusPotion"},{"floor":24,"key":"PowerPotion"}],"is_trial":false,"path_per_floor":["M","$","?","M","M","R","M","M","T","$","?","?","R","M","R","B",null,"M","?","M","$","?","R","E","$","T","E"],"character_chosen":"DEFECT","items_purchased":["Ball Lightning"],"campfire_rested":1,"item_purchase_floors":[2],"current_hp_per_floor":[61,61,61,62,63,63,60,54,54,54,54,47,47,44,44,12,61,30,30,29,29,29,52,9,9,9,0],"gold":0,"neow_bonus":"BOSS_RELIC","is_prod":false,"is_daily":false,"chose_seed":false,"campfire_upgraded":3,"win_rate":0,"timestamp":1568861218,"path_taken":["M","$","?","?","M","R","M","?","T","$","?","?","R","M","R","BOSS","M","?","M","$","?","R","E","$","T","E"],"build_version":"2019-09-18","purchased_purges":0,"victory":false,"max_hp_per_floor":[71,71,71,72,73,73,74,75,75,75,75,75,75,76,76,77,77,78,78,79,79,79,79,80,80,80,80],"card_choices":[{"not_picked":["Streamline","Lockon"],"picked":"Defragment","floor":1.0},{"not_picked":["Hello World","Cold Snap"],"picked":"Auto Shields","floor":4.0},{"not_picked":["Barrage","Hologram"],"picked":"Redo","floor":5.0},{"not_picked":["Auto Shields","Hologram"],"picked":"Defragment","floor":7.0},{"not_picked":["Recycle","Tempest"],"picked":"FTL","floor":8.0},{"not_picked":["Fusion","Loop"],"picked":"Streamline","floor":14.0},{"not_picked":["Creative AI","Rainbow"],"picked":"Echo Form","floor":16.0},{"not_picked":["Streamline","Darkness"],"picked":"Go for the Eyes","floor":18.0},{"not_picked":["Barrage","Turbo"],"picked":"Cold Snap","floor":20},{"not_picked":["Reinforced Body","Streamline","Barrage"],"picked":"SKIP","floor":24}],"player_experience":566280,"relics_obtained":[{"floor":9.0,"key":"Bag of Marbles"},{"floor":24,"key":"War Paint"},{"floor":26,"key":"Centennial Puzzle"}],"event_choices":[{"damage_healed":0.0,"max_hp_gain":0.0,"max_hp_loss":0.0,"gold_gain":0.0,"event_name":"FaceTrader","player_choice":"Trade","floor":3.0,"gold_loss":0.0,"damage_taken":0.0,"relics_obtained":["FaceOfCleric"]},{"damage_healed":0.0,"max_hp_gain":0.0,"max_hp_loss":0.0,"gold_gain":175.0,"event_name":"Liars Game","player_choice":"AGREE","floor":11.0,"gold_loss":0.0,"damage_taken":0.0,"cards_obtained":["Doubt"]},{"cards_removed":["Doubt"],"damage_healed":0.0,"max_hp_gain":0.0,"max_hp_loss":0.0,"gold_gain":0.0,"event_name":"Golden Wing","player_choice":"Card Removal","floor":12.0,"gold_loss":0.0,"damage_taken":7.0},{"damage_healed":0,"gold_gain":0,"player_choice":"Paid Fearfully","damage_taken":0,"max_hp_gain":0,"max_hp_loss":0,"event_name":"Masked Bandits","floor":19,"gold_loss":424},{"damage_healed":0,"gold_gain":0,"player_choice":"Simplicity","damage_taken":0,"max_hp_gain":0,"max_hp_loss":0,"event_name":"Back to Basics","floor":22,"gold_loss":0,"cards_upgraded":["Strike_B","Strike_B","Strike_B","Strike_B","Defend_B","Defend_B","Defend_B","Defend_B"]}],"is_beta":true,"boss_relics":[{"not_picked":["Empty Cage","Runic Dome"],"picked":"Ectoplasm"}],"items_purged_floors":[],"is_endless":false,"potions_floor_spawned":[1,5,7,8,18,24],"killed_by":"Slavers","ascension_level":14}