{"gold_per_floor":[110,121,137,312,312,312,332,347,347,347,380,134,134,148,148,272,272,295,295,295,44,71,102,122,140,140,140,23,23,37,15,15,140,140,163,179,179,145,145],"floor_reached":39,"playtime":1857,"items_purged":["Doubt","Writhe"],"score":459,"play_id":"f9dec019-d9b3-4d7f-86f7-8d0d11499192","local_time":"20190826210314","is_ascension_mode":true,"campfire_choices":[{"data":"Zap","floor":6,"key":"SMITH"},{"data":"Dualcast","floor":10,"key":"SMITH"},{"floor":13,"key":"REST"},{"data":"Consume","floor":15,"key":"SMITH"},{"data":"Echo Form","floor":27,"key":"SMITH"},{"floor":29,"key":"REST"},{"floor":32,"key":"REST"}],"neow_cost":"NONE","seed_source_timestamp":721746350290103,"circlet_count":0,"master_deck":["Strike_B","Strike_B","Strike_B","Defend_B","Defend_B","Defend_B","Defend_B","Zap+1","Dualcast+1","Beam Cell","FTL","Ball Lightning","Glacier","Reboot","Consume+1","Gash","Static Discharge","Echo Form+1","Auto Shields+1","Glacier","Capacitor","Defragment+1","Barrage+1","Redo+1","Defragment","White Noise","Beam Cell","Steam","All For One","Go for the Eyes+1","Ball Lightning","Compile Driver","Self Repair"],"relics":["FrozenCore","Strawberry","Golden Idol","WingedGreaves","Darkstone Periapt","Orichalcum","Incense Burner","Vajra","Bronze Scales","Calipers","Inserter"],"potions_floor_usage":[23,39],"damage_taken":[{"damage":5,"enemies":"Small Slimes","floor":1,"turns":3},{"damage":2,"enemies":"Jaw Worm","floor":2,"turns":3},{"damage":0,"enemies":"2 Louse","floor":3,"turns":1},{"damage":16,"enemies":"Exordium Wildlife","floor":7,"turns":3},{"damage":17,"enemies":"Gremlin Gang","floor":8,"turns":4},{"damage":13,"enemies":"3 Sentries","floor":11,"turns":8},{"damage":0,"enemies":"2 Fungi Beasts","floor":14,"turns":2},{"damage":19,"enemies":"Hexaghost","floor":16,"turns":10},{"damage":8,"enemies":"Spheric Guardian","floor":18,"turns":5},{"damage":23,"enemies":"Gremlin Leader","floor":23,"turns":11},{"damage":0,"enemies":"3 Byrds","floor":24,"turns":3},{"damage":19,"enemies":"3 Cultists","floor":25,"turns":6},{"damage":18,"enemies":"Snake Plant","floor":30,"turns":4},{"damage":1,"enemies":"Champ","floor":33,"turns":14},{"damage":7,"enemies":"Orb Walker","floor":35,"turns":4},{"damage":49,"enemies":"3 Darklings","floor":36,"turns":5},{"damage":33,"enemies":"Transient","floor":39,"turns":4}],"seed_played":"1239434450426466716","potions_obtained":[{"floor":3,"key":"SneckoOil"},{"floor":8,"key":"AttackPotion"},{"floor":11,"key":"FearPotion"},{"floor":30,"key":"PowerPotion"}],"is_trial":false,"path_per_floor":["M","M","M","?","?","R","M","M","T","R","E","$","R","M","R","B",null,"M","?","?","$","T","E","M","M","T","R","$","R","M","$","R","B",null,"M","M","?","$","M"],"character_chosen":"DEFECT","items_purchased":["Gash","Orichalcum","Glacier","Capacitor","Defragment","White Noise","Steam","Self Repair"],"campfire_rested":3,"item_purchase_floors":[12,12,21,21,28,28,31,38],"current_hp_per_floor":[77,75,75,75,55,55,39,22,22,22,9,9,33,33,33,14,82,74,74,80,80,80,57,57,38,38,38,38,64,46,46,72,71,88,81,32,32,32,0],"gold":145,"neow_bonus":"RANDOM_COMMON_RELIC","is_prod":false,"is_daily":false,"chose_seed":false,"campfire_upgraded":4,"win_rate":0,"timestamp":1566867794,"path_taken":["M","M","M","?","?","R","M","M","T","R","E","$","R","M","R","BOSS","M","?","?","$","?","E","M","?","T","R","$","R","M","$","R","BOSS","M","M","?","?","M"],"build_version":"2019-08-23","purchased_purges":2,"victory":false,"max_hp_per_floor":[82,82,82,82,82,82,82,82,82,82,82,82,82,82,82,82,82,82,82,88,88,88,88,88,88,88,88,88,88,88,88,88,88,88,88,88,88,88,88],"card_choices":[{"not_picked":["Redo","Stack"],"picked":"Beam Cell","floor":1},{"not_picked":["Gash","Cold Snap"],"picked":"FTL","floor":2},{"not_picked":["Sunder","Streamline"],"picked":"Ball Lightning","floor":3},{"not_picked":["Conserve Battery","FTL"],"picked":"Glacier","floor":7},{"not_picked":["Fusion","Turbo"],"picked":"Reboot","floor":8},{"not_picked":["Streamline","Force Field"],"picked":"Consume","floor":11},{"not_picked":["Compile Driver","Coolheaded"],"picked":"Static Discharge","floor":14},{"not_picked":["Reboot","Amplify"],"picked":"Echo Form","floor":16},{"not_picked":["Stack","Lockon"],"picked":"Auto Shields+1","floor":18},{"not_picked":["Redo+1","Conserve Battery"],"picked":"Defragment+1","floor":23},{"not_picked":["Darkness+1","Double Energy"],"picked":"Barrage+1","floor":24},{"not_picked":["Recycle","Go for the Eyes"],"picked":"Redo+1","floor":25},{"not_picked":["Streamline","Stack"],"picked":"Beam Cell","floor":30},{"not_picked":["Seek","Machine Learning"],"picked":"All For One","floor":33},{"not_picked":["Recycle+1","Conserve Battery+1"],"picked":"Go for the Eyes+1","floor":35},{"not_picked":["Sweeping Beam","Stack"],"picked":"Ball Lightning","floor":36}],"player_experience":82223,"relics_obtained":[{"floor":9,"key":"WingedGreaves"},{"floor":11,"key":"Darkstone Periapt"},{"floor":22,"key":"Vajra"},{"floor":23,"key":"Bronze Scales"},{"floor":26,"key":"Calipers"}],"event_choices":[{"damage_healed":0,"gold_gain":175,"player_choice":"AGREE","damage_taken":0,"max_hp_gain":0,"max_hp_loss":0,"event_name":"Liars Game","floor":4,"gold_loss":0,"cards_obtained":["Doubt"]},{"damage_healed":0,"gold_gain":0,"player_choice":"Take Damage","damage_taken":20,"relics_obtained":["Golden Idol"],"max_hp_gain":0,"max_hp_loss":0,"event_name":"Golden Idol","floor":5,"gold_loss":0},{"damage_healed":0,"gold_gain":0,"player_choice":"Ignored","damage_taken":0,"max_hp_gain":0,"max_hp_loss":0,"event_name":"Vampires","floor":19,"gold_loss":0},{"damage_healed":0,"gold_gain":0,"player_choice":"Opened","damage_taken":0,"relics_obtained":["Incense Burner"],"max_hp_gain":0,"max_hp_loss":0,"event_name":"The Mausoleum","floor":20,"gold_loss":0,"cards_obtained":["Writhe"]},{"damage_healed":0,"gold_gain":0,"cards_transformed":["Strike_B"],"player_choice":"Transformed","damage_taken":0,"max_hp_gain":0,"max_hp_loss":0,"event_name":"Transmorgrifier","floor":37,"gold_loss":0,"cards_obtained":["Compile Driver"]}],"is_beta":true,"boss_relics":[{"not_picked":["Runic Dome","Snecko Eye"],"picked":"FrozenCore"},{"not_picked":["Black Star","Runic Pyramid"],"picked":"Inserter"}],"items_purged_floors":[12,21],"is_endless":false,"potions_floor_spawned":[3,8,11,16,30,33,36],"killed_by":"Transient","ascension_level":3}