{"gold_per_floor":[115,135,150,150,2,31,31,31,31,41,72,86,104,104,104,202,202,222,222,222,241,107,107,140,140,166,70,70,70,70,120,120,217,217,233,233,233,306,306,306,339,339,339,47,47,47,59,0,0,0],"floor_reached":50,"playtime":1731,"items_purged":["Clumsy","Doubt"],"score":720,"play_id":"94e33494-0c70-4213-b73f-535a3dbdc811","local_time":"20190828050418","is_ascension_mode":true,"campfire_choices":[{"data":"Defragment","floor":7,"key":"SMITH"},{"data":"White Noise","floor":15,"key":"SMITH"},{"data":"Bandage Up","floor":23,"key":"SMITH"},{"data":"Defragment","floor":28,"key":"SMITH"},{"data":"Capacitor","floor":32,"key":"SMITH"},{"data":"Echo Form","floor":40,"key":"SMITH"},{"data":"Zap","floor":46,"key":"SMITH"},{"data":"Electrodynamics","floor":49,"key":"SMITH"}],"neow_cost":"CURSE","seed_source_timestamp":103887653615282,"circlet_count":0,"master_deck":["Zap+1","Dualcast+1","Defragment+1","Loop","Chill+1","Self Repair","Coolheaded","Doom and Gloom","Hologram","White Noise+1","Reboot","Electrodynamics+1","Ball Lightning","Redo","Hello World","Capacitor+1","Double Energy","Gash","Reprogram","Loop","Beam Cell","Defragment+1","Steam","Bandage Up+1","Rebound","Hello World","Ball Lightning","Echo Form+1","Go for the Eyes+1","Madness","BootSequence+1","Chill+1"],"relics":["Cracked Core","FossilizedHelix","Boot","PreservedInsect","Kunai","War Paint","Pandora\u0027s Box","MutagenicStrength","Bronze Scales","Juzu Bracelet","Coffee Dripper","Dodecahedron","Dream Catcher","Bottled Tornado","Happy Flower","Red Mask"],"potions_floor_usage":[16,33,41,50,50],"damage_taken":[{"damage":0,"enemies":"Jaw Worm","floor":1,"turns":3},{"damage":6,"enemies":"2 Louse","floor":2,"turns":2},{"damage":7,"enemies":"Small Slimes","floor":3,"turns":4},{"damage":10,"enemies":"Lagavulin","floor":6,"turns":6},{"damage":9,"enemies":"Blue Slaver","floor":10,"turns":4},{"damage":0,"enemies":"Gremlin Nob","floor":11,"turns":3},{"damage":0,"enemies":"Red Slaver","floor":12,"turns":4},{"damage":3,"enemies":"Large Slime","floor":13,"turns":6},{"damage":14,"enemies":"Slime Boss","floor":16,"turns":7},{"damage":12,"enemies":"Shell Parasite","floor":18,"turns":5},{"damage":0,"enemies":"3 Byrds","floor":21,"turns":4},{"damage":6,"enemies":"Gremlin Leader","floor":24,"turns":5},{"damage":30,"enemies":"Collector","floor":33,"turns":7},{"damage":2,"enemies":"Orb Walker","floor":35,"turns":4},{"damage":45,"enemies":"Nemesis","floor":41,"turns":5},{"damage":0,"enemies":"3 Shapes","floor":47,"turns":4},{"damage":93,"enemies":"Time Eater","floor":50,"turns":9}],"seed_played":"2845196173640679111","potions_obtained":[{"floor":1,"key":"Dexterity Potion"},{"floor":6,"key":"Weak Potion"},{"floor":11,"key":"Ancient Potion"},{"floor":13,"key":"FearPotion"},{"floor":18,"key":"FocusPotion"},{"floor":29,"key":"SmokeBomb"},{"floor":29,"key":"Fire Potion"},{"floor":41,"key":"Ancient Potion"},{"floor":47,"key":"Block Potion"}],"is_trial":false,"path_per_floor":["M","M","M","?","$","E","R","?","T","M","E","M","M","$","R","B",null,"M","?","?","M","$","R","E","$","T","$","R","?","?","?","R","B",null,"M","?","?","T","?","R","E","?","T","$","$","R","M","?","R","B"],"character_chosen":"DEFECT","items_purchased":["Self Repair","Steam","Bandage Up","Hello World","Ball Lightning","Block Potion","Happy Flower"],"campfire_rested":0,"item_purchase_floors":[5,22,22,27,27,44,44],"current_hp_per_floor":[68,62,55,37,37,34,34,59,59,57,64,71,75,75,75,68,73,68,68,68,75,75,75,75,75,75,75,75,75,75,75,75,52,69,75,66,66,66,66,66,47,75,75,75,75,75,75,75,75,0],"gold":0,"neow_bonus":"ONE_RARE_RELIC","is_prod":false,"is_daily":false,"chose_seed":false,"campfire_upgraded":8,"win_rate":0,"timestamp":1566983058,"path_taken":["M","M","M","?","$","E","R","?","T","M","E","M","M","?","R","BOSS","M","?","?","?","$","R","E","$","T","?","R","?","?","?","R","BOSS","M","?","?","?","?","R","E","?","T","?","$","R","M","?","R","BOSS"],"build_version":"2019-08-26","purchased_purges":2,"victory":false,"max_hp_per_floor":[75,75,75,75,75,75,75,75,75,75,75,75,75,75,75,75,75,75,75,75,75,75,75,75,75,75,75,75,75,75,75,75,75,75,75,75,75,75,75,75,75,75,75,75,75,75,75,75,75,75],"card_choices":[{"not_picked":["Redo","Beam Cell"],"picked":"Defragment","floor":1},{"not_picked":["Sweeping Beam","FTL"],"picked":"Loop","floor":2},{"not_picked":["Coolheaded","Gash"],"picked":"Chill","floor":3},{"not_picked":["Turbo","Conserve Battery"],"picked":"Coolheaded","floor":6},{"not_picked":["Barrage","Compile Driver"],"picked":"Doom and Gloom","floor":10},{"not_picked":["Beam Cell","Cold Snap"],"picked":"Hologram","floor":11},{"not_picked":["Hello World","Go for the Eyes"],"picked":"White Noise","floor":12},{"not_picked":["Barrage","Turbo"],"picked":"Reboot","floor":13},{"not_picked":["Hyperbeam","Reboot"],"picked":"Electrodynamics","floor":16},{"not_picked":["Hologram","Redo"],"picked":"Loop","floor":18},{"not_picked":["Cold Snap","Conserve Battery"],"picked":"Defragment","floor":21},{"not_picked":["Blizzard","Reprogram+1"],"picked":"Rebound","floor":24},{"not_picked":["Biased Cognition","Thunder Strike"],"picked":"Echo Form","floor":33},{"not_picked":["Hologram","Chaos"],"picked":"Go for the Eyes+1","floor":35},{"not_picked":["Cold Snap","Gash"],"picked":"BootSequence+1","floor":41},{"not_picked":["Stack+1","Steam+1"],"picked":"Chill+1","floor":47}],"player_experience":131368,"relics_obtained":[{"floor":6,"key":"PreservedInsect"},{"floor":9,"key":"Kunai"},{"floor":11,"key":"War Paint"},{"floor":24,"key":"Bronze Scales"},{"floor":26,"key":"Juzu Bracelet"},{"floor":38,"key":"Dodecahedron"},{"floor":41,"key":"Dream Catcher"},{"floor":43,"key":"Bottled Tornado"}],"event_choices":[{"damage_healed":0,"gold_gain":0,"player_choice":"Success","damage_taken":18,"relics_obtained":["Boot"],"max_hp_gain":0,"max_hp_loss":0,"event_name":"Scrap Ooze","floor":4,"gold_loss":0},{"damage_healed":25,"gold_gain":0,"player_choice":"Banana","damage_taken":0,"max_hp_gain":0,"max_hp_loss":0,"event_name":"Big Fish","floor":8,"gold_loss":0},{"damage_healed":0,"gold_gain":0,"player_choice":"Inject Mutagens","damage_taken":0,"relics_obtained":["MutagenicStrength"],"max_hp_gain":0,"max_hp_loss":0,"event_name":"Drug Dealer","floor":19,"gold_loss":0},{"damage_healed":0,"gold_gain":0,"cards_transformed":["Multi-Cast"],"player_choice":"Transformed","damage_taken":0,"max_hp_gain":0,"max_hp_loss":0,"event_name":"Transmorgrifier","floor":20,"gold_loss":0,"cards_obtained":["Beam Cell"]},{"damage_healed":0,"gold_gain":0,"player_choice":"Got Potions","damage_taken":0,"max_hp_gain":0,"max_hp_loss":0,"event_name":"Lab","floor":29,"gold_loss":0},{"damage_healed":0,"gold_gain":0,"player_choice":"Ignored","damage_taken":0,"max_hp_gain":0,"max_hp_loss":0,"event_name":"Vampires","floor":30,"gold_loss":0},{"damage_healed":0,"gold_gain":100,"player_choice":"Bet on Murderer","damage_taken":0,"max_hp_gain":0,"max_hp_loss":0,"event_name":"The Joust","floor":31,"gold_loss":50},{"damage_healed":0,"gold_gain":0,"player_choice":"Embrace Madness","damage_taken":9,"max_hp_gain":0,"max_hp_loss":0,"event_name":"Winding Halls","floor":36,"gold_loss":0,"cards_obtained":["Madness","Madness"]},{"cards_removed":["Madness"],"damage_healed":0,"gold_gain":0,"player_choice":"Removed Skill","damage_taken":0,"max_hp_gain":0,"max_hp_loss":0,"event_name":"Falling","floor":37,"gold_loss":0},{"damage_healed":0,"gold_gain":0,"player_choice":"Ignored","damage_taken":0,"max_hp_gain":0,"max_hp_loss":0,"event_name":"Mysterious Sphere","floor":39,"gold_loss":0},{"damage_healed":28,"gold_gain":0,"player_choice":"Heal","damage_taken":0,"max_hp_gain":0,"max_hp_loss":0,"event_name":"MindBloom","floor":42,"gold_loss":0,"cards_obtained":["Doubt"]},{"damage_healed":0,"gold_gain":0,"player_choice":"Paid","damage_taken":0,"relics_obtained":["Red Mask"],"max_hp_gain":0,"max_hp_loss":0,"event_name":"Tomb of Lord Red Mask","floor":48,"gold_loss":59}],"is_beta":true,"boss_relics":[{"not_picked":["Lizard Tail","Tiny House"],"picked":"Pandora\u0027s Box"},{"not_picked":["Sozu","FrozenCore"],"picked":"Coffee Dripper"}],"items_purged_floors":[5,44],"is_endless":false,"potions_floor_spawned":[1,6,11,13,18,41,47],"killed_by":"Time Eater","ascension_level":7}