{"gold_per_floor":[114,131,81,51,69,69,103,103,128,20,20,20,20,20,20,20],"floor_reached":16,"playtime":1072,"items_purged":[],"score":125,"play_id":"d1b9d233-6343-4425-be75-957d4c1944e5","local_time":"20181027021815","is_ascension_mode":true,"campfire_choices":[{"data":"Sucker Punch","floor":6,"key":"SMITH"},{"floor":13,"key":"REST"},{"data":"Footwork","floor":15,"key":"SMITH"}],"neow_cost":"NONE","seed_source_timestamp":1479083145472751,"circlet_count":0,"master_deck":["Defend_G","Defend_G","Defend_G","Defend_G","Strike_G","Strike_G","Strike_G","Strike_G","Survivor","Neutralize","Sucker Punch+1","Cloak And Dagger","Outmaneuver","Blade Dance+1","Footwork+1","Blur","PiercingWail","Blade Dance"],"relics":["Ring of the Snake","Juzu Bracelet","Dream Catcher","Ancient Tea Set","Golden Idol"],"potions_floor_usage":[5,7,7],"damage_taken":[{"damage":1,"enemies":"Small Slimes","floor":1,"turns":4},{"damage":1,"enemies":"2 Louse","floor":2,"turns":4},{"damage":0,"enemies":"Cultist","floor":5,"turns":4},{"damage":17,"enemies":"3 Sentries","floor":7,"turns":12},{"damage":70,"enemies":"Hexaghost","floor":16,"turns":18}],"seed_played":"-3336076262033375502","potions_obtained":[{"floor":2,"key":"Fruit Juice"},{"floor":4,"key":"Energy Potion"},{"floor":4,"key":"GamblersBrew"},{"floor":5,"key":"Swift Potion"}],"is_trial":false,"path_per_floor":["M","M","?","?","M","R","E","?","T","$","?","?","R","?","R"],"character_chosen":"THE_SILENT","items_purchased":["Footwork","Blur"],"campfire_rested":1,"item_purchase_floors":[10,10],"current_hp_per_floor":[62,61,61,61,66,66,49,49,49,49,49,49,71,71,71,1],"gold":20,"neow_bonus":"RANDOM_COMMON_RELIC","is_prod":false,"is_daily":false,"chose_seed":false,"campfire_upgraded":2,"win_rate":0,"timestamp":1540621095,"path_taken":["M","M","?","?","M","R","E","?","T","$","?","?","R","?","R","BOSS"],"build_version":"2018-10-25v2","purchased_purges":0,"victory":false,"max_hp_per_floor":[70,70,70,70,75,75,75,75,75,75,75,75,75,75,75,75],"card_choices":[{"not_picked":["Poisoned Stab","Dagger Throw"],"picked":"Sucker Punch","floor":1},{"not_picked":["Reflex","Acrobatics"],"picked":"Cloak And Dagger","floor":2},{"not_picked":["Sucker Punch","Choke"],"picked":"Outmaneuver","floor":5},{"not_picked":["Poisoned Stab","Prepared"],"picked":"Blade Dance","floor":7},{"not_picked":["Flechettes","Underhanded Strike"],"picked":"Blade Dance","floor":13}],"player_experience":294059,"relics_obtained":[{"floor":7,"key":"Dream Catcher"},{"floor":9,"key":"Ancient Tea Set"}],"event_choices":[{"cards_removed":["Strike_G"],"damage_healed":0,"gold_gain":0,"player_choice":"Card Removal","damage_taken":0,"max_hp_gain":0,"max_hp_loss":0,"event_name":"The Cleric","floor":3,"gold_loss":50},{"damage_healed":0,"gold_gain":0,"player_choice":"Bought 2 Potions","damage_taken":0,"max_hp_gain":0,"max_hp_loss":0,"event_name":"The Woman in Blue","floor":4,"gold_loss":0},{"damage_healed":0,"gold_gain":0,"player_choice":"Grow","damage_taken":0,"max_hp_gain":0,"max_hp_loss":0,"event_name":"Living Wall","floor":8,"gold_loss":0,"cards_upgraded":["Blade Dance"]},{"damage_healed":0,"gold_gain":0,"cards_transformed":["Defend_G"],"player_choice":"Transformed","damage_taken":0,"max_hp_gain":0,"max_hp_loss":0,"event_name":"Transmorgrifier","floor":11,"gold_loss":0,"cards_obtained":["PiercingWail"]},{"damage_healed":0,"gold_gain":0,"player_choice":"Take Wound","damage_taken":0,"relics_obtained":["Golden Idol"],"max_hp_gain":0,"max_hp_loss":0,"event_name":"Golden Idol","floor":12,"gold_loss":0,"cards_obtained":["Injury"]},{"cards_removed":["Injury"],"damage_healed":0,"gold_gain":0,"player_choice":"Removed Curses","damage_taken":0,"max_hp_gain":0,"max_hp_loss":0,"event_name":"Fountain of Cleansing","floor":14,"gold_loss":0}],"is_beta":false,"boss_relics":[],"items_purged_floors":[],"is_endless":false,"potions_floor_spawned":[2,5],"killed_by":"Hexaghost","ascension_level":6}