{"gold_per_floor":[109,109,59,86,86,111,111,124,151,186,206,221,92,103,103,103],"floor_reached":16,"playtime":403,"items_purged":["Strike_B"],"score":176,"play_id":"9e67c284-7ee0-4437-ad7a-dfa4fddd2e00","local_time":"20190602003230","is_ascension_mode":true,"campfire_choices":[{"data":"Storm","floor":15,"key":"SMITH"}],"neow_cost":"NONE","seed_source_timestamp":991685017751800,"circlet_count":0,"master_deck":["Strike_B","Strike_B","Strike_B","Defend_B","Defend_B","Defend_B","Defend_B","Zap+1","Dualcast","Ball Lightning","Consume","Cold Snap","Hologram","Loop","Storm+1","Multi-Cast"],"relics":["Cracked Core","NeowsBlessing","Happy Flower","Ornamental Fan","Smiling Mask","PreservedInsect"],"potions_floor_usage":[16,16],"damage_taken":[{"damage":0,"enemies":"2 Louse","floor":1,"turns":1},{"damage":0,"enemies":"3 Sentries","floor":6,"turns":1},{"damage":0,"enemies":"Cultist","floor":8,"turns":1},{"damage":20,"enemies":"Gremlin Nob","floor":10,"turns":4},{"damage":3,"enemies":"Small Slimes","floor":11,"turns":3},{"damage":10,"enemies":"3 Louse","floor":12,"turns":3},{"damage":10,"enemies":"Exordium Thugs","floor":14,"turns":4},{"damage":30,"enemies":"Hexaghost","floor":16,"turns":9}],"seed_played":"7215590447656549722","potions_obtained":[{"floor":6,"key":"Poison Potion"},{"floor":8,"key":"GamblersBrew"},{"floor":10,"key":"Strength Potion"}],"is_trial":false,"path_per_floor":["M","?","$","T","?","E","?","M","T","E","M","M","$","M","R","B"],"character_chosen":"DEFECT","items_purchased":["Cold Snap","Storm"],"campfire_rested":0,"item_purchase_floors":[3,13],"current_hp_per_floor":[68,68,68,68,73,73,73,73,73,53,50,40,40,30,30,0],"gold":103,"neow_bonus":"THREE_ENEMY_KILL","is_prod":false,"is_daily":false,"chose_seed":false,"campfire_upgraded":1,"win_rate":0,"timestamp":1559431950,"path_taken":["M","?","$","?","?","E","?","?","T","E","M","M","$","M","R","BOSS"],"build_version":"2019-01-23","purchased_purges":1,"victory":false,"max_hp_per_floor":[75,75,75,75,80,80,80,80,80,80,80,80,80,80,80,80],"card_choices":[{"not_picked":["Rip and Tear","Beam Cell"],"picked":"Ball Lightning","floor":1},{"not_picked":["Beam Cell","Double Energy"],"picked":"Hologram","floor":6},{"not_picked":["Beam Cell","Hologram","Doom and Gloom"],"picked":"SKIP","floor":8},{"not_picked":["Streamline","Hologram"],"picked":"Loop","floor":10},{"not_picked":["Barrage","Ball Lightning","Redo"],"picked":"SKIP","floor":11},{"not_picked":["Compile Driver","Heatsinks","Stack"],"picked":"SKIP","floor":12},{"not_picked":["Melter","Reprogram"],"picked":"Multi-Cast","floor":14}],"player_experience":124128,"relics_obtained":[{"floor":4,"key":"Happy Flower"},{"floor":6,"key":"Ornamental Fan"},{"floor":9,"key":"Smiling Mask"},{"floor":10,"key":"PreservedInsect"}],"event_choices":[{"damage_healed":0,"gold_gain":0,"player_choice":"1 cards matched","damage_taken":0,"max_hp_gain":0,"max_hp_loss":0,"event_name":"Match and Keep!","floor":2,"gold_loss":0,"cards_obtained":["Consume"]},{"damage_healed":0,"gold_gain":0,"player_choice":"Donut","damage_taken":0,"max_hp_gain":5,"max_hp_loss":0,"event_name":"Big Fish","floor":5,"gold_loss":0},{"damage_healed":0,"gold_gain":0,"player_choice":"Upgraded","damage_taken":0,"max_hp_gain":0,"max_hp_loss":0,"event_name":"Upgrade Shrine","floor":7,"gold_loss":0,"cards_upgraded":["Zap"]}],"is_beta":false,"boss_relics":[],"items_purged_floors":[13],"is_endless":false,"potions_floor_spawned":[6,8,10,12],"killed_by":"Hexaghost","ascension_level":6}