{"gold_per_floor":[119,68,79,93,268,303,303,333,333,352,352,352,365,379,379,379],"floor_reached":16,"playtime":582,"items_purged":[],"score":168,"play_id":"cc21a87a-4d62-473e-8874-ceb6bd7d6cf7","local_time":"20190902011516","is_ascension_mode":true,"campfire_choices":[{"data":"Self Repair","floor":7,"key":"SMITH"},{"data":"Rainbow","floor":15,"key":"SMITH"}],"neow_cost":"NONE","seed_source_timestamp":234671991006558,"circlet_count":0,"master_deck":["AscendersBane","Strike_B","Strike_B+1","Strike_B","Strike_B","Defend_B","Defend_B+1","Defend_B","Defend_B","Zap","Dualcast","Beam Cell","Ball Lightning","Self Repair+1","Undo","Doubt","BootSequence","Auto Shields","Conserve Battery","Parasite","Rainbow+1","Beam Cell"],"relics":["Cracked Core","NeowsBlessing","Centennial Puzzle","Bottled Tornado","Ancient Tea Set"],"potions_floor_usage":[8,16],"damage_taken":[{"damage":0,"enemies":"2 Louse","floor":1,"turns":1},{"damage":0,"enemies":"Small Slimes","floor":3,"turns":1},{"damage":0,"enemies":"Jaw Worm","floor":4,"turns":1},{"damage":30,"enemies":"Lagavulin","floor":6,"turns":6},{"damage":37,"enemies":"3 Sentries","floor":8,"turns":7},{"damage":13,"enemies":"Lots of Slimes","floor":10,"turns":5},{"damage":0,"enemies":"Red Slaver","floor":13,"turns":4},{"damage":0,"enemies":"Blue Slaver","floor":14,"turns":3},{"damage":43,"enemies":"The Guardian","floor":16,"turns":8}],"seed_played":"5744182724271486531","potions_obtained":[{"floor":1,"key":"Swift Potion"},{"floor":4,"key":"SpeedPotion"},{"floor":13,"key":"SneckoOil"}],"is_trial":false,"path_per_floor":["M","$","M","M","?","E","R","E","T","M","?","?","M","M","R","B"],"character_chosen":"DEFECT","items_purchased":["Ball Lightning"],"campfire_rested":0,"item_purchase_floors":[2],"current_hp_per_floor":[68,68,68,68,68,45,45,18,18,15,33,18,28,38,38,0],"gold":379,"neow_bonus":"THREE_ENEMY_KILL","is_prod":false,"is_daily":false,"chose_seed":false,"campfire_upgraded":2,"win_rate":0,"timestamp":1567401316,"path_taken":["M","$","M","M","?","E","R","E","T","M","?","?","M","M","R","BOSS"],"build_version":"2019-08-26","purchased_purges":0,"victory":false,"max_hp_per_floor":[75,75,75,75,75,75,75,75,75,75,75,75,75,75,75,75],"card_choices":[{"not_picked":["Reinforced Body","Go for the Eyes"],"picked":"Beam Cell","floor":1},{"not_picked":["Undo","Streamline"],"picked":"Self Repair","floor":3},{"not_picked":["Beam Cell","Doom and Gloom"],"picked":"Undo","floor":4},{"not_picked":["Turbo","Rebound"],"picked":"BootSequence","floor":6},{"not_picked":["Heatsinks","Ball Lightning"],"picked":"Auto Shields","floor":8},{"not_picked":["Turbo","White Noise"],"picked":"Conserve Battery","floor":10},{"not_picked":["Rebound","Gash"],"picked":"Rainbow","floor":13},{"not_picked":["Gash","Barrage"],"picked":"Beam Cell","floor":14}],"player_experience":218407,"relics_obtained":[{"floor":6,"key":"Centennial Puzzle"},{"floor":8,"key":"Bottled Tornado"},{"floor":9,"key":"Ancient Tea Set"}],"event_choices":[{"damage_healed":0,"gold_gain":175,"player_choice":"AGREE","damage_taken":0,"max_hp_gain":0,"max_hp_loss":0,"event_name":"Liars Game","floor":5,"gold_loss":0,"cards_obtained":["Doubt"]},{"damage_healed":18,"gold_gain":0,"player_choice":"Healed and dodged fight","damage_taken":0,"max_hp_gain":0,"max_hp_loss":0,"event_name":"Mushrooms","floor":11,"gold_loss":0,"cards_obtained":["Parasite"]},{"damage_healed":0,"gold_gain":0,"player_choice":"Entered Light","damage_taken":15,"max_hp_gain":0,"max_hp_loss":0,"event_name":"Shining Light","floor":12,"gold_loss":0,"cards_upgraded":["Defend_B","Strike_B"]}],"is_beta":true,"boss_relics":[],"items_purged_floors":[],"is_endless":false,"potions_floor_spawned":[1,4,13],"killed_by":"The Guardian","ascension_level":10}