{"path_per_floor":["M","M","?","M","?","M","?","R","T","R","$","E","M","?","R","B",null,"M","?","?","M","M","R","E"],"character_chosen":"THE_SILENT","items_purchased":["Torii","Flying Knee"],"gold_per_floor":[115,134,84,102,277,294,323,323,348,348,1,30,42,101,101,204,204,215,115,115,135,145,145,171],"floor_reached":25,"campfire_rested":1,"playtime":1575,"current_hp_per_floor":[66,64,64,63,63,56,41,41,41,41,41,32,32,31,31,22,70,62,62,46,15,24,45,5],"items_purged":[],"gold":171,"score":221,"play_id":"db1e068e-d97b-4722-bca6-0ff18aae051b","is_prod":false,"is_daily":false,"is_ascension_mode":false,"campfire_upgraded":3,"path_taken":["M","?","?","?","?","M","?","R","T","R","$","E","M","?","R","BOSS","M","?","?","M","M","R","E","?"],"build_version":"2018-02-22-PROD2","purchased_purges":0,"victory":false,"master_deck":["Defend_G","Defend_G","Defend_G","Defend_G","Defend_G","Strike_G","Strike_G","Strike_G","Strike_G","Survivor","Neutralize","Calculated Gamble+1","Well Laid Plans+1","Dagger Spray","Doubt","Dagger Spray","Terror","Flying Knee","Tools of the Trade","Outmaneuver","Prepared+1","Burst","Reflex","J.A.X.","Prepared","Slice+1","Choke+1"],"max_hp_per_floor":[70,70,70,70,70,70,70,70,70,70,70,70,70,70,70,70,70,70,70,70,70,70,70,70],"relics":["Ring of the Snake","Odd Mushroom","Anchor","Torii","Tingsha","Orichalcum","Philosopher\u0027s Stone","Nilry\u0027s Codex","Ninja Scroll"],"card_choices":[{"not_picked":["Outmaneuver","Skewer"],"picked":"Calculated Gamble"},{"not_picked":["Dagger Throw","PiercingWail"],"picked":"Well Laid Plans"},{"not_picked":["Venomology","Prepared"],"picked":"Dagger Spray"},{"not_picked":["Cloak And Dagger","PiercingWail"],"picked":"Dagger Spray"},{"not_picked":["Endless Agony","Flying Knee"],"picked":"Terror"},{"not_picked":["Riddle With Holes","Eviscerate"],"picked":"Tools of the Trade"},{"not_picked":["Terror","Heel Hook"],"picked":"Outmaneuver"},{"not_picked":["Choke","Dodge and Roll"],"picked":"Prepared"},{"not_picked":["Venomology","Bullet Time"],"picked":"Burst"},{"not_picked":["Sucker Punch","PiercingWail"],"picked":"Reflex"},{"not_picked":["Terror","Choke"],"picked":"Prepared"},{"not_picked":["Outmaneuver","Cloak And Dagger"],"picked":"Slice"},{"not_picked":["Skewer","PiercingWail"],"picked":"Choke"}],"player_experience":37258,"potions_floor_usage":[12,14,16,22,22,24],"damage_taken":[{"damage":4,"enemies":"Cultist","floor":1,"turns":4},{"damage":2,"enemies":"Small Slimes","floor":2,"turns":4},{"damage":1,"enemies":"2 Louse","floor":4,"turns":3},{"damage":7,"enemies":"Red Slaver","floor":6,"turns":6},{"damage":15,"enemies":"The Mushroom Lair","floor":7,"turns":4},{"damage":9,"enemies":"Gremlin Nob","floor":12,"turns":4},{"damage":0,"enemies":"Lots of Slimes","floor":13,"turns":2},{"damage":10,"enemies":"Lagavulin Event","floor":14,"turns":5},{"damage":9,"enemies":"Hexaghost","floor":16,"turns":8},{"damage":8,"enemies":"Chosen","floor":18,"turns":4},{"damage":31,"enemies":"Spheric Guardian","floor":21,"turns":4},{"damage":3,"enemies":"Centurion and Healer","floor":22,"turns":5},{"damage":40,"enemies":"Slavers","floor":24,"turns":5},{"damage":3,"enemies":"Snake Plant","floor":25,"turns":1}],"event_choices":[{"event_name":"The Cleric","player_choice":"Card Removal","floor":3,"damage_taken":0},{"event_name":"Liars Game","player_choice":"agreed","floor":5,"damage_taken":0},{"event_name":"Mushrooms","player_choice":"Fought Mushrooms","floor":7,"damage_taken":0},{"event_name":"Dead Adventurer","player_choice":"Searched \u00273\u0027 times","floor":14,"damage_taken":0},{"event_name":"Drug Dealer","player_choice":"Got JAXXED","floor":19,"damage_taken":0},{"event_name":"Cursed Tome","player_choice":"Obtained Book","floor":20,"damage_taken":0}],"boss_relics":[{"not_picked":["The Specimen","Runic Pyramid"],"picked":"Philosopher\u0027s Stone"}],"potions_floor_spawned":[1,4,7,12,14,16,21],"seed_played":"-5681392503012275668","killed_by":"Snake Plant","ascension_level":0,"is_trial":false}