{"gold_per_floor":[110,121,132,132,146,176,176,204,258,35,35,63,82,102,102,181,181,194,194,194,214,230,230],"floor_reached":23,"playtime":986,"items_purged":[],"score":405,"play_id":"f10bddbb-a11b-4fc3-aea3-f30e20f36ef2","local_time":"20190921140200","is_ascension_mode":true,"campfire_choices":[{"floor":7.0,"key":"REST"},{"floor":11.0,"key":"REST"},{"floor":15.0,"key":"REST"}],"neow_cost":"NONE","seed_source_timestamp":96611999362500,"circlet_count":0,"master_deck":["AscendersBane","Strike_B","Strike_B","Strike_B","Defend_B","Defend_B","Defend_B","Defend_B","Zap","Dualcast","Leap","Cold Snap","Echo Form","Conserve Battery","Sweeping Beam","Gash","Defragment+1","Buffer+1","Blizzard","Electrodynamics+1","Loop+1","Necronomicurse","Capacitor+1"],"special_seed":0,"relics":["Black Star","Frozen Egg 2","The Courier","Oddly Smooth Stone","Pocketwatch","Ancient Tea Set","OrangePellets","Matryoshka","Bird Faced Urn","Fusion Hammer","Necronomicon"],"potions_floor_usage":[23],"damage_taken":[{"damage":7.0,"enemies":"Small Slimes","floor":1.0,"turns":3.0},{"damage":5.0,"enemies":"Cultist","floor":2.0,"turns":6.0},{"damage":7.0,"enemies":"Jaw Worm","floor":3.0,"turns":4.0},{"damage":13.0,"enemies":"3 Louse","floor":5.0,"turns":7.0},{"damage":0.0,"enemies":"Lagavulin","floor":6.0,"turns":8.0},{"damage":14.0,"enemies":"3 Sentries","floor":8.0,"turns":11.0},{"damage":23.0,"enemies":"Gremlin Nob","floor":12.0,"turns":6.0},{"damage":1.0,"enemies":"Blue Slaver","floor":13.0,"turns":4.0},{"damage":16.0,"enemies":"Exordium Wildlife","floor":14.0,"turns":7.0},{"damage":5.0,"enemies":"Hexaghost","floor":16.0,"turns":10.0},{"damage":19,"enemies":"3 Byrds","floor":18,"turns":3},{"damage":24,"enemies":"2 Thieves","floor":21,"turns":5},{"damage":24,"enemies":"3 Cultists","floor":22,"turns":4},{"damage":13,"enemies":"Slavers","floor":23,"turns":3}],"seed_played":"-5144599215634214949","potions_obtained":[{"floor":5.0,"key":"Ancient Potion"},{"floor":8.0,"key":"LiquidBronze"},{"floor":18,"key":"LiquidBronze"}],"is_trial":false,"path_per_floor":["M","M","M","?","M","E","R","E","T","$","R","E","M","M","R","B",null,"M","?","?","M","M","E"],"character_chosen":"DEFECT","items_purchased":["OrangePellets","Defragment+1"],"campfire_rested":3,"item_purchase_floors":[10,10],"current_hp_per_floor":[57,52,45,45,32,32,53,39,39,39,60,37,40,32,53,58,68,53,53,37,21,5,0],"gold":230,"neow_bonus":"BOSS_RELIC","is_prod":false,"is_daily":false,"chose_seed":false,"campfire_upgraded":0,"win_rate":0,"timestamp":1569070920,"path_taken":["M","M","M","?","?","E","R","E","T","$","R","E","M","M","R","BOSS","M","?","?","M","M","E"],"build_version":"2019-07-17","purchased_purges":0,"victory":false,"max_hp_per_floor":[71,71,71,71,71,71,71,71,71,71,71,71,71,71,71,71,71,71,71,71,71,71,71],"card_choices":[{"not_picked":["Stack","Barrage"],"picked":"Leap","floor":1.0},{"not_picked":["FTL","Sunder"],"picked":"Cold Snap","floor":2.0},{"not_picked":["Streamline","Rebound","Stack"],"picked":"SKIP","floor":3.0},{"not_picked":["Leap","FTL"],"picked":"Conserve Battery","floor":5.0},{"not_picked":["Streamline","Compile Driver"],"picked":"Sweeping Beam","floor":6.0},{"not_picked":["Auto Shields","Conserve Battery"],"picked":"Gash","floor":8.0},{"not_picked":["Turbo","Multi-Cast"],"picked":"Buffer+1","floor":12.0},{"not_picked":["Steam","Barrage","Sweeping Beam"],"picked":"SKIP","floor":13.0},{"not_picked":["Darkness","Compile Driver"],"picked":"Blizzard","floor":14.0},{"not_picked":["Seek","Hyperbeam"],"picked":"Electrodynamics+1","floor":16.0},{"not_picked":["Rebound","Genetic Algorithm"],"picked":"Loop+1","floor":18},{"not_picked":["Darkness+1","FTL","Redo"],"picked":"SKIP","floor":21},{"not_picked":["Aggregate","Beam Cell"],"picked":"Capacitor+1","floor":22}],"player_experience":240653,"relics_obtained":[{"floor":6.0,"key":"Frozen Egg 2"},{"floor":6.0,"key":"The Courier"},{"floor":8.0,"key":"Oddly Smooth Stone"},{"floor":8.0,"key":"Pocketwatch"},{"floor":9.0,"key":"Ancient Tea Set"},{"floor":12.0,"key":"Matryoshka"},{"floor":12.0,"key":"Bird Faced Urn"},{"floor":20,"key":"Necronomicon"}],"event_choices":[{"damage_healed":0.0,"max_hp_gain":0.0,"max_hp_loss":0.0,"gold_gain":0.0,"cards_transformed":["Strike_B"],"event_name":"Transmorgrifier","player_choice":"Transformed","floor":4.0,"gold_loss":0.0,"damage_taken":0.0,"cards_obtained":["Echo Form"]},{"damage_healed":0,"gold_gain":0,"player_choice":"Ignored","damage_taken":0,"max_hp_gain":0,"max_hp_loss":0,"event_name":"Vampires","floor":19,"gold_loss":0},{"damage_healed":0,"gold_gain":0,"player_choice":"Obtained Book","damage_taken":16,"max_hp_gain":0,"max_hp_loss":0,"event_name":"Cursed Tome","floor":20,"gold_loss":0}],"is_beta":false,"boss_relics":[{"not_picked":["Calling Bell","Inserter"],"picked":"Fusion Hammer"}],"items_purged_floors":[],"is_endless":false,"potions_floor_spawned":[5,8,13,18,22],"killed_by":"Slavers","ascension_level":14}