{"gold_per_floor":[110,35,35,35,55,55,20,53,77,91,123,136,136,156,156,233,233,244,254,353,353,194,194,221,221,221,15,15,15,29,29,29,101,101,118,118,135,152,171,171,206,218,242,252,57,67,96,107,107,107,107,107,72,99,99],"floor_reached":55,"playtime":2769,"items_purged":["Strike_B"],"score":1329,"play_id":"1e21b30c-225a-48e8-a116-b7d6897f9ef7","local_time":"20190924203741","is_ascension_mode":true,"campfire_choices":[{"data":"Defragment","floor":6,"key":"SMITH"},{"floor":13,"key":"REST"},{"data":"Defend_B","floor":15,"key":"PURGE"},{"data":"Defend_B","floor":23,"key":"PURGE"},{"data":"Clumsy","floor":25,"key":"PURGE"},{"data":"Pain","floor":29,"key":"PURGE"},{"data":"Strike_B+1","floor":32,"key":"PURGE"},{"data":"Defend_B","floor":40,"key":"PURGE"},{"floor":49,"key":"RECALL"},{"data":"Decay","floor":52,"key":"PURGE"}],"neow_cost":"PERCENT_DAMAGE","seed_source_timestamp":377797547914000,"circlet_count":0,"master_deck":["AscendersBane","Defend_B+1","Zap","Dualcast","Defragment+1","Self Repair","Gash","Chill","Gash","Coolheaded","Echo Form","Gash","Glacier+1","Blizzard","Self Repair","Seek+1","Chill+1","Defragment+1","Glacier+1","Capacitor"],"relics":["Cracked Core","Peace Pipe","Whetstone","Ancient Tea Set","Bag of Preparation","Cursed Key","Toxic Egg 2","Meat on the Bone","Sundial","OrangePellets","Enchiridion","White Beast Statue","Centennial Puzzle","DollysMirror","Shuriken","DataDisk"],"potions_floor_usage":[11,19,33,54,55,55],"damage_taken":[{"damage":4,"enemies":"2 Louse","floor":1,"turns":2},{"damage":2,"enemies":"Jaw Worm","floor":5,"turns":3},{"damage":31,"enemies":"Lagavulin","floor":8,"turns":7},{"damage":0,"enemies":"Cultist","floor":10,"turns":3},{"damage":22,"enemies":"Gremlin Nob","floor":11,"turns":4},{"damage":2,"enemies":"Looter","floor":12,"turns":4},{"damage":1,"enemies":"3 Louse","floor":14,"turns":3},{"damage":15,"enemies":"Hexaghost","floor":16,"turns":10},{"damage":16,"enemies":"2 Thieves","floor":18,"turns":4},{"damage":3,"enemies":"3 Byrds","floor":19,"turns":5},{"damage":12,"enemies":"Book of Stabbing","floor":24,"turns":7},{"damage":0,"enemies":"Snecko","floor":30,"turns":5},{"damage":19,"enemies":"Collector","floor":33,"turns":9},{"damage":0,"enemies":"Orb Walker","floor":35,"turns":5},{"damage":3,"enemies":"3 Darklings","floor":37,"turns":5},{"damage":28,"enemies":"4 Shapes","floor":38,"turns":6},{"damage":8,"enemies":"Jaw Worm Horde","floor":39,"turns":5},{"damage":0,"enemies":"Giant Head","floor":41,"turns":10},{"damage":1,"enemies":"Transient","floor":42,"turns":5},{"damage":0,"enemies":"Sphere and 2 Shapes","floor":44,"turns":5},{"damage":18,"enemies":"Writhing Mass","floor":46,"turns":13},{"damage":4,"enemies":"Nemesis","floor":47,"turns":17},{"damage":10,"enemies":"4 Shapes","floor":48,"turns":7},{"damage":0,"enemies":"Time Eater","floor":50,"turns":15},{"damage":46,"enemies":"Shield and Spear","floor":54,"turns":9},{"damage":69,"enemies":"The Heart","floor":55,"turns":14}],"seed_played":"-5869111387413930574","potions_obtained":[{"floor":1,"key":"Energy Potion"},{"floor":10,"key":"LiquidBronze"},{"floor":11,"key":"Fire Potion"},{"floor":18,"key":"Regen Potion"},{"floor":30,"key":"Block Potion"},{"floor":35,"key":"Regen Potion"},{"floor":44,"key":"FocusPotion"},{"floor":46,"key":"PowerPotion"},{"floor":54,"key":"Weak Potion"}],"is_trial":false,"path_per_floor":["M","$","?","?","M","R","?","E","T","M","E","M","R","M","R","B",null,"M","M","?","T","$","R","E","R","T","$","?","R","M","?","R","B",null,"M","?","M","M","M","R","E","M","T","M","$","M","E","M","R","B",null,"R","$","E","B"],"character_chosen":"DEFECT","items_purchased":["Glacier+1","Blizzard","OrangePellets","DollysMirror","Capacitor"],"campfire_rested":1,"item_purchase_floors":[22,22,27,45,53],"current_hp_per_floor":[42,42,28,28,26,26,43,19,19,26,11,16,37,43,43,35,62,60,64,64,64,64,64,66,66,66,66,50,50,50,50,50,57,68,71,71,71,71,71,71,71,71,71,71,71,71,71,71,71,71,71,71,71,51,0],"gold":99,"neow_bonus":"ONE_RARE_RELIC","is_prod":false,"is_daily":false,"chose_seed":false,"campfire_upgraded":1,"win_rate":0,"timestamp":1569353861,"path_taken":["M","$","?","?","?","R","?","E","T","M","E","M","R","M","R","BOSS","M","M","?","?","$","R","E","R","T","$","?","R","M","?","R","BOSS","M","?","?","M","M","R","E","M","T","M","$","M","E","M","R","BOSS","R","$","E","BOSS"],"build_version":"2019-07-17","purchased_purges":1,"victory":false,"max_hp_per_floor":[71,71,71,71,71,71,71,71,71,71,71,71,71,71,71,71,71,71,71,71,71,71,71,71,71,71,71,71,71,71,71,71,71,71,71,71,71,71,71,71,71,71,71,71,71,71,71,71,71,71,71,71,71,71,71],"card_choices":[{"not_picked":["Hologram","Scrape"],"picked":"Defragment","floor":1},{"not_picked":["Beam Cell","Aggregate"],"picked":"Self Repair","floor":5},{"not_picked":["Turbo","Rebound","Skim"],"picked":"SKIP","floor":8},{"not_picked":["Sunder","Beam Cell"],"picked":"Gash","floor":10},{"not_picked":["Turbo","Amplify"],"picked":"Chill","floor":11},{"not_picked":["Sweeping Beam","Streamline"],"picked":"Gash","floor":12},{"not_picked":["Scrape","Undo"],"picked":"Coolheaded","floor":14},{"not_picked":["Multi-Cast","Creative AI"],"picked":"Echo Form","floor":16},{"not_picked":["Stack","Rebound","Ball Lightning+1"],"picked":"SKIP","floor":18},{"not_picked":["Stack+1","Barrage"],"picked":"Gash","floor":19},{"not_picked":["Hello World","Streamline","Steam+1"],"picked":"SKIP","floor":24},{"not_picked":["Cold Snap","Compile Driver"],"picked":"Self Repair","floor":30},{"not_picked":["Rainbow+1","Machine Learning"],"picked":"Seek+1","floor":33},{"not_picked":["Cold Snap","Beam Cell","Compile Driver+1"],"picked":"SKIP","floor":35},{"not_picked":["Rebound","Turbo+1","Redo+1"],"picked":"SKIP","floor":37},{"not_picked":["Sweeping Beam","Compile Driver","Rebound"],"picked":"SKIP","floor":38},{"not_picked":["Recycle+1","Go for the Eyes","Reboot+1"],"picked":"SKIP","floor":39},{"not_picked":["Chaos+1","Steam+1","Melter"],"picked":"SKIP","floor":41},{"not_picked":["Cold Snap+1","Melter"],"picked":"Chill+1","floor":42},{"not_picked":["Compile Driver","Beam Cell","Sweeping Beam"],"picked":"SKIP","floor":44},{"not_picked":["Barrage+1","Conserve Battery+1","Stack+1"],"picked":"SKIP","floor":46},{"not_picked":["Hello World","Lockon"],"picked":"Glacier+1","floor":47},{"not_picked":["Melter","Redo+1","Rainbow+1"],"picked":"SKIP","floor":48},{"not_picked":["Sweeping Beam","Capacitor+1","Auto Shields+1"],"picked":"SKIP","floor":54}],"player_experience":247232,"relics_obtained":[{"floor":8,"key":"Whetstone"},{"floor":9,"key":"Ancient Tea Set"},{"floor":11,"key":"Bag of Preparation"},{"floor":21,"key":"Toxic Egg 2"},{"floor":24,"key":"Meat on the Bone"},{"floor":26,"key":"Sundial"},{"floor":28,"key":"Enchiridion"},{"floor":41,"key":"Centennial Puzzle"},{"floor":47,"key":"Shuriken"},{"floor":54,"key":"DataDisk"}],"event_choices":[{"damage_healed":0,"gold_gain":0,"player_choice":"Entered Light","damage_taken":14,"max_hp_gain":0,"max_hp_loss":0,"event_name":"Shining Light","floor":3,"gold_loss":0,"cards_upgraded":["Defend_B","Strike_B"]},{"cards_removed":["Strike_B"],"damage_healed":0,"gold_gain":0,"player_choice":"Purged","damage_taken":0,"max_hp_gain":0,"max_hp_loss":0,"event_name":"Purifier","floor":4,"gold_loss":0},{"damage_healed":17,"gold_gain":0,"player_choice":"Healed","damage_taken":0,"max_hp_gain":0,"max_hp_loss":0,"event_name":"The Cleric","floor":7,"gold_loss":35},{"damage_healed":0,"gold_gain":99,"player_choice":"Stole From Cult","damage_taken":0,"max_hp_gain":0,"max_hp_loss":0,"event_name":"Nest","floor":20,"gold_loss":0},{"damage_healed":0,"gold_gain":0,"player_choice":"Obtained Book","damage_taken":16,"max_hp_gain":0,"max_hp_loss":0,"event_name":"Cursed Tome","floor":28,"gold_loss":0},{"cards_removed":["Strike_B"],"damage_healed":0,"gold_gain":0,"player_choice":"Elegance","damage_taken":0,"max_hp_gain":0,"max_hp_loss":0,"event_name":"Back to Basics","floor":31,"gold_loss":0},{"damage_healed":0,"gold_gain":0,"player_choice":"Bought 0 Potions","damage_taken":0,"max_hp_gain":0,"max_hp_loss":0,"event_name":"The Woman in Blue","floor":36,"gold_loss":0}],"is_beta":false,"boss_relics":[{"not_picked":["Lizard Tail","Eternal Feather"],"picked":"Cursed Key"},{"not_picked":["Philosopher\u0027s Stone","Nuclear Battery"],"picked":"White Beast Statue"}],"items_purged_floors":[2],"is_endless":false,"potions_floor_spawned":[1,10,11,16,18,30,35,37,38,39,41,42,44,46,47,48,54],"killed_by":"The Heart","ascension_level":14}