{"gold_per_floor":[363,313,327,327,327,361,361,361,361,380,398,95,105,168,168,168],"floor_reached":16,"playtime":868,"items_purged":["Strike_R"],"score":100,"play_id":"009671d7-bfc0-4002-a80b-047fa6736bec","local_time":"20190413223154","is_ascension_mode":false,"campfire_choices":[{"data":"Searing Blow","floor":7,"key":"SMITH"},{"data":"Searing Blow+1","floor":15,"key":"SMITH"}],"neow_cost":"PERCENT_DAMAGE","seed_source_timestamp":0,"circlet_count":0,"master_deck":["Strike_R","Strike_R","Defend_R","Defend_R","Defend_R","Defend_R","Bash","Inflame+1","Headbutt","Searing Blow+2","Barricade","Warcry","True Grit","Shrug It Off","Feed"],"special_seed":0,"relics":["Burning Blood","Pear","Anchor","Pen Nib","Brimstone","Mummified Hand"],"potions_floor_usage":[14,16,16],"damage_taken":[{"damage":4.0,"enemies":"2 Louse","floor":1.0,"turns":3.0},{"damage":20.0,"enemies":"Small Slimes","floor":3.0,"turns":5.0},{"damage":28,"enemies":"Gremlin Nob","floor":6,"turns":4},{"damage":0,"enemies":"Cultist","floor":10,"turns":4},{"damage":1,"enemies":"2 Fungi Beasts","floor":11,"turns":4},{"damage":10,"enemies":"Exordium Thugs","floor":13,"turns":4},{"damage":14,"enemies":"3 Sentries","floor":14,"turns":6},{"damage":27,"enemies":"The Guardian","floor":16,"turns":6}],"seed_played":"-6288166551265784637","potions_obtained":[{"floor":1.0,"key":"Fire Potion"},{"floor":10,"key":"GamblersBrew"},{"floor":14,"key":"FearPotion"}],"is_trial":false,"path_per_floor":["M","?","M","?","?","E","R","?","T","M","M","$","M","?","R","B"],"character_chosen":"IRONCLAD","items_purchased":["Brimstone","True Grit"],"campfire_rested":0,"item_purchase_floors":[12,12],"current_hp_per_floor":[58,58,44,44,42,20,20,20,20,26,31,31,27,19,19,0],"gold":168,"neow_bonus":"TWO_FIFTY_GOLD","is_prod":false,"is_daily":false,"chose_seed":false,"campfire_upgraded":2,"win_rate":0.0,"timestamp":1555191114,"path_taken":["M","?","M","?","?","E","R","?","T","?","M","$","M","?","R","BOSS"],"build_version":"2019-01-23","purchased_purges":1,"victory":false,"max_hp_per_floor":[80,80,80,80,90,90,90,90,90,90,90,90,90,90,90,90],"card_choices":[{"not_picked":["Intimidate","Clothesline"],"picked":"Inflame","floor":1.0},{"not_picked":["Body Slam","Warcry"],"picked":"Headbutt","floor":3.0},{"not_picked":["Heavy Blade","Perfected Strike"],"picked":"Searing Blow","floor":6},{"not_picked":["Headbutt","Blood for Blood","Heavy Blade"],"picked":"SKIP","floor":10},{"not_picked":["Clothesline","Pommel Strike"],"picked":"Warcry","floor":11},{"not_picked":["Sword Boomerang","Armaments"],"picked":"Shrug It Off","floor":13},{"not_picked":["Clash","Headbutt"],"picked":"Feed","floor":14}],"player_experience":17036,"relics_obtained":[{"floor":6,"key":"Anchor"},{"floor":9,"key":"Pen Nib"},{"floor":14,"key":"Mummified Hand"}],"event_choices":[{"cards_removed":["Strike_R"],"damage_healed":0.0,"max_hp_gain":0.0,"max_hp_loss":0.0,"gold_gain":0.0,"event_name":"The Cleric","player_choice":"Card Removal","floor":2.0,"gold_loss":50.0,"damage_taken":0.0},{"damage_healed":0.0,"max_hp_gain":0.0,"max_hp_loss":0.0,"gold_gain":0.0,"event_name":"Living Wall","player_choice":"Grow","floor":4.0,"gold_loss":0.0,"damage_taken":0.0,"cards_upgraded":["Inflame"]},{"damage_healed":0.0,"max_hp_gain":0.0,"max_hp_loss":0.0,"gold_gain":0.0,"event_name":"Scrap Ooze","player_choice":"Success","floor":5.0,"gold_loss":0.0,"damage_taken":12.0,"relics_obtained":["Pear"]},{"damage_healed":0,"gold_gain":0,"cards_transformed":["Strike_R"],"player_choice":"Transformed","damage_taken":0,"max_hp_gain":0,"max_hp_loss":0,"event_name":"Transmorgrifier","floor":8,"gold_loss":0,"cards_obtained":["Barricade"]},{"damage_healed":0,"gold_gain":0,"player_choice":"Searched \u00271\u0027 times","damage_taken":0,"max_hp_gain":0,"max_hp_loss":0,"event_name":"Dead Adventurer","floor":14,"gold_loss":0}],"is_beta":false,"boss_relics":[],"items_purged_floors":[12],"is_endless":false,"potions_floor_spawned":[1,10,14],"killed_by":"The Guardian","ascension_level":0}