{"path_per_floor":["M","M","M","?","M","E","R","?","T","R","M","E","M","?","R","B",null,"M","?","?","$","M","E","T","R","T","M","E","M","?","M","R","B",null,"M","M","$","?","?","R","M","M","T","R","E","M","E","M","R","B"],"character_chosen":"DEFECT","items_purchased":["Ice Cream","Capacitor","Gambling Chip"],"gold_per_floor":[16,36,56,56,68,95,95,95,95,95,113,138,157,157,157,252,252,262,312,562,147,163,193,193,193,218,236,265,279,279,294,294,397,397,414,424,34,34,34,34,45,62,62,62,93,103,132,145,145,145],"floor_reached":51,"campfire_rested":3,"playtime":5055,"current_hp_per_floor":[74,62,62,47,44,39,39,39,39,39,29,26,4,4,26,4,75,68,68,68,68,56,23,23,45,52,43,43,47,47,55,55,75,82,48,46,46,36,26,50,81,82,92,92,92,59,78,88,88,13],"items_purged":["Regret","Normality"],"gold":145,"score":884,"play_id":"bb50c1b6-f488-452d-8a85-1887af689fbd","local_time":"20180502183632","is_prod":false,"is_daily":false,"chose_seed":false,"is_ascension_mode":false,"campfire_upgraded":5,"timestamp":1525253792,"path_taken":["M","M","M","?","?","E","R","?","T","R","M","E","M","?","R","BOSS","M","?","?","$","M","E","?","R","T","?","E","M","?","M","R","BOSS","M","M","$","?","?","R","?","?","T","R","E","M","E","M","R","BOSS"],"build_version":"2018-05-01v2","seed_source_timestamp":1705639782991037,"purchased_purges":2,"victory":true,"master_deck":["Strike_B","Defend_B+1","Defend_B","Defend_B","Defend_B","Zap+1","Dualcast","Consume+1","Scrape","Capacitor+1","Glacier","Cold Snap+1","Multi-Cast","Capacitor","Barrage","Cold Snap+1","Echo Form+1","Capacitor+1","Echo Form+1","FTL+1","Capacitor+1","Turbo","Reprieve+1","Tempest","Capacitor+1","Impulse+1","Writhe","Chaos+1","Meteor Strike","Turbo","Self Repair+1","Magnetism+1","Bandage Up","Thinking Ahead","Madness","Madness","Skim","Stack+1","Barrage","Turbo+1","Stack+1","Turbo+1"],"max_hp_per_floor":[75,75,75,75,75,75,75,75,75,75,75,75,75,75,75,75,75,75,75,75,75,75,75,75,75,82,82,82,82,82,82,82,82,82,82,82,82,82,82,82,82,82,92,92,92,92,92,92,92,92],"relics":["Cracked Core","Bottled Lightning","Centennial Puzzle","Frozen Egg 2","Orichalcum","Black Star","Ice Cream","Peace Pipe","Bird Faced Urn","Letter Opener","Strawberry","Ancient Tea Set","Whetstone","Anchor","Philosopher\u0027s Stone","Gambling Chip","Pear","Ornamental Fan","Dodecahedron","Gremlin Horn","Bottled Tornado"],"card_choices":[{"not_picked":["Streamline","Turbo"],"picked":"Capacitor","floor":1},{"not_picked":["Stack","Skim"],"picked":"Glacier","floor":2},{"not_picked":["Barrage","Genetic Algorithm"],"picked":"Cold Snap","floor":3},{"not_picked":["Cold Snap","Turbo"],"picked":"Multi-Cast","floor":5},{"not_picked":["Impulse","Axe Kick"],"picked":"Capacitor","floor":6},{"not_picked":["Skim","Axe Kick"],"picked":"Cold Snap","floor":11},{"not_picked":["Melter","Impulse"],"picked":"Echo Form","floor":12},{"not_picked":["Ball Lightning","Hologram"],"picked":"Capacitor","floor":13},{"not_picked":["Fusion","Reboot"],"picked":"Echo Form","floor":16},{"not_picked":["Coolheaded","Buffer"],"picked":"FTL","floor":18},{"not_picked":["Coolheaded","Skim"],"picked":"Turbo","floor":22},{"not_picked":["Steam Power","Heatsinks"],"picked":"Reprieve","floor":23},{"not_picked":["Capacitor","Cold Snap"],"picked":"Tempest","floor":27},{"not_picked":["Chill","FTL"],"picked":"Capacitor","floor":28},{"not_picked":["Undo","Leap"],"picked":"Impulse","floor":29},{"not_picked":["Chill","Hologram"],"picked":"Chaos","floor":31},{"not_picked":["Rainbow","Seek"],"picked":"Meteor Strike","floor":33},{"not_picked":["Ball Lightning","Gash"],"picked":"Turbo","floor":35},{"not_picked":["Sweeping Beam","Rebound"],"picked":"Self Repair","floor":36},{"not_picked":["Panacea","Transmutation"],"picked":"Magnetism","floor":38},{"not_picked":["Deep Breath","Madness"],"picked":"Bandage Up","floor":38},{"not_picked":["Purity","Good Instincts"],"picked":"Thinking Ahead","floor":38},{"not_picked":["Static Discharge","Gash"],"picked":"Skim","floor":41},{"not_picked":["Skim","Hologram"],"picked":"Stack","floor":42},{"not_picked":["Reinforced Body","Doom and Gloom"],"picked":"Barrage","floor":45},{"not_picked":["Capacitor","Coolheaded"],"picked":"Turbo","floor":46},{"not_picked":["Rebound","Reboot"],"picked":"Stack","floor":47},{"not_picked":["Genetic Algorithm","Beam Cell"],"picked":"Turbo","floor":48}],"player_experience":15046,"potions_floor_usage":[6,13,31,35,50,50],"damage_taken":[{"damage":1,"enemies":"Jaw Worm","floor":1,"turns":4},{"damage":12,"enemies":"Small Slimes","floor":2,"turns":4},{"damage":0,"enemies":"Cultist","floor":3,"turns":4},{"damage":3,"enemies":"Exordium Wildlife","floor":5,"turns":5},{"damage":5,"enemies":"Lagavulin","floor":6,"turns":9},{"damage":10,"enemies":"Looter","floor":11,"turns":3},{"damage":3,"enemies":"3 Sentries","floor":12,"turns":6},{"damage":22,"enemies":"Gremlin Gang","floor":13,"turns":5},{"damage":22,"enemies":"Slime Boss","floor":16,"turns":11},{"damage":7,"enemies":"Shell Parasite","floor":18,"turns":7},{"damage":12,"enemies":"Chosen","floor":22,"turns":6},{"damage":33,"enemies":"Gremlin Leader","floor":23,"turns":10},{"damage":19,"enemies":"Centurion and Healer","floor":27,"turns":7},{"damage":10,"enemies":"Book of Stabbing","floor":28,"turns":7},{"damage":10,"enemies":"Snecko","floor":29,"turns":7},{"damage":4,"enemies":"3 Cultists","floor":31,"turns":6},{"damage":0,"enemies":"Collector","floor":33,"turns":11},{"damage":42,"enemies":"3 Darklings","floor":35,"turns":5},{"damage":2,"enemies":"Orb Walker","floor":36,"turns":4},{"damage":9,"enemies":"4 Shapes","floor":41,"turns":8},{"damage":7,"enemies":"Maw","floor":42,"turns":5},{"damage":22,"enemies":"Nemesis","floor":45,"turns":5},{"damage":70,"enemies":"3 Darklings","floor":46,"turns":5},{"damage":11,"enemies":"Giant Head","floor":47,"turns":8},{"damage":0,"enemies":"Sphere and 2 Shapes","floor":48,"turns":3},{"damage":97,"enemies":"Time Eater","floor":50,"turns":10}],"event_choices":[{"event_name":"Shining Light","player_choice":"Entered Light","floor":4,"damage_taken":0},{"event_name":"Living Wall","player_choice":"Change","floor":8,"damage_taken":0},{"event_name":"Accursed Blacksmith","player_choice":"Rummage","floor":14,"damage_taken":0},{"event_name":"The Joust","player_choice":"Bet on Murderer","floor":19,"damage_taken":0},{"event_name":"Golden Shrine","player_choice":"Desecrate","floor":20,"damage_taken":0},{"event_name":"The Mausoleum","player_choice":"Yes","floor":30,"damage_taken":0},{"event_name":"SensoryStone","player_choice":"Memory 3","floor":38,"damage_taken":0},{"event_name":"Winding Halls","player_choice":"Embrace Madness","floor":39,"damage_taken":0}],"boss_relics":[{"not_picked":["Runic Pyramid","Ectoplasm"],"picked":"Black Star"},{"not_picked":["Orrery","Calling Bell"],"picked":"Philosopher\u0027s Stone"}],"potions_floor_spawned":[1,5,11,12,23,27,29,31,35,45,47],"seed_played":"-425586501168134239","ascension_level":0,"is_trial":false}