{"path_per_floor":["M","M","M","M","M","E","R","E","T","?","$","R","M","M","R","B",null,"M","M","M","$","M","E","R"],"character_chosen":"IRONCLAD","items_purchased":["Meat on the Bone","Inflame","War Paint"],"gold_per_floor":[118,129,145,165,182,211,211,244,290,290,7,7,22,37,37,156,156,177,191,211,64,80,111,111,111],"floor_reached":25,"campfire_rested":0,"playtime":1692,"current_hp_per_floor":[44,55,67,74,80,45,45,51,51,51,51,51,66,57,57,64,80,67,54,60,60,51,37,37,18],"items_purged":[],"gold":111,"score":273,"play_id":"e1ca95af-5cc6-4933-89cb-c9493f2ba134","local_time":"20180327081228","is_prod":false,"is_daily":false,"is_ascension_mode":true,"campfire_upgraded":4,"timestamp":1522105948,"path_taken":["M","M","M","M","?","E","R","E","T","?","?","R","M","M","R","BOSS","M","M","M","$","M","E","R","E"],"build_version":"2018-03-22v2","purchased_purges":0,"victory":false,"master_deck":["Strike_R","Strike_R","Strike_R","Defend_R+1","Defend_R","Defend_R","Defend_R","Bash","Wild Strike","Reaper","Seeing Red","Flex","Pommel Strike","Warcry+1","Whirlwind+1","Searing Blow+3","Injury","Inflame","Spot Weakness","Disarm","Brutality","Pommel Strike+1","Iron Wave","Sword Boomerang+1","Metallicize"],"max_hp_per_floor":[80,80,80,80,80,80,80,80,80,80,80,80,80,80,80,80,80,80,80,80,80,80,80,80,80],"relics":["Burning Blood","Magic Flower","Gambling Chip","Art of War","Golden Idol","Meat on the Bone","Velvet Choker","War Paint","Red Skull"],"card_choices":[{"not_picked":["Warcry","Body Slam"],"picked":"Seeing Red","floor":1},{"not_picked":["Perfected Strike","Warcry"],"picked":"Flex","floor":2},{"not_picked":["Thunderclap","Sword Boomerang"],"picked":"Pommel Strike","floor":3},{"not_picked":["Anger","Perfected Strike"],"picked":"Warcry","floor":4},{"not_picked":["Reckless Charge","Clash"],"picked":"Whirlwind","floor":6},{"not_picked":["Perfected Strike","Headbutt"],"picked":"Searing Blow","floor":8},{"not_picked":["Sword Boomerang","Limit Break"],"picked":"Spot Weakness","floor":13},{"not_picked":["Sword Boomerang","Sever Soul"],"picked":"Disarm","floor":14},{"not_picked":["Juggernaut","Immolate"],"picked":"Brutality","floor":16},{"not_picked":["Havoc","Reckless Charge"],"picked":"Pommel Strike","floor":18},{"not_picked":["Body Slam","Perfected Strike"],"picked":"Iron Wave","floor":19},{"not_picked":["Second Wind","Pommel Strike"],"picked":"Sword Boomerang","floor":20},{"not_picked":["Power Through","Sever Soul"],"picked":"Metallicize","floor":23}],"player_experience":85069,"potions_floor_usage":[4,16,19,22],"damage_taken":[{"damage":6,"enemies":"Cultist","floor":1,"turns":3},{"damage":2,"enemies":"Small Slimes","floor":2,"turns":4},{"damage":2,"enemies":"2 Louse","floor":3,"turns":4},{"damage":7,"enemies":"Exordium Thugs","floor":4,"turns":3},{"damage":10,"enemies":"2 Fungi Beasts","floor":5,"turns":3},{"damage":45,"enemies":"Gremlin Nob","floor":6,"turns":5},{"damage":21,"enemies":"3 Sentries","floor":8,"turns":6},{"damage":12,"enemies":"Looter","floor":13,"turns":3},{"damage":18,"enemies":"Exordium Thugs","floor":14,"turns":3},{"damage":34,"enemies":"Hexaghost","floor":16,"turns":8},{"damage":28,"enemies":"Spheric Guardian","floor":18,"turns":4},{"damage":49,"enemies":"Shell Parasite","floor":19,"turns":5},{"damage":35,"enemies":"Chosen and Byrds","floor":20,"turns":6},{"damage":50,"enemies":"Slaver and Parasite","floor":22,"turns":5},{"damage":49,"enemies":"Gremlin Leader","floor":23,"turns":7},{"damage":19,"enemies":"Slavers","floor":25,"turns":2}],"event_choices":[{"event_name":"Golden Idol","player_choice":"Take Wound","floor":10,"damage_taken":0}],"boss_relics":[{"not_picked":["Ectoplasm","Lizard Tail"],"picked":"Velvet Choker"}],"potions_floor_spawned":[2,3,8,13,16,23],"seed_played":"1533957675205699693","killed_by":"Slavers","ascension_level":3,"is_trial":false}