{"path_per_floor":["M","M","M","M","?","E","?","E","T","R","M","$","E","M","R","B",null,"M","M"],"character_chosen":"THE_SILENT","items_purchased":["Kunai","Well Laid Plans","Backstab"],"gold_per_floor":[118,134,150,166,341,374,324,351,374,374,386,19,46,64,64,163,163,177,194,194],"floor_reached":20,"campfire_rested":2,"playtime":1403,"current_hp_per_floor":[70,67,67,62,62,41,41,24,24,45,41,41,29,24,45,17,70,42,3,3],"items_purged":[],"gold":194,"score":216,"play_id":"1d0be245-197d-4070-90e9-32ab090161ae","local_time":"20180402114947","is_prod":false,"is_daily":false,"is_ascension_mode":true,"campfire_upgraded":0,"timestamp":1522637387,"path_taken":["M","M","M","M","?","E","?","E","T","R","M","?","E","?","R","BOSS","M","M","M"],"build_version":"2018-03-29v2","purchased_purges":0,"victory":false,"master_deck":["Defend_G","Defend_G","Defend_G","Defend_G","Defend_G","Strike_G","Strike_G","Strike_G","Strike_G","Survivor","Neutralize","Dodge and Roll","Dagger Throw","Infinite Blades","Terror","Doubt","Slice","Well Laid Plans","Backstab","Accuracy","Masterful Stab","Storm of Steel","Blade Dance","Cloak And Dagger","Dagger Spray","Flying Knee","Calculated Gamble","Prepared"],"max_hp_per_floor":[70,70,70,70,70,70,70,70,70,70,70,70,70,70,70,70,70,70,70,70],"relics":["Philosopher\u0027s Stone","Art of War","Girya","Blood Vial","Kunai","Vajra","Orrery"],"card_choices":[{"not_picked":["Distraction","Setup"],"picked":"Dodge and Roll","floor":1},{"not_picked":["Slice","Expertise"],"picked":"Dagger Throw","floor":2},{"not_picked":["Leg Sweep","Cloak And Dagger"],"picked":"Infinite Blades","floor":3},{"not_picked":["Slice","Bane"],"picked":"Terror","floor":4},{"not_picked":["Acrobatics","Deadly Poison"],"picked":"Slice","floor":8},{"not_picked":["Backflip","Bouncing Flask"],"picked":"Accuracy","floor":13},{"not_picked":["Dodge and Roll","Dagger Throw"],"picked":"Masterful Stab","floor":14},{"not_picked":["Grand Finale","Phantasmal Killer"],"picked":"Storm of Steel","floor":16},{"not_picked":["Deflect","Bane"],"picked":"Blade Dance","floor":17},{"not_picked":["Acrobatics","Outmaneuver"],"picked":"Cloak And Dagger","floor":17},{"not_picked":["Poisoned Stab","Reflex"],"picked":"Dagger Spray","floor":17},{"not_picked":["Underhanded Strike","Endless Agony"],"picked":"Flying Knee","floor":17},{"not_picked":["Outmaneuver","Slice"],"picked":"Calculated Gamble","floor":18},{"not_picked":["Unload","Dagger Spray"],"picked":"Prepared","floor":19}],"player_experience":125025,"potions_floor_usage":[11,16],"damage_taken":[{"damage":0,"enemies":"Small Slimes","floor":1,"turns":5},{"damage":3,"enemies":"Cultist","floor":2,"turns":4},{"damage":0,"enemies":"Jaw Worm","floor":3,"turns":4},{"damage":5,"enemies":"Blue Slaver","floor":4,"turns":4},{"damage":21,"enemies":"Gremlin Nob","floor":6,"turns":4},{"damage":17,"enemies":"3 Sentries","floor":8,"turns":9},{"damage":18,"enemies":"Lots of Slimes","floor":11,"turns":5},{"damage":14,"enemies":"Gremlin Nob","floor":13,"turns":4},{"damage":7,"enemies":"Red Slaver","floor":14,"turns":4},{"damage":30,"enemies":"Slime Boss","floor":16,"turns":13},{"damage":28,"enemies":"Shell Parasite","floor":18,"turns":5},{"damage":41,"enemies":"Chosen","floor":19,"turns":4},{"damage":0,"enemies":"Snake Plant","floor":20,"turns":1}],"event_choices":[{"event_name":"Liars Game","player_choice":"agreed","floor":5,"damage_taken":0},{"event_name":"The Cleric","player_choice":"Card Removal","floor":7,"damage_taken":0}],"boss_relics":[{"not_picked":["The Specimen","Pandora\u0027s Box"],"picked":"Orrery"}],"potions_floor_spawned":[1,4,8,16,19],"seed_played":"-1718480345800305188","killed_by":"Snake Plant","ascension_level":2,"is_trial":false}