{"gold_per_floor":[213,213,233,244,3,34,34,34,34,47,61,76,89,89],"floor_reached":14,"playtime":544,"items_purged":["Defend_B"],"score":108,"play_id":"c284e68d-a9f4-4533-a49f-3230e9aba280","local_time":"20190827122439","is_ascension_mode":true,"campfire_choices":[{"data":"Leap","floor":7,"key":"SMITH"}],"neow_cost":"NONE","seed_source_timestamp":1036562781082100,"circlet_count":0,"master_deck":["Strike_B","Strike_B","Strike_B","Defend_B","Defend_B","Defend_B","Zap","Dualcast+1","Leap+1","Capacitor","Cold Snap","Melter","Go for the Eyes","Barrage","Defragment","Go for the Eyes"],"relics":["Cracked Core","Membership Card","Smiling Mask","Sundial"],"potions_floor_usage":[14,14],"damage_taken":[{"damage":0,"enemies":"2 Louse","floor":1,"turns":2},{"damage":5,"enemies":"Small Slimes","floor":3,"turns":3},{"damage":0,"enemies":"Cultist","floor":4,"turns":4},{"damage":50,"enemies":"3 Sentries","floor":6,"turns":8},{"damage":0,"enemies":"Exordium Wildlife","floor":10,"turns":4},{"damage":5,"enemies":"Exordium Thugs","floor":11,"turns":4},{"damage":0,"enemies":"Blue Slaver","floor":12,"turns":3},{"damage":12,"enemies":"Large Slime","floor":13,"turns":5},{"damage":8,"enemies":"Gremlin Nob","floor":14,"turns":2}],"seed_played":"-2346734240838247761","potions_obtained":[{"floor":3,"key":"LiquidBronze"},{"floor":6,"key":"Explosive Potion"},{"floor":11,"key":"Poison Potion"}],"is_trial":false,"path_per_floor":["M","?","M","M","$","E","R","?","T","M","M","M","M","E"],"character_chosen":"DEFECT","items_purchased":["Membership Card"],"campfire_rested":0,"item_purchase_floors":[5],"current_hp_per_floor":[75,75,70,70,70,20,20,20,20,20,15,15,3,0],"gold":89,"neow_bonus":"HUNDRED_GOLD","is_prod":false,"is_daily":false,"chose_seed":false,"campfire_upgraded":1,"win_rate":0,"timestamp":1566901479,"path_taken":["M","?","M","M","$","E","R","?","T","M","?","M","M","E"],"build_version":"2019-07-17","purchased_purges":1,"victory":false,"max_hp_per_floor":[75,75,75,75,75,75,75,75,75,75,75,75,75,75],"card_choices":[{"not_picked":["Streamline","Ball Lightning"],"picked":"Leap","floor":1},{"not_picked":["Heatsinks","Rebound"],"picked":"Capacitor","floor":3},{"not_picked":["Go for the Eyes","Barrage"],"picked":"Cold Snap","floor":4},{"not_picked":["Capacitor","Machine Learning"],"picked":"Melter","floor":6},{"not_picked":["Rebound","Stack"],"picked":"Go for the Eyes","floor":10},{"not_picked":["Turbo","Compile Driver"],"picked":"Barrage","floor":11},{"not_picked":["Chill","Go for the Eyes"],"picked":"Defragment","floor":12},{"not_picked":["Compile Driver","Thunder Strike"],"picked":"Go for the Eyes","floor":13}],"player_experience":216335,"relics_obtained":[{"floor":6,"key":"Smiling Mask"},{"floor":9,"key":"Sundial"}],"event_choices":[{"cards_removed":["Strike_B"],"damage_healed":0,"gold_gain":0,"player_choice":"Forget","damage_taken":0,"max_hp_gain":0,"max_hp_loss":0,"event_name":"Living Wall","floor":2,"gold_loss":0},{"damage_healed":0,"gold_gain":0,"player_choice":"Forge","damage_taken":0,"max_hp_gain":0,"max_hp_loss":0,"event_name":"Accursed Blacksmith","floor":8,"gold_loss":0,"cards_upgraded":["Dualcast"]}],"is_beta":false,"boss_relics":[],"items_purged_floors":[5],"is_endless":false,"potions_floor_spawned":[3,6,11],"killed_by":"Gremlin Nob","ascension_level":3}