{"gold_per_floor":[113,128,141,51,151,151,179,179,179,208,208,222,268,278,278,373,373,383,77,97,97,20,20],"floor_reached":23,"playtime":1421,"items_purged":[],"score":239,"play_id":"f1ab2ec9-b7fb-41e0-a9ea-cdcd24e5afbe","local_time":"20180729052817","is_ascension_mode":true,"campfire_choices":[{"data":"Choke","floor":6,"key":"SMITH"},{"data":"Neutralize","floor":8,"key":"SMITH"},{"floor":11,"key":"REST"},{"floor":15,"key":"REST"}],"neow_cost":"","seed_source_timestamp":1573058932643342,"circlet_count":0,"master_deck":["Defend_G","Defend_G","Defend_G","Defend_G","Defend_G","Strike_G","Strike_G","Strike_G","Strike_G","Strike_G","Survivor","Neutralize+1","Dagger Spray","Adrenaline","Outmaneuver","Dodge and Roll","Choke+1","Dagger Throw","Finisher","Heel Hook","Deflect","Bullet Time","Crippling Poison","Footwork","Predator+1","J.A.X."],"relics":["Ring of the Snake","Du-Vu Doll","Turnip","Art of War","Oddly Smooth Stone","Philosopher\u0027s Stone","Kunai"],"potions_floor_usage":[16],"damage_taken":[{"damage":0,"enemies":"Small Slimes","floor":1,"turns":5},{"damage":5,"enemies":"Cultist","floor":2,"turns":4},{"damage":0,"enemies":"Jaw Worm","floor":3,"turns":4},{"damage":29,"enemies":"Gremlin Nob","floor":7,"turns":5},{"damage":29,"enemies":"3 Sentries","floor":10,"turns":9},{"damage":0,"enemies":"Blue Slaver","floor":12,"turns":2},{"damage":10,"enemies":"Lots of Slimes","floor":14,"turns":3},{"damage":24,"enemies":"The Guardian","floor":16,"turns":13},{"damage":15,"enemies":"Spheric Guardian","floor":18,"turns":4},{"damage":10,"enemies":"Chosen","floor":20,"turns":6},{"damage":39,"enemies":"Book of Stabbing","floor":23,"turns":5}],"seed_played":"9080811324628329984","potions_obtained":[{"floor":10,"key":"SpeedPotion"},{"floor":14,"key":"SkillPotion"},{"floor":16,"key":"SpeedPotion"}],"is_trial":false,"path_per_floor":["M","M","M","$","?","R","E","R","T","E","R","M","T","M","R","B",null,"M","$","M","?","?"],"character_chosen":"THE_SILENT","items_purchased":["Dodge and Roll","Choke","Footwork","Kunai"],"campfire_rested":2,"item_purchase_floors":[4,4,19,19],"current_hp_per_floor":[70,65,65,65,65,65,36,36,36,7,28,28,28,18,39,15,70,55,55,45,45,45,6],"gold":20,"neow_bonus":"","is_prod":false,"is_daily":false,"chose_seed":false,"campfire_upgraded":2,"win_rate":0,"timestamp":1532856497,"path_taken":["M","M","M","$","?","R","E","R","T","E","R","M","?","M","R","BOSS","M","$","M","?","?","E"],"build_version":"2018-07-26","purchased_purges":0,"victory":false,"max_hp_per_floor":[70,70,70,70,70,70,70,70,70,70,70,70,70,70,70,70,70,70,70,70,70,70,70],"card_choices":[{"not_picked":["Prepared","Dodge and Roll"],"picked":"Dagger Spray","floor":1},{"not_picked":["Choke","Prepared"],"picked":"Adrenaline","floor":2},{"not_picked":["PiercingWail","Expertise"],"picked":"Outmaneuver","floor":3},{"not_picked":["Storm of Steel","Concentrate"],"picked":"Dagger Throw","floor":7},{"not_picked":["Backflip","Prepared"],"picked":"Finisher","floor":10},{"not_picked":["Bouncing Flask","Caltrops"],"picked":"Heel Hook","floor":12},{"not_picked":["Slice","Dodge and Roll"],"picked":"Deflect","floor":14},{"not_picked":["Wraith Form v2","Tools of the Trade"],"picked":"Bullet Time","floor":16},{"not_picked":["Poisoned Stab","Flying Knee"],"picked":"Crippling Poison","floor":18},{"not_picked":["Poisoned Stab","Skewer"],"picked":"Predator","floor":20}],"player_experience":237677,"relics_obtained":[{"floor":7,"key":"Du-Vu Doll"},{"floor":9,"key":"Turnip"},{"floor":10,"key":"Art of War"},{"floor":13,"key":"Oddly Smooth Stone"}],"event_choices":[{"event_name":"Wheel of Change","player_choice":"Gold","floor":5,"damage_taken":0},{"event_name":"Upgrade Shrine","player_choice":"Upgraded","floor":21,"damage_taken":0},{"event_name":"Drug Dealer","player_choice":"Got JAXXED","floor":22,"damage_taken":0}],"is_beta":false,"boss_relics":[{"not_picked":["Eternal Feather","Ectoplasm"],"picked":"Philosopher\u0027s Stone"}],"items_purged_floors":[],"is_endless":false,"potions_floor_spawned":[10,14,16],"killed_by":"Book of Stabbing","ascension_level":4}