{"gold_per_floor":[114,126,146,156,156,156,174,190,213,213,223,223,235,261,261,261],"floor_reached":16,"playtime":1180,"items_purged":[],"score":201,"play_id":"2d253a49-9cc1-4660-9567-613fd24d8f8f","local_time":"20190926021211","is_ascension_mode":true,"campfire_choices":[{"floor":6.0,"key":"REST"},{"data":"Rebound","floor":10,"key":"SMITH"},{"floor":12,"key":"REST"},{"data":"Leap","floor":15,"key":"SMITH"}],"neow_cost":"NONE","seed_source_timestamp":1484138801107927,"circlet_count":0,"master_deck":["AscendersBane","Strike_B","Strike_B","Strike_B","Strike_B","Defend_B","Defend_B+1","Defend_B","Defend_B","Zap","Dualcast","Gash","Gash+1","Beam Cell","Rebound+1","Echo Form","Leap+1","Chill"],"special_seed":0,"relics":["Cracked Core","Bag of Preparation","Vajra"],"potions_floor_usage":[7,11,14],"damage_taken":[{"damage":1.0,"enemies":"Cultist","floor":1.0,"turns":3.0},{"damage":4.0,"enemies":"Jaw Worm","floor":2.0,"turns":4.0},{"damage":2.0,"enemies":"2 Louse","floor":3.0,"turns":2.0},{"damage":7.0,"enemies":"2 Fungi Beasts","floor":4.0,"turns":3.0},{"damage":10,"enemies":"Gremlin Gang","floor":7,"turns":4},{"damage":9,"enemies":"Red Slaver","floor":8,"turns":3},{"damage":0,"enemies":"2 Fungi Beasts","floor":11,"turns":2},{"damage":4,"enemies":"Exordium Wildlife","floor":13,"turns":5},{"damage":31,"enemies":"3 Sentries","floor":14,"turns":5},{"damage":39,"enemies":"Hexaghost","floor":16,"turns":9}],"seed_played":"-5699131546215782900","potions_obtained":[{"floor":4.0,"key":"SkillPotion"},{"floor":7,"key":"FairyPotion"},{"floor":8,"key":"EssenceOfSteel"},{"floor":11,"key":"LiquidBronze"}],"is_trial":false,"path_per_floor":["M","M","M","M","?","R","M","M","T","R","M","R","M","E","R","B"],"character_chosen":"DEFECT","items_purchased":[],"campfire_rested":2,"item_purchase_floors":[],"current_hp_per_floor":[70,66,64,57,34,57,47,38,38,38,38,61,57,26,26,0],"gold":261,"neow_bonus":"TEN_PERCENT_HP_BONUS","is_prod":false,"is_daily":false,"chose_seed":false,"campfire_upgraded":2,"win_rate":0,"timestamp":1569478331,"path_taken":["M","M","M","M","?","R","M","M","T","R","M","R","M","E","R","BOSS"],"build_version":"2019-07-17","purchased_purges":0,"victory":false,"max_hp_per_floor":[78,78,78,78,78,78,78,78,78,78,78,78,78,78,78,78],"card_choices":[{"not_picked":["Coolheaded","Turbo","Double Energy"],"picked":"SKIP","floor":1.0},{"not_picked":["Steam","Beam Cell","Force Field"],"picked":"SKIP","floor":2.0},{"not_picked":["Conserve Battery","White Noise"],"picked":"Gash","floor":3.0},{"not_picked":["Scrape","Hologram"],"picked":"Gash","floor":4.0},{"not_picked":["White Noise","Coolheaded"],"picked":"Beam Cell","floor":7},{"not_picked":["Redo","Leap"],"picked":"Rebound","floor":8},{"not_picked":["Loop","Streamline"],"picked":"Echo Form","floor":11},{"not_picked":["Sweeping Beam","Redo"],"picked":"Leap","floor":13},{"not_picked":["Steam Power","Cold Snap"],"picked":"Chill","floor":14}],"player_experience":428153,"relics_obtained":[{"floor":9,"key":"Bag of Preparation"},{"floor":14,"key":"Vajra"}],"event_choices":[{"damage_healed":0.0,"max_hp_gain":0.0,"max_hp_loss":0.0,"gold_gain":0.0,"event_name":"Shining Light","player_choice":"Entered Light","floor":5.0,"gold_loss":0.0,"damage_taken":23.0,"cards_upgraded":["Gash","Defend_B"]}],"is_beta":false,"boss_relics":[],"items_purged_floors":[],"is_endless":false,"potions_floor_spawned":[4,7,8,11],"killed_by":"Hexaghost","ascension_level":18}