{"gold_per_floor":[113,188,188,188,198,231,243,275,323,342,342,342,362,379,379,379],"floor_reached":16,"playtime":395,"items_purged":[],"score":155,"play_id":"05a46a85-f181-4230-8716-1e808d13829a","local_time":"20190414182938","is_ascension_mode":true,"campfire_choices":[{"data":"Corruption","floor":12.0,"key":"SMITH"},{"floor":15.0,"key":"REST"}],"neow_cost":"NONE","seed_source_timestamp":71984933492400,"circlet_count":0,"master_deck":["Strike_R","Strike_R","Strike_R","Strike_R","Defend_R","Defend_R","Defend_R","Defend_R","Bash","Corruption+1","Pommel Strike","Shockwave","Shrug It Off","Sentinel","Intimidate","Metallicize"],"special_seed":0,"relics":["Burning Blood","NeowsBlessing","Singing Bowl","Boot","Smiling Mask","PreservedInsect","Odd Mushroom"],"potions_floor_usage":[16,16,16],"damage_taken":[{"damage":0.0,"enemies":"Jaw Worm","floor":1.0,"turns":1.0},{"damage":0.0,"enemies":"Small Slimes","floor":5.0,"turns":1.0},{"damage":0.0,"enemies":"3 Sentries","floor":6.0,"turns":2.0},{"damage":0.0,"enemies":"2 Louse","floor":7.0,"turns":4.0},{"damage":38.0,"enemies":"Lagavulin","floor":8.0,"turns":8.0},{"damage":19.0,"enemies":"Large Slime","floor":10.0,"turns":6.0},{"damage":34.0,"enemies":"The Mushroom Lair","floor":13.0,"turns":5.0},{"damage":3.0,"enemies":"Looter","floor":14.0,"turns":3.0},{"damage":62,"enemies":"The Guardian","floor":16,"turns":11}],"seed_played":"-7675931151639284881","potions_obtained":[{"floor":6.0,"key":"Strength Potion"},{"floor":8.0,"key":"GamblersBrew"},{"floor":13.0,"key":"Regen Potion"},{"floor":14.0,"key":"Energy Potion"}],"is_trial":false,"path_per_floor":["M","?","?","?","M","E","M","E","T","M","?","R","?","M","R","B"],"character_chosen":"IRONCLAD","items_purchased":[],"campfire_rested":1,"item_purchase_floors":[],"current_hp_per_floor":[80,69,69,44,50,56,64,32,32,21,49,49,21,24,49,0],"gold":379,"neow_bonus":"THREE_ENEMY_KILL","is_prod":false,"is_daily":false,"chose_seed":false,"campfire_upgraded":1,"win_rate":0,"timestamp":1555262978,"path_taken":["M","?","?","?","M","E","M","E","T","M","?","R","?","M","R","BOSS"],"build_version":"2019-01-23","purchased_purges":0,"victory":false,"max_hp_per_floor":[80,80,80,80,80,80,82,82,82,84,84,84,84,84,84,84],"card_choices":[{"not_picked":["Perfected Strike","Clash"],"picked":"Corruption","floor":1.0},{"not_picked":["Armaments","Shrug It Off"],"picked":"Shockwave","floor":5.0},{"not_picked":["Clash","Limit Break"],"picked":"Shrug It Off","floor":6.0},{"not_picked":["Sword Boomerang","Wild Strike","Twin Strike"],"picked":"Singing Bowl","floor":7.0},{"not_picked":["Reckless Charge","Fire Breathing"],"picked":"Sentinel","floor":8.0},{"not_picked":["Clothesline","Havoc","Body Slam"],"picked":"Singing Bowl","floor":10.0},{"not_picked":["Iron Wave","True Grit"],"picked":"Intimidate","floor":13.0},{"not_picked":["Havoc","Feed"],"picked":"Metallicize","floor":14.0}],"player_experience":25788,"relics_obtained":[{"floor":6.0,"key":"Boot"},{"floor":8.0,"key":"Smiling Mask"},{"floor":9.0,"key":"PreservedInsect"},{"floor":13.0,"key":"Odd Mushroom"}],"event_choices":[{"damage_healed":0.0,"max_hp_gain":0.0,"max_hp_loss":0.0,"gold_gain":75.0,"event_name":"World of Goop","player_choice":"Gather Gold","floor":2.0,"gold_loss":0.0,"damage_taken":11.0},{"damage_healed":0.0,"max_hp_gain":0.0,"max_hp_loss":0.0,"gold_gain":0.0,"cards_transformed":["Strike_R"],"event_name":"Living Wall","player_choice":"Change","floor":3.0,"gold_loss":0.0,"damage_taken":0.0,"cards_obtained":["Pommel Strike"]},{"damage_healed":0.0,"max_hp_gain":0.0,"max_hp_loss":0.0,"gold_gain":0.0,"event_name":"Scrap Ooze","player_choice":"Success","floor":4.0,"gold_loss":0.0,"damage_taken":25.0,"relics_obtained":["Singing Bowl"]},{"damage_healed":28.0,"max_hp_gain":0.0,"max_hp_loss":0.0,"gold_gain":0.0,"event_name":"Big Fish","player_choice":"Banana","floor":11.0,"gold_loss":0.0,"damage_taken":0.0},{"damage_healed":0.0,"max_hp_gain":0.0,"max_hp_loss":0.0,"gold_gain":0.0,"event_name":"Mushrooms","player_choice":"Fought Mushrooms","floor":13.0,"gold_loss":0.0,"damage_taken":0.0}],"is_beta":false,"boss_relics":[],"items_purged_floors":[],"is_endless":false,"potions_floor_spawned":[6,8,13,14],"killed_by":"The Guardian","ascension_level":3}