{"gold_per_floor":[12,12,32,32,32,32,63,63,63,63,76,94,115,145,145,269,269,288,211,211,231,330,369,393,393,417,437,437,457,457],"floor_reached":30,"playtime":5620,"items_purged":[],"score":388,"play_id":"cb5ac082-02bc-4b19-9032-92cefbb96413","local_time":"20190912195238","is_ascension_mode":true,"campfire_choices":[{"data":"Sunder","floor":6.0,"key":"SMITH"},{"floor":8,"key":"REST"},{"floor":15,"key":"REST"},{"floor":25,"key":"REST"},{"data":"White Noise","floor":28,"key":"SMITH"}],"neow_cost":"NO_GOLD","seed_source_timestamp":0,"circlet_count":0,"master_deck":["AscendersBane","Strike_B","Strike_B","Strike_B","Strike_B","Defend_B","Defend_B","Defend_B","Defend_B","Zap","Dualcast","The Bomb","Secret Technique","Sunder+1","Coolheaded","Capacitor","Streamline","Cold Snap","Steam","Hyperbeam","Leap+1","Defragment+1","Melter+1","Double Energy","White Noise+1","Parasite","Genetic Algorithm+1","Ball Lightning"],"special_seed":0,"relics":["Cracked Core","Golden Idol","Ginger","FossilizedHelix","Frozen Egg 2","Cursed Key","MutagenicStrength","HornCleat","Bag of Marbles"],"potions_floor_usage":[16,18,23,29],"damage_taken":[{"damage":0.0,"enemies":"Cultist","floor":1.0,"turns":3.0},{"damage":3.0,"enemies":"Small Slimes","floor":3.0,"turns":2.0},{"damage":40,"enemies":"Lagavulin","floor":7,"turns":6},{"damage":0,"enemies":"Jaw Worm","floor":11,"turns":3},{"damage":0,"enemies":"Looter","floor":12,"turns":3},{"damage":7,"enemies":"Lots of Slimes","floor":13,"turns":4},{"damage":38,"enemies":"Hexaghost","floor":16,"turns":13},{"damage":19,"enemies":"3 Byrds","floor":18,"turns":3},{"damage":17,"enemies":"2 Thieves","floor":21,"turns":3},{"damage":21,"enemies":"Slavers","floor":23,"turns":3},{"damage":0,"enemies":"Snecko","floor":24,"turns":5},{"damage":0,"enemies":"Cultist and Chosen","floor":27,"turns":3},{"damage":15,"enemies":"Snake Plant","floor":29,"turns":3},{"damage":12,"enemies":"Gremlin Leader","floor":30,"turns":1}],"seed_played":"-2441849687591162597","potions_obtained":[{"floor":7,"key":"Dexterity Potion"},{"floor":10,"key":"PowerPotion"},{"floor":16,"key":"Explosive Potion"},{"floor":24,"key":"LiquidBronze"},{"floor":27,"key":"Poison Potion"}],"is_trial":false,"path_per_floor":["M","$","M","?","$","R","E","R","T","?","M","M","M","?","R","B",null,"M","$","?","M","?","E","M","R","T","M","R","M","E"],"character_chosen":"DEFECT","items_purchased":["Defragment+1"],"campfire_rested":3,"item_purchase_floors":[19],"current_hp_per_floor":[68,68,65,47,47,47,7,29,29,29,29,29,22,22,44,6,58,39,39,39,22,22,1,1,23,23,23,23,8,0],"gold":457,"neow_bonus":"RANDOM_COLORLESS_2","is_prod":false,"is_daily":false,"chose_seed":false,"campfire_upgraded":2,"win_rate":0,"timestamp":1568332358,"path_taken":["M","$","M","?","$","R","E","R","T","?","M","?","M","?","R","BOSS","M","$","?","M","?","E","M","R","T","M","R","M","E"],"build_version":"2019-09-11v2","purchased_purges":0,"victory":false,"max_hp_per_floor":[75,75,75,75,75,75,75,75,75,75,75,75,75,75,75,75,75,75,75,75,75,75,75,75,75,75,75,75,75,75],"card_choices":[{"not_picked":["Gash","Ball Lightning"],"picked":"Sunder","floor":1.0},{"not_picked":["Skim","Turbo"],"picked":"Coolheaded","floor":3.0},{"not_picked":["Self Repair","Blizzard"],"picked":"Capacitor","floor":7},{"not_picked":["Compile Driver","Coolheaded"],"picked":"Streamline","floor":11},{"not_picked":["Rebound","Hologram"],"picked":"Cold Snap","floor":12},{"not_picked":["Aggregate","Heatsinks"],"picked":"Steam","floor":13},{"not_picked":["Meteor Strike","All For One"],"picked":"Hyperbeam","floor":16},{"not_picked":["Sunder","Steam"],"picked":"Leap+1","floor":18},{"not_picked":["Tempest+1","Gash"],"picked":"Melter+1","floor":21},{"not_picked":["Skim+1","Coolheaded"],"picked":"Double Energy","floor":23},{"not_picked":["Leap","Sweeping Beam"],"picked":"White Noise","floor":24},{"not_picked":["Steam","Steam Power+1"],"picked":"Genetic Algorithm+1","floor":27},{"not_picked":["Streamline","Turbo"],"picked":"Ball Lightning","floor":29}],"player_experience":374152,"relics_obtained":[{"floor":7,"key":"Ginger"},{"floor":9,"key":"FossilizedHelix"},{"floor":23,"key":"HornCleat"},{"floor":26,"key":"Bag of Marbles"}],"event_choices":[{"damage_healed":0.0,"max_hp_gain":0.0,"max_hp_loss":0.0,"gold_gain":0.0,"event_name":"Golden Idol","player_choice":"Take Damage","floor":4.0,"gold_loss":0.0,"damage_taken":18.0,"relics_obtained":["Golden Idol"]},{"damage_healed":0,"gold_gain":0,"player_choice":"Got Potions","damage_taken":0,"max_hp_gain":0,"max_hp_loss":0,"event_name":"Lab","floor":10,"gold_loss":0},{"damage_healed":0,"gold_gain":30,"player_choice":"Searched \u00273\u0027 times","damage_taken":0,"relics_obtained":["Frozen Egg 2"],"max_hp_gain":0,"max_hp_loss":0,"event_name":"Dead Adventurer","floor":14,"gold_loss":0},{"damage_healed":0,"gold_gain":0,"player_choice":"Inject Mutagens","damage_taken":0,"relics_obtained":["MutagenicStrength"],"max_hp_gain":0,"max_hp_loss":0,"event_name":"Drug Dealer","floor":20,"gold_loss":0},{"damage_healed":0,"gold_gain":99,"player_choice":"Stole From Cult","damage_taken":0,"max_hp_gain":0,"max_hp_loss":0,"event_name":"Nest","floor":22,"gold_loss":0}],"is_beta":true,"boss_relics":[{"not_picked":["Inserter","FrozenCore"],"picked":"Cursed Key"}],"items_purged_floors":[],"is_endless":false,"potions_floor_spawned":[7,11,12,16,24,27],"killed_by":"Gremlin Leader","ascension_level":11}