{"path_per_floor":["M","M","$","?","M","E","?","E","T","R","E","R","$","T","R","B",null,"M","T","?","M","$","E","R","E","T","T","?","$","?","?","R","B",null,"M","M","?","M","?","R","?","R","T","E","?","$","E","M","R"],"character_chosen":"THE_SILENT","items_purchased":["Blade Dance","Cloak And Dagger","Dodge and Roll","Infinite Blades","Deflect","Quick Slash","Deflect","Accuracy"],"gold_per_floor":[115,125,1,1,19,45,45,102,176,176,207,207,14,14,14,119,119,131,131,56,74,20,51,51,77,102,102,102,27,27,27,27,123,123,140,157,157,168,168,168,168,168,168,196,0,0,31,46,46,46],"floor_reached":50,"campfire_rested":3,"playtime":3225,"item_purchase_floors":[3,3,13,13,13,13,22,29],"current_hp_per_floor":[70,67,67,67,64,49,49,51,51,51,41,41,41,41,41,24,70,65,65,65,43,43,12,33,1,1,1,1,1,1,1,22,13,70,68,40,40,39,39,53,43,57,57,43,43,43,33,37,70,1],"items_purged":[],"gold":46,"score":678,"play_id":"f3811ac7-a2cd-4fc8-a41a-1589e328f0ee","local_time":"20180520181920","is_prod":false,"is_daily":false,"chose_seed":false,"is_ascension_mode":true,"campfire_upgraded":2,"timestamp":1526854760,"campfire_choices":[{"data":"1","floor":10,"key":"LIFT"},{"data":"2","floor":12,"key":"LIFT"},{"data":"3","floor":15,"key":"LIFT"},{"floor":24,"key":"REST"},{"floor":32,"key":"REST"},{"data":"Accuracy","floor":40,"key":"SMITH"},{"data":"Footwork","floor":42,"key":"SMITH"},{"floor":49,"key":"REST"}],"path_taken":["M","M","$","?","?","E","?","E","T","R","E","R","$","?","R","BOSS","M","?","?","?","$","E","R","E","T","?","?","$","?","?","R","BOSS","M","M","?","M","?","R","?","R","T","E","?","?","E","M","R","BOSS"],"build_version":"2018-05-18","seed_source_timestamp":57427491696237,"purchased_purges":0,"victory":false,"master_deck":["Defend_G","Defend_G","Defend_G","Defend_G","Strike_G","Strike_G","Survivor","Neutralize+1","Accuracy+1","Footwork+1","Blade Dance","Cloak And Dagger","Terror","Accuracy","Deflect","Flechettes","Dodge and Roll","Infinite Blades","Deflect","Quick Slash","Tools of the Trade","Flying Knee","Deflect","Backflip","Dagger Throw","Blur","Flechettes+1","Outmaneuver","Deflect","Dagger Spray+1","Adrenaline","Accuracy+1","Doppelganger","Backflip+1","Prepared+1","Terror+1","Blind","Trip","Panache","Finisher+1","Deflect+1","Predator+1"],"max_hp_per_floor":[70,70,70,70,70,70,70,70,70,70,70,70,70,70,70,70,70,70,70,70,70,70,70,70,70,70,70,70,70,70,70,70,70,70,70,70,70,70,70,70,70,70,70,70,70,70,70,70,70,70],"relics":["Runic Pyramid","Girya","Tiny Chest","Darkstone Periapt","Ice Cream","Letter Opener","Orrery","Smiling Mask","Calipers","Toolbox","Bronze Scales","Juzu Bracelet","Ancient Tea Set","Eternal Feather","Anchor","Whetstone","Red Mask","Bottled Lightning"],"card_choices":[{"not_picked":["Backflip","Deflect"],"picked":"Accuracy","floor":1},{"not_picked":["Deflect","Acrobatics"],"picked":"Footwork","floor":2},{"not_picked":["Flying Knee","Flechettes"],"picked":"Terror","floor":5},{"not_picked":["Tools of the Trade","Bane"],"picked":"Accuracy","floor":6},{"not_picked":["Bane","Outmaneuver"],"picked":"Deflect","floor":8},{"not_picked":["Slice","Bane"],"picked":"Flechettes","floor":11},{"not_picked":["Glass Knife","Unload"],"picked":"Tools of the Trade","floor":16},{"not_picked":["Poisoned Stab","Prepared"],"picked":"Flying Knee","floor":17},{"not_picked":["Skewer","Distraction"],"picked":"Deflect","floor":17},{"not_picked":["Poisoned Stab","Endless Agony"],"picked":"Backflip","floor":17},{"not_picked":["PiercingWail","Expertise"],"picked":"Dagger Throw","floor":17},{"not_picked":["Finisher","Acrobatics"],"picked":"Blur","floor":17},{"not_picked":["Backstab","All Out Attack"],"picked":"Flechettes+1","floor":18},{"not_picked":["Sucker Punch","Crippling Poison"],"picked":"Outmaneuver","floor":21},{"not_picked":["Poisoned Stab+1","Bane"],"picked":"Dagger Spray","floor":23},{"not_picked":["Bane","All Out Attack+1"],"picked":"Adrenaline","floor":25},{"not_picked":["Corpse Explosion","Tools of the Trade"],"picked":"Doppelganger","floor":33},{"not_picked":["Terror","Blur+1"],"picked":"Backflip+1","floor":35},{"not_picked":["Skewer+1","Eviscerate"],"picked":"Prepared+1","floor":36},{"not_picked":["PiercingWail","Dagger Spray"],"picked":"Terror+1","floor":38},{"not_picked":["Bandage Up","Sadistic Nature"],"picked":"Blind","floor":41},{"not_picked":["Sadistic Nature","Transmutation"],"picked":"Trip","floor":41},{"not_picked":["Deep Breath","Dark Shackles"],"picked":"Panache","floor":41},{"not_picked":["Reflex","Bouncing Flask"],"picked":"Finisher+1","floor":44},{"not_picked":["Bane+1","Dagger Spray+1"],"picked":"Deflect+1","floor":47},{"not_picked":["Finisher+1","Deflect"],"picked":"Predator+1","floor":48}],"player_experience":101136,"potions_floor_usage":[8,21,23,25,48,50],"damage_taken":[{"damage":0,"enemies":"Small Slimes","floor":1,"turns":5},{"damage":3,"enemies":"Cultist","floor":2,"turns":6},{"damage":3,"enemies":"Jaw Worm","floor":5,"turns":4},{"damage":15,"enemies":"Gremlin Nob","floor":6,"turns":5},{"damage":13,"enemies":"Lagavulin","floor":8,"turns":6},{"damage":10,"enemies":"3 Sentries","floor":11,"turns":8},{"damage":17,"enemies":"The Guardian","floor":16,"turns":7},{"damage":5,"enemies":"Spheric Guardian","floor":18,"turns":4},{"damage":22,"enemies":"2 Thieves","floor":21,"turns":4},{"damage":45,"enemies":"Gremlin Leader","floor":23,"turns":6},{"damage":32,"enemies":"Book of Stabbing","floor":25,"turns":5},{"damage":9,"enemies":"Automaton","floor":33,"turns":10},{"damage":2,"enemies":"Flame Bruiser 1 Orb","floor":35,"turns":3},{"damage":28,"enemies":"3 Darklings","floor":36,"turns":5},{"damage":1,"enemies":"Maw","floor":38,"turns":8},{"damage":14,"enemies":"Nemesis","floor":44,"turns":5},{"damage":10,"enemies":"Giant Head","floor":47,"turns":7},{"damage":0,"enemies":"Sphere and 2 Shapes","floor":48,"turns":3},{"damage":69,"enemies":"Donu and Deca","floor":50,"turns":6}],"relics_obtained":[{"floor":6,"key":"Girya"},{"floor":8,"key":"Tiny Chest"},{"floor":9,"key":"Darkstone Periapt"},{"floor":11,"key":"Ice Cream"},{"floor":14,"key":"Letter Opener"},{"floor":19,"key":"Smiling Mask"},{"floor":23,"key":"Calipers"},{"floor":25,"key":"Toolbox"},{"floor":26,"key":"Bronze Scales"},{"floor":27,"key":"Juzu Bracelet"},{"floor":43,"key":"Anchor"},{"floor":44,"key":"Whetstone"},{"floor":47,"key":"Bottled Lightning"}],"event_choices":[{"event_name":"Upgrade Shrine","player_choice":"Upgraded","floor":4,"damage_taken":0},{"event_name":"Bonfire Elementals","player_choice":"BASIC","floor":7,"damage_taken":0},{"event_name":"Beggar","player_choice":"Gave Gold","floor":20,"damage_taken":0},{"event_name":"The Mausoleum","player_choice":"Yes","floor":28,"damage_taken":0},{"event_name":"Ghosts","player_choice":"Ignored","floor":30,"damage_taken":0},{"event_name":"Purifier","player_choice":"One Purge","floor":31,"damage_taken":0},{"event_name":"Mysterious Sphere","player_choice":"Ignore","floor":39,"damage_taken":0},{"event_name":"SensoryStone","player_choice":"Memory 3","floor":41,"damage_taken":0},{"event_name":"Tomb of Lord Red Mask","player_choice":"Paid","floor":45,"damage_taken":0}],"boss_relics":[{"not_picked":["Astrolabe","White Beast Statue"],"picked":"Orrery"},{"not_picked":["Black Star","Snecko Eye"],"picked":"Eternal Feather"}],"items_purged_floors":[],"potions_floor_spawned":[6,11,18,23,35,47,48],"seed_played":"-7348207255325835919","killed_by":"Donu and Deca","ascension_level":2,"potions_obtained":[{"floor":6,"key":"Regen Potion"},{"floor":11,"key":"Regen Potion"},{"floor":18,"key":"Fire Potion"},{"floor":23,"key":"Swift Potion"},{"floor":35,"key":"GhostInAJar"},{"floor":47,"key":"GamblersBrew"},{"floor":48,"key":"EssenceOfSteel"}],"is_trial":false}