{"gold_per_floor":[117,117,132,132,150,183,212,239,239,256,269,269,31,42,42,146,146,164,89,89,109,122,149,64,96,148,174,174,199,212,242,242,347,347,361,48,48,59,73,73,103,103,103,129,129,156,1,0,0,0],"floor_reached":51,"playtime":3875,"items_purged":["Strike_R"],"score":992,"play_id":"4f9d96a8-77a3-4cf2-9c79-62d357017818","local_time":"20190926175817","is_ascension_mode":true,"campfire_choices":[{"data":"1","floor":12.0,"key":"LIFT"},{"data":"2","floor":15.0,"key":"LIFT"},{"data":"3","floor":28.0,"key":"LIFT"},{"data":"Inflame","floor":32.0,"key":"SMITH"},{"data":"Demon Form","floor":40,"key":"SMITH"},{"data":"Dual Wield","floor":42,"key":"SMITH"},{"data":"Whirlwind","floor":45,"key":"SMITH"},{"data":"PanicButton","floor":49,"key":"SMITH"}],"neow_cost":"NONE","seed_source_timestamp":1046052140361600,"circlet_count":0,"master_deck":["Defend_R+1","Defend_R+1","Defend_R+1","Defend_R+1","Bash+1","Sword Boomerang+1","Whirlwind+1","Immolate","Wild Strike","Anger","Feed","Flex+1","Headbutt","Inflame+1","PanicButton+1","Pommel Strike","Burning Pact+1","Warcry+1","Berserk","Power Through","Second Wind+1","Demon Form+1","Infernal Blade+1","Immolate+1","Bloodletting+1","Dropkick","Inflame+1","Shockwave","Dual Wield+1","Pummel+1"],"special_seed":0,"relics":["Black Blood","FossilizedHelix","Odd Mushroom","Ornamental Fan","Girya","WingedGreaves","Dodecahedron","Meat on the Bone","Whetstone","Juzu Bracelet","Bag of Preparation","Matryoshka","Astrolabe","Turnip","Smiling Mask","War Paint","Kunai","Gremlin Horn","Happy Flower","ClockworkSouvenir","Red Mask"],"potions_floor_usage":[33,33,50,50],"damage_taken":[{"damage":5.0,"enemies":"2 Louse","floor":1.0,"turns":4.0},{"damage":1.0,"enemies":"Cultist","floor":3.0,"turns":3.0},{"damage":2.0,"enemies":"Jaw Worm","floor":5.0,"turns":3.0},{"damage":33.0,"enemies":"Lagavulin","floor":6.0,"turns":7.0},{"damage":9.0,"enemies":"The Mushroom Lair","floor":7.0,"turns":3.0},{"damage":3.0,"enemies":"Gremlin Nob","floor":8.0,"turns":4.0},{"damage":0.0,"enemies":"2 Fungi Beasts","floor":10.0,"turns":2.0},{"damage":0.0,"enemies":"3 Louse","floor":11.0,"turns":1.0},{"damage":0.0,"enemies":"Looter","floor":14.0,"turns":3.0},{"damage":0.0,"enemies":"Slime Boss","floor":16.0,"turns":5.0},{"damage":15.0,"enemies":"Shell Parasite","floor":18.0,"turns":3.0},{"damage":0.0,"enemies":"Chosen","floor":21.0,"turns":4.0},{"damage":44.0,"enemies":"Shelled Parasite and Fungi","floor":22.0,"turns":6.0},{"damage":7.0,"enemies":"Slavers","floor":23.0,"turns":5.0},{"damage":57.0,"enemies":"Book of Stabbing","floor":25.0,"turns":6.0},{"damage":41.0,"enemies":"Slavers","floor":27.0,"turns":4.0},{"damage":30.0,"enemies":"Book of Stabbing","floor":29.0,"turns":4.0},{"damage":0.0,"enemies":"Cultist and Chosen","floor":30.0,"turns":3.0},{"damage":12.0,"enemies":"Gremlin Leader","floor":31.0,"turns":5.0},{"damage":55,"enemies":"Automaton","floor":33,"turns":7},{"damage":0,"enemies":"3 Shapes","floor":35,"turns":2},{"damage":1,"enemies":"3 Darklings","floor":38,"turns":2},{"damage":0,"enemies":"4 Shapes","floor":39,"turns":2},{"damage":37,"enemies":"Nemesis","floor":41,"turns":5},{"damage":4,"enemies":"Giant Head","floor":44,"turns":6},{"damage":49,"enemies":"Nemesis","floor":46,"turns":5},{"damage":50,"enemies":"Awakened One","floor":50,"turns":7}],"seed_played":"-2712252197491660329","potions_obtained":[{"floor":3.0,"key":"Strength Potion"},{"floor":10.0,"key":"BloodPotion"},{"floor":11.0,"key":"SpeedPotion"},{"floor":14.0,"key":"DuplicationPotion"},{"floor":22.0,"key":"BloodPotion"},{"floor":29.0,"key":"Strength Potion"},{"floor":31.0,"key":"GamblersBrew"},{"floor":38,"key":"Fire Potion"},{"floor":44,"key":"SteroidPotion"}],"is_trial":false,"path_per_floor":["M","?","M","?","M","E","?","E","T","M","M","R","$","M","R","B",null,"M","?","?","M","M","E","?","E","T","E","R","E","M","E","R","B",null,"M","$","?","M","M","R","E","R","T","E","R","E","$","?","R","B",null],"character_chosen":"IRONCLAD","items_purchased":["Inflame","PanicButton","Turnip","ClockworkSouvenir"],"campfire_rested":0,"item_purchase_floors":[13,13,36,47],"current_hp_per_floor":[88,88,88,88,88,61,58,61,61,67,73,73,73,82,82,88,91,88,88,88,94,84,89,89,44,44,49,49,43,67,67,67,36,100,100,100,100,100,103,103,81,81,81,89,89,64,64,64,64,38],"gold":0,"neow_bonus":"TEN_PERCENT_HP_BONUS","is_prod":false,"is_daily":false,"chose_seed":false,"campfire_upgraded":5,"win_rate":0,"timestamp":1569513497,"path_taken":["M","?","?","?","?","E","?","E","T","M","M","R","?","M","R","BOSS","M","?","?","M","M","E","?","E","T","E","R","E","M","E","R","BOSS","M","$","?","M","M","R","E","R","T","E","R","E","?","?","R","BOSS"],"build_version":"2019-09-25","purchased_purges":1,"victory":true,"max_hp_per_floor":[88,88,88,88,88,88,88,88,88,88,88,88,88,91,91,91,91,91,91,91,94,97,97,97,97,97,100,100,100,100,100,100,100,100,100,100,100,100,103,103,106,106,106,106,106,106,106,106,106,106],"card_choices":[{"not_picked":["True Grit","Heavy Blade"],"picked":"Sword Boomerang","floor":1.0},{"not_picked":["Anger","Corruption"],"picked":"Whirlwind","floor":3.0},{"not_picked":["Perfected Strike","Shockwave"],"picked":"True Grit","floor":5.0},{"not_picked":["Clothesline","Sword Boomerang"],"picked":"Wild Strike","floor":6.0},{"not_picked":["Combust","Clash"],"picked":"Anger","floor":7.0},{"not_picked":["Headbutt","Cleave"],"picked":"Feed","floor":8.0},{"not_picked":["Thunderclap","Twin Strike"],"picked":"Flex","floor":10.0},{"not_picked":["Perfected Strike","Sword Boomerang"],"picked":"Headbutt","floor":11.0},{"not_picked":["Clothesline","Feed"],"picked":"Pommel Strike","floor":14.0},{"not_picked":["Dark Embrace","Juggernaut"],"picked":"Bludgeon","floor":16.0},{"not_picked":["Wild Strike","True Grit","Cleave+1"],"picked":"SKIP","floor":18.0},{"not_picked":["Anger","Iron Wave"],"picked":"Burning Pact+1","floor":21.0},{"not_picked":["Clothesline","Whirlwind+1"],"picked":"Warcry+1","floor":22.0},{"not_picked":["Clothesline+1","Corruption"],"picked":"Berserk","floor":23.0},{"not_picked":["True Grit","Anger","Iron Wave"],"picked":"SKIP","floor":25.0},{"not_picked":["Ghostly Armor","Cleave+1","Thunderclap+1"],"picked":"SKIP","floor":27.0},{"not_picked":["Pommel Strike+1","Immolate","True Grit"],"picked":"SKIP","floor":29.0},{"not_picked":["Reckless Charge","Headbutt"],"picked":"Power Through","floor":30.0},{"not_picked":["Whirlwind+1","Pommel Strike"],"picked":"Second Wind","floor":31.0},{"not_picked":["Dark Embrace","Immolate"],"picked":"Demon Form","floor":33},{"not_picked":["Clash","Thunderclap"],"picked":"Bloodletting+1","floor":35},{"not_picked":["Body Slam","Clash+1"],"picked":"Inflame+1","floor":38},{"not_picked":["Wild Strike","Heavy Blade"],"picked":"Shockwave","floor":39},{"not_picked":["Sword Boomerang+1","Intimidate"],"picked":"Dual Wield","floor":41},{"not_picked":["True Grit+1","Power Through","Seeing Red"],"picked":"SKIP","floor":44},{"not_picked":["Wild Strike+1","Havoc+1"],"picked":"Pummel+1","floor":46}],"player_experience":282828,"relics_obtained":[{"floor":6.0,"key":"FossilizedHelix"},{"floor":7.0,"key":"Odd Mushroom"},{"floor":8.0,"key":"Ornamental Fan"},{"floor":9.0,"key":"Girya"},{"floor":23.0,"key":"WingedGreaves"},{"floor":25.0,"key":"Meat on the Bone"},{"floor":26.0,"key":"Whetstone"},{"floor":27.0,"key":"Juzu Bracelet"},{"floor":29.0,"key":"Bag of Preparation"},{"floor":31.0,"key":"Matryoshka"},{"floor":41,"key":"Smiling Mask"},{"floor":43,"key":"War Paint"},{"floor":43,"key":"Kunai"},{"floor":44,"key":"Gremlin Horn"},{"floor":46,"key":"Happy Flower"}],"event_choices":[{"cards_removed":["Strike_R"],"damage_healed":0.0,"max_hp_gain":0.0,"max_hp_loss":0.0,"gold_gain":0.0,"event_name":"Purifier","player_choice":"Purged","floor":2.0,"gold_loss":0.0,"damage_taken":0.0},{"damage_healed":0.0,"max_hp_gain":0.0,"max_hp_loss":0.0,"gold_gain":0.0,"cards_transformed":["Strike_R"],"event_name":"Transmorgrifier","player_choice":"Transformed","floor":4.0,"gold_loss":0.0,"damage_taken":0.0,"cards_obtained":["Immolate"]},{"damage_healed":0.0,"max_hp_gain":0.0,"max_hp_loss":0.0,"gold_gain":0.0,"event_name":"Mushrooms","player_choice":"Fought Mushrooms","floor":7.0,"gold_loss":0.0,"damage_taken":0.0},{"cards_removed":["Strike_R"],"damage_healed":0.0,"max_hp_gain":0.0,"max_hp_loss":0.0,"gold_gain":0.0,"event_name":"Beggar","player_choice":"Gave Gold","floor":19.0,"gold_loss":75.0,"damage_taken":0.0},{"damage_healed":0.0,"max_hp_gain":0.0,"max_hp_loss":0.0,"gold_gain":0.0,"event_name":"Back to Basics","player_choice":"Simplicity","floor":20.0,"gold_loss":0.0,"damage_taken":0.0,"cards_upgraded":["Strike_R","Defend_R","Defend_R","Defend_R","Defend_R"]},{"damage_healed":0.0,"max_hp_gain":0.0,"max_hp_loss":0.0,"gold_gain":0.0,"event_name":"Addict","player_choice":"Obtained Relic","floor":24.0,"gold_loss":85.0,"damage_taken":0.0,"relics_obtained":["Dodecahedron"]},{"damage_healed":0,"gold_gain":0,"cards_transformed":["Barricade"],"player_choice":"Transformed","damage_taken":0,"max_hp_gain":0,"max_hp_loss":0,"event_name":"Transmorgrifier","floor":37,"gold_loss":0,"cards_obtained":["Dropkick"]},{"damage_healed":0,"gold_gain":0,"player_choice":"Paid","damage_taken":0,"relics_obtained":["Red Mask"],"max_hp_gain":0,"max_hp_loss":0,"event_name":"Tomb of Lord Red Mask","floor":48,"gold_loss":1}],"is_beta":true,"boss_relics":[{"not_picked":["Pandora\u0027s Box","Velvet Choker"],"picked":"Black Blood"},{"not_picked":["Runic Dome","Runic Pyramid"],"picked":"Astrolabe"}],"items_purged_floors":[13],"is_endless":false,"potions_floor_spawned":[3,10,11,14,18,22,29,31,38,44],"ascension_level":3}