{"gold_per_floor":[116,116,116,136,149,149,182,182,182,197,208,233,233,50,50,124,124,137,137,154,154,168,168,200,200,224,257,270,270,286,305,305,383,383,395,395,50,64,74,106,106,137,208,208,236,236,270,286,286,286],"floor_reached":50,"playtime":2345,"items_purged":["Tempest+1"],"score":1317,"play_id":"289c7c14-1df2-4ce8-a993-27c9cc06dbbb","local_time":"20190923151001","is_ascension_mode":true,"campfire_choices":[{"data":"Buffer","floor":6.0,"key":"SMITH"},{"floor":8.0,"key":"REST"},{"data":"Sunder","floor":13.0,"key":"SMITH"},{"data":"Static Discharge","floor":15,"key":"SMITH"},{"data":"Defragment","floor":23,"key":"SMITH"},{"data":"Zap","floor":25,"key":"SMITH"},{"floor":32,"key":"REST"},{"data":"Ghostly","floor":41,"key":"SMITH"},{"data":"Ghostly","floor":46,"key":"SMITH"},{"data":"Ghostly","floor":49,"key":"SMITH"}],"neow_cost":"NONE","seed_source_timestamp":272152887920500,"circlet_count":0,"master_deck":["AscendersBane","Defend_B+1","Defend_B+1","Zap+1","Dualcast+1","Buffer+1","Gash","Ball Lightning","Coolheaded","Sunder+1","All For One","Glacier","Reinforced Body","Defragment+1","BootSequence","Electrodynamics","Undo","Ghostly+1","Ghostly","Ghostly","Ghostly+1","Ghostly+1","Melter+1","Stack+1","Doom and Gloom+1","Reboot+1","Self Repair","Coolheaded","White Noise+1","Fission+1"],"special_seed":0,"relics":["Cracked Core","The Courier","Centennial Puzzle","Molten Egg 2","Empty Cage","Blood Vial","Orichalcum","Bag of Preparation","Astrolabe","Oddly Smooth Stone","PreservedInsect","Bird Faced Urn","Art of War","Letter Opener","Toxic Egg 2","Meat on the Bone"],"potions_floor_usage":[16,49,50],"damage_taken":[{"damage":1.0,"enemies":"Cultist","floor":1.0,"turns":4.0},{"damage":0.0,"enemies":"2 Louse","floor":4.0,"turns":3.0},{"damage":4.0,"enemies":"Jaw Worm","floor":5.0,"turns":2.0},{"damage":16.0,"enemies":"Gremlin Nob","floor":7.0,"turns":5.0},{"damage":0.0,"enemies":"3 Louse","floor":10.0,"turns":3.0},{"damage":2.0,"enemies":"Large Slime","floor":11.0,"turns":5.0},{"damage":0.0,"enemies":"Lagavulin","floor":12.0,"turns":9.0},{"damage":37,"enemies":"Hexaghost","floor":16,"turns":10},{"damage":13,"enemies":"3 Byrds","floor":18,"turns":3},{"damage":3,"enemies":"Shell Parasite","floor":20,"turns":5},{"damage":1,"enemies":"Snake Plant","floor":22,"turns":6},{"damage":7,"enemies":"Book of Stabbing","floor":24,"turns":4},{"damage":0,"enemies":"Gremlin Leader","floor":27,"turns":7},{"damage":0,"enemies":"Centurion and Healer","floor":28,"turns":7},{"damage":15,"enemies":"Shelled Parasite and Fungi","floor":30,"turns":5},{"damage":0,"enemies":"Snake Plant","floor":31,"turns":4},{"damage":16,"enemies":"Collector","floor":33,"turns":16},{"damage":0,"enemies":"3 Darklings","floor":35,"turns":7},{"damage":0,"enemies":"3 Shapes","floor":38,"turns":6},{"damage":0,"enemies":"3 Darklings","floor":39,"turns":6},{"damage":0,"enemies":"Nemesis","floor":40,"turns":9},{"damage":0,"enemies":"Reptomancer","floor":42,"turns":7},{"damage":0,"enemies":"Nemesis","floor":45,"turns":11},{"damage":0,"enemies":"Reptomancer","floor":47,"turns":6},{"damage":0,"enemies":"Sphere and 2 Shapes","floor":48,"turns":4},{"damage":48,"enemies":"Awakened One","floor":50,"turns":20}],"seed_played":"6374753362852377008","potions_obtained":[{"floor":1.0,"key":"Ancient Potion"},{"floor":4.0,"key":"Ancient Potion"},{"floor":11.0,"key":"SkillPotion"},{"floor":16,"key":"SkillPotion"},{"floor":35,"key":"Fruit Juice"}],"is_trial":false,"path_per_floor":["M","?","?","M","M","R","E","R","T","M","M","E","R","$","R","B",null,"M","?","M","?","M","R","E","R","T","E","M","?","M","M","R","B",null,"M","?","$","M","M","E","R","E","T","?","E","R","E","M","R","B"],"character_chosen":"DEFECT","items_purchased":["Defragment","Static Discharge","BootSequence","Oddly Smooth Stone","PreservedInsect","Coolheaded"],"campfire_rested":2,"item_purchase_floors":[14,14,14,37,37,37],"current_hp_per_floor":[63,56,42,42,38,38,22,43,43,43,41,41,41,41,41,4,54,41,35,32,32,31,31,24,24,24,26,28,24,11,13,25,11,33,35,35,35,40,40,40,40,40,40,40,40,40,40,40,45,0],"gold":286,"neow_bonus":"ONE_RANDOM_RARE_CARD","is_prod":false,"is_daily":false,"chose_seed":false,"campfire_upgraded":8,"win_rate":0,"timestamp":1569247801,"path_taken":["M","?","?","M","M","R","E","R","T","M","M","E","R","$","R","BOSS","M","?","M","?","M","R","E","R","T","E","M","?","M","M","R","BOSS","M","?","$","?","M","E","R","E","T","?","E","R","E","M","R","BOSS"],"build_version":"2019-07-17","purchased_purges":1,"victory":false,"max_hp_per_floor":[71,71,71,71,71,71,71,71,71,71,71,71,71,71,71,71,71,71,35,35,35,35,35,35,35,35,35,35,40,40,40,40,40,40,40,40,40,40,40,40,40,40,40,40,40,40,40,40,45,45],"card_choices":[{"not_picked":["Self Repair","Doom and Gloom"],"picked":"Gash","floor":1.0},{"not_picked":["Sweeping Beam","Capacitor"],"picked":"Ball Lightning","floor":4.0},{"not_picked":["Go for the Eyes","Beam Cell"],"picked":"Coolheaded","floor":5.0},{"not_picked":["Rip and Tear","Force Field"],"picked":"Sunder","floor":7.0},{"not_picked":["Capacitor","Consume"],"picked":"All For One","floor":10.0},{"not_picked":["Capacitor","Steam Power"],"picked":"Glacier","floor":11.0},{"not_picked":["Redo","Loop"],"picked":"Reinforced Body","floor":12.0},{"not_picked":["Fission","Amplify"],"picked":"Electrodynamics","floor":16},{"not_picked":["Barrage+1","Stack"],"picked":"Undo","floor":18},{"not_picked":["Fusion","Beam Cell+1"],"picked":"Melter+1","floor":20},{"not_picked":["Go for the Eyes+1","Turbo","Streamline+1"],"picked":"SKIP","floor":22},{"not_picked":["Conserve Battery","Rip and Tear+1","Melter+1"],"picked":"SKIP","floor":24},{"not_picked":["Creative AI","Undo","Leap"],"picked":"SKIP","floor":27},{"not_picked":["Redo+1","Consume"],"picked":"Stack+1","floor":28},{"not_picked":["Stack+1","Redo","Reprogram"],"picked":"SKIP","floor":30},{"not_picked":["Storm","Skim","Hologram"],"picked":"SKIP","floor":31},{"not_picked":["Blizzard+1","Barrage+1"],"picked":"Self Repair","floor":35},{"not_picked":["Cold Snap+1","Go for the Eyes+1","Steam"],"picked":"SKIP","floor":38},{"not_picked":["Sweeping Beam+1","Hologram","Streamline+1"],"picked":"SKIP","floor":39},{"not_picked":["Thunder Strike+1","Steam","Stack"],"picked":"SKIP","floor":40},{"not_picked":["Steam","Barrage+1","Leap"],"picked":"SKIP","floor":42},{"not_picked":["Doom and Gloom+1","Machine Learning"],"picked":"White Noise","floor":45},{"not_picked":["Reinforced Body+1","Streamline+1"],"picked":"Fission+1","floor":47},{"not_picked":["Sweeping Beam+1","Self Repair","Ball Lightning+1"],"picked":"SKIP","floor":48}],"player_experience":244419,"relics_obtained":[{"floor":7.0,"key":"The Courier"},{"floor":9.0,"key":"Centennial Puzzle"},{"floor":12.0,"key":"Molten Egg 2"},{"floor":24,"key":"Blood Vial"},{"floor":26,"key":"Orichalcum"},{"floor":27,"key":"Bag of Preparation"},{"floor":40,"key":"Bird Faced Urn"},{"floor":42,"key":"Art of War"},{"floor":43,"key":"Letter Opener"},{"floor":45,"key":"Toxic Egg 2"},{"floor":47,"key":"Meat on the Bone"}],"event_choices":[{"cards_removed":["Strike_B"],"damage_healed":0.0,"max_hp_gain":0.0,"max_hp_loss":0.0,"gold_gain":0.0,"event_name":"Golden Wing","player_choice":"Card Removal","floor":2.0,"gold_loss":0.0,"damage_taken":7.0},{"damage_healed":0.0,"max_hp_gain":0.0,"max_hp_loss":0.0,"gold_gain":0.0,"event_name":"Shining Light","player_choice":"Entered Light","floor":3.0,"gold_loss":0.0,"damage_taken":14.0,"cards_upgraded":["Dualcast","Defend_B"]},{"damage_healed":0,"gold_gain":0,"player_choice":"Became a Ghost","damage_taken":0,"max_hp_gain":0,"max_hp_loss":36,"event_name":"Ghosts","floor":19,"gold_loss":0,"cards_obtained":["Ghostly","Ghostly","Ghostly","Ghostly","Ghostly"]},{"damage_healed":0,"gold_gain":0,"player_choice":"Simplicity","damage_taken":0,"max_hp_gain":0,"max_hp_loss":0,"event_name":"Back to Basics","floor":21,"gold_loss":0,"cards_upgraded":["Strike_B","Defend_B","Defend_B","Defend_B"]},{"damage_healed":0,"gold_gain":0,"player_choice":"Shed Blood","damage_taken":9,"max_hp_gain":5,"max_hp_loss":0,"event_name":"Forgotten Altar","floor":29,"gold_loss":0},{"damage_healed":0,"gold_gain":0,"player_choice":"Got Potions","damage_taken":0,"max_hp_gain":0,"max_hp_loss":0,"event_name":"Lab","floor":36,"gold_loss":0},{"cards_removed":["Static Discharge"],"damage_healed":0,"gold_gain":0,"player_choice":"Removed Power","damage_taken":0,"max_hp_gain":0,"max_hp_loss":0,"event_name":"Falling","floor":44,"gold_loss":0}],"is_beta":false,"boss_relics":[{"not_picked":["White Beast Statue","Busted Crown"],"picked":"Empty Cage"},{"not_picked":["Runic Pyramid","Black Star"],"picked":"Astrolabe"}],"items_purged_floors":[37],"is_endless":false,"potions_floor_spawned":[1,4,11,16,20,24,27,30,35,39,47],"killed_by":"Awakened One","ascension_level":14}