{"path_per_floor":["M","M","M","M","$","E","?","R","T","M","?","?","M","M","R"],"character_chosen":"DEFECT","items_purchased":["Undo"],"gold_per_floor":[112,128,144,159,7,41,116,116,116,128,428,428,444,462,462,462],"floor_reached":16,"campfire_rested":0,"playtime":788,"current_hp_per_floor":[75,62,62,62,62,56,45,45,45,45,27,32,30,30,30,3],"items_purged":["Doubt"],"gold":462,"score":104,"play_id":"d6f8ac10-fe36-4799-ba81-b436a54065c4","local_time":"20180506073503","is_prod":false,"is_daily":false,"chose_seed":false,"is_ascension_mode":false,"campfire_upgraded":2,"timestamp":1525559703,"path_taken":["M","M","M","M","?","E","?","R","T","M","?","?","?","M","R","BOSS"],"build_version":"2018-05-03","seed_source_timestamp":2015830407318046,"purchased_purges":1,"victory":false,"master_deck":["Strike_B","Strike_B","Strike_B","Strike_B","Defend_B","Defend_B","Defend_B","Defend_B","Zap","Dualcast","Hyperbeam+1","FTL","Hologram+1","Sweeping Beam","Steam Power","Undo","Undo","Stack","Turbo"],"max_hp_per_floor":[75,75,75,75,75,75,75,75,75,75,75,80,80,80,80,80],"relics":["Cracked Core","Regal Pillow","Shuriken","Old Coin"],"card_choices":[{"not_picked":["Redo","Fission"],"picked":"Hyperbeam","floor":0},{"not_picked":["Rebound","Go for the Eyes"],"picked":"FTL","floor":1},{"not_picked":["Streamline","Recycle"],"picked":"Hologram","floor":2},{"not_picked":["Multi-Cast","Stack"],"picked":"Sweeping Beam","floor":3},{"not_picked":["Sweeping Beam","Axe Kick"],"picked":"Steam Power","floor":4},{"not_picked":["Hologram","Auto Shields"],"picked":"Undo","floor":6},{"not_picked":["Force Field","Auto Shields"],"picked":"Stack","floor":10},{"not_picked":["Rip and Tear","Ball Lightning"],"picked":"Turbo","floor":13}],"player_experience":32945,"potions_floor_usage":[16],"damage_taken":[{"damage":0,"enemies":"Cultist","floor":1,"turns":3},{"damage":13,"enemies":"Jaw Worm","floor":2,"turns":4},{"damage":0,"enemies":"2 Louse","floor":3,"turns":2},{"damage":0,"enemies":"Large Slime","floor":4,"turns":4},{"damage":6,"enemies":"3 Sentries","floor":6,"turns":4},{"damage":0,"enemies":"3 Louse","floor":10,"turns":2},{"damage":9,"enemies":"Blue Slaver","floor":13,"turns":3},{"damage":0,"enemies":"Exordium Wildlife","floor":14,"turns":3},{"damage":33,"enemies":"Slime Boss","floor":16,"turns":9}],"event_choices":[{"event_name":"World of Goop","player_choice":"Gather Gold","floor":7,"damage_taken":0},{"event_name":"Scrap Ooze","player_choice":"success","floor":11,"damage_taken":18},{"event_name":"Big Fish","player_choice":"Donut","floor":12,"damage_taken":0}],"boss_relics":[],"potions_floor_spawned":[2,3,10],"seed_played":"925443275599644410","killed_by":"Slime Boss","ascension_level":0,"is_trial":false}