{"gold_per_floor":[110,110,123,38,54,84,84,84,84,84,98,98,126,126],"floor_reached":14,"playtime":836,"items_purged":[],"score":98,"play_id":"21c06337-f64b-4664-ac31-85430b1cffe0","local_time":"20190813175732","is_ascension_mode":false,"campfire_choices":[{"data":"Hello World","floor":7,"key":"SMITH"},{"data":"Tempest","floor":10,"key":"SMITH"},{"data":"Stack","floor":12,"key":"SMITH"}],"neow_cost":"NONE","seed_source_timestamp":351377170457600,"circlet_count":0,"master_deck":["Strike_B+1","Strike_B","Strike_B+1","Strike_B","Defend_B","Defend_B","Defend_B","Defend_B","Zap","Dualcast","Go for the Eyes","Hello World+1","Capacitor","Stack+1","Sweeping Beam","Tempest+1","Electrodynamics"],"relics":["Cracked Core","Pantograph","Boot","Whetstone","Mummified Hand"],"potions_floor_usage":[6,14],"damage_taken":[{"damage":0,"enemies":"Cultist","floor":1,"turns":4},{"damage":1,"enemies":"Small Slimes","floor":3,"turns":3},{"damage":9,"enemies":"Jaw Worm","floor":5,"turns":5},{"damage":38,"enemies":"Gremlin Nob","floor":6,"turns":5},{"damage":12,"enemies":"Looter","floor":11,"turns":3},{"damage":11,"enemies":"3 Sentries","floor":13,"turns":3},{"damage":8,"enemies":"Lots of Slimes","floor":14,"turns":1}],"seed_played":"-9070243179672411160","potions_obtained":[{"floor":1,"key":"AttackPotion"},{"floor":5,"key":"Strength Potion"},{"floor":11,"key":"Swift Potion"},{"floor":13,"key":"FocusPotion"}],"is_trial":false,"path_per_floor":["M","?","M","$","M","E","R","?","T","R","M","R","E","M"],"character_chosen":"DEFECT","items_purchased":["Capacitor","Stack"],"campfire_rested":0,"item_purchase_floors":[4,4],"current_hp_per_floor":[82,82,81,81,72,34,34,27,27,27,15,15,4,0],"gold":126,"neow_bonus":"TEN_PERCENT_HP_BONUS","is_prod":false,"is_daily":false,"chose_seed":false,"campfire_upgraded":3,"win_rate":0.0,"timestamp":1565711852,"path_taken":["M","?","M","$","M","E","R","?","T","R","M","R","E","M"],"build_version":"2019-07-17","purchased_purges":0,"victory":false,"max_hp_per_floor":[82,82,82,82,82,82,82,82,82,82,82,82,82,82],"card_choices":[{"not_picked":["BootSequence","Ball Lightning"],"picked":"Go for the Eyes","floor":1},{"not_picked":["Aggregate","FTL"],"picked":"Hello World","floor":3},{"not_picked":["Compile Driver","Gash"],"picked":"Sweeping Beam","floor":5},{"not_picked":["Go for the Eyes","Hello World"],"picked":"Tempest","floor":6},{"not_picked":["Beam Cell","Steam"],"picked":"Electrodynamics","floor":11},{"not_picked":["Beam Cell","Gash","Melter"],"picked":"SKIP","floor":13}],"player_experience":49019,"relics_obtained":[{"floor":6,"key":"Pantograph"},{"floor":9,"key":"Whetstone"},{"floor":13,"key":"Mummified Hand"}],"event_choices":[{"damage_healed":0,"gold_gain":0,"player_choice":"Leave","damage_taken":0,"max_hp_gain":0,"max_hp_loss":0,"event_name":"The Cleric","floor":2,"gold_loss":0},{"damage_healed":0,"gold_gain":0,"player_choice":"Success","damage_taken":7,"relics_obtained":["Boot"],"max_hp_gain":0,"max_hp_loss":0,"event_name":"Scrap Ooze","floor":8,"gold_loss":0}],"is_beta":false,"boss_relics":[],"items_purged_floors":[],"is_endless":false,"potions_floor_spawned":[1,5,11,13],"killed_by":"Lots of Slimes","ascension_level":0}