{"gold_per_floor":[119,131,141,141,151,182,357,357,357,357,371,371,406,356,356,451,501,516,516,431,444,458,458,476,90,158,190,206,19,19,29,29,130,130,143,0,0,0,0,26,26,26,26,26,36,49,49,62,62,62],"floor_reached":50,"playtime":4639,"items_purged":["Doubt"],"score":733,"play_id":"5a35de0f-67a8-4e4f-b73c-1d4e5a81483e","local_time":"20180830214205","is_ascension_mode":true,"campfire_choices":[{"data":"Cold Snap","floor":8,"key":"SMITH"},{"data":"Ball Lightning","floor":10,"key":"SMITH"},{"data":"Glacier","floor":12,"key":"SMITH"},{"data":"Cold Snap","floor":15,"key":"SMITH"},{"data":"Creative AI","floor":23,"key":"SMITH"},{"floor":32,"key":"REST"},{"floor":44,"key":"REST"},{"floor":47,"key":"REST"},{"floor":49,"key":"REST"}],"neow_cost":"NONE","seed_source_timestamp":1359948205643177,"circlet_count":0,"master_deck":["Strike_B","Strike_B","Defend_B","Defend_B","Defend_B","Defend_B","Zap","Dualcast","Ball Lightning+1","Stack","Cold Snap+1","Leap+1","Ball Lightning+1","Glacier+1","Conserve Battery","Creative AI+1","Tempest","Leap","Heatsinks","Conserve Battery","Ball Lightning","Seek","Turbo","Creative AI+1","Conserve Battery","Stack+1","Hello World+1","Force Field","Recycle","Seek","FTL","Madness","Madness","Jack Of All Trades","Self Repair","Stack+1"],"relics":["Cracked Core","DataDisk","Centennial Puzzle","Symbiotic Virus","Tiny House","Potion Belt","DollysMirror","Shuriken","Strawberry","Juzu Bracelet","Philosopher\u0027s Stone","Red Mask","Peace Pipe","Mummified Hand"],"potions_floor_usage":[16,16,28,33,48,50,50,50],"damage_taken":[{"damage":3,"enemies":"2 Louse","floor":1,"turns":2},{"damage":2,"enemies":"Jaw Worm","floor":2,"turns":3},{"damage":0,"enemies":"Cultist","floor":3,"turns":3},{"damage":5,"enemies":"2 Fungi Beasts","floor":5,"turns":3},{"damage":13,"enemies":"3 Sentries","floor":6,"turns":8},{"damage":1,"enemies":"Looter","floor":11,"turns":2},{"damage":0,"enemies":"Lagavulin","floor":13,"turns":5},{"damage":18,"enemies":"Slime Boss","floor":16,"turns":8},{"damage":0,"enemies":"Shell Parasite","floor":18,"turns":5},{"damage":0,"enemies":"Spheric Guardian","floor":21,"turns":4},{"damage":9,"enemies":"Snake Plant","floor":22,"turns":4},{"damage":10,"enemies":"Snecko","floor":24,"turns":4},{"damage":15,"enemies":"Book of Stabbing","floor":27,"turns":7},{"damage":2,"enemies":"Cultist and Chosen","floor":28,"turns":6},{"damage":4,"enemies":"Chosen and Byrds","floor":31,"turns":7},{"damage":52,"enemies":"Collector","floor":33,"turns":9},{"damage":0,"enemies":"3 Shapes","floor":35,"turns":5},{"damage":39,"enemies":"2 Orb Walkers","floor":40,"turns":5},{"damage":16,"enemies":"3 Darklings","floor":45,"turns":5},{"damage":1,"enemies":"Maw","floor":46,"turns":7},{"damage":15,"enemies":"4 Shapes","floor":48,"turns":4},{"damage":73,"enemies":"Awakened One","floor":50,"turns":10}],"seed_played":"-4038472392352014386","potions_obtained":[{"floor":2,"key":"PowerPotion"},{"floor":5,"key":"FocusPotion"},{"floor":13,"key":"Swift Potion"},{"floor":17,"key":"Fire Potion"},{"floor":18,"key":"Dexterity Potion"},{"floor":27,"key":"Fire Potion"},{"floor":33,"key":"SpeedPotion"},{"floor":48,"key":"Fruit Juice"}],"is_trial":false,"path_per_floor":["M","M","M","?","M","E","?","R","T","R","M","R","E","?","R","B",null,"M","?","?","M","M","R","M","$","T","E","M","$","?","M","R","B",null,"M","?","$","?","?","E","?","?","T","R","M","M","R","M","R"],"character_chosen":"DEFECT","items_purchased":["Turbo","DollysMirror","Conserve Battery","Juzu Bracelet","Force Field"],"campfire_rested":4,"item_purchase_floors":[25,25,25,29,29],"current_hp_per_floor":[65,63,63,63,58,45,45,45,45,45,44,44,44,44,44,26,68,68,68,68,68,59,59,49,49,49,41,39,39,39,35,61,9,68,68,68,68,68,68,29,18,8,8,34,18,24,50,42,68,0],"gold":62,"neow_bonus":"THREE_CARDS","is_prod":false,"is_daily":false,"chose_seed":false,"campfire_upgraded":5,"win_rate":0,"timestamp":1535679725,"path_taken":["M","M","M","?","M","E","?","R","T","R","M","R","E","?","R","BOSS","M","?","?","?","M","R","M","$","T","E","?","?","?","M","R","BOSS","M","?","$","?","?","E","?","?","T","R","M","M","R","M","R","BOSS"],"build_version":"2018-08-23v2","purchased_purges":1,"victory":false,"max_hp_per_floor":[75,75,75,75,75,75,75,75,75,75,75,75,75,75,75,75,80,80,80,80,80,80,80,80,80,80,87,87,87,87,87,87,87,87,87,87,87,87,87,87,87,87,87,87,87,87,87,87,87,92],"card_choices":[{"not_picked":["Gash","Stack"],"picked":"Ball Lightning","floor":0},{"not_picked":["Hello World","Go for the Eyes"],"picked":"Cold Snap","floor":1},{"not_picked":["BootSequence","Streamline"],"picked":"Stack","floor":2},{"not_picked":["Barrage","Gash"],"picked":"Cold Snap","floor":3},{"not_picked":["Fusion","Cold Snap"],"picked":"Leap","floor":5},{"not_picked":["Double Energy","Amplify"],"picked":"Ball Lightning","floor":6},{"not_picked":["Gash","Hologram"],"picked":"Glacier","floor":11},{"not_picked":["Turbo","Coolheaded"],"picked":"Conserve Battery","floor":13},{"not_picked":["Core Surge","Rainbow"],"picked":"Creative AI","floor":16},{"not_picked":["Gash","Hologram"],"picked":"Tempest","floor":17},{"not_picked":["Steam+1","Tempest"],"picked":"Leap","floor":18},{"not_picked":["Cold Snap","Rebound"],"picked":"Conserve Battery","floor":21},{"not_picked":["Doom and Gloom","Conserve Battery"],"picked":"Ball Lightning","floor":22},{"not_picked":["Hologram","BootSequence"],"picked":"Seek","floor":24},{"not_picked":["Biased Cognition","Chill"],"picked":"Stack+1","floor":27},{"not_picked":["Ball Lightning+1","Beam Cell"],"picked":"Hello World+1","floor":28},{"not_picked":["Sweeping Beam","Leap"],"picked":"Recycle","floor":31},{"not_picked":["Buffer","Rainbow"],"picked":"Seek","floor":33},{"not_picked":["Beam Cell","Gash"],"picked":"FTL","floor":35},{"not_picked":["Compile Driver+1","Sunder+1","Lockon"],"picked":"SKIP","floor":40},{"not_picked":["Deep Breath","Violence"],"picked":"Jack Of All Trades","floor":42},{"not_picked":["Melter+1","Barrage+1"],"picked":"Self Repair","floor":45},{"not_picked":["Gash+1","Barrage+1","Ball Lightning"],"picked":"SKIP","floor":46},{"not_picked":["Beam Cell","Glacier"],"picked":"Stack+1","floor":48}],"player_experience":276691,"relics_obtained":[{"floor":6,"key":"DataDisk"},{"floor":9,"key":"Centennial Puzzle"},{"floor":13,"key":"Symbiotic Virus"},{"floor":26,"key":"Shuriken"},{"floor":27,"key":"Strawberry"},{"floor":40,"key":"Peace Pipe"},{"floor":43,"key":"Mummified Hand"}],"event_choices":[{"event_name":"Living Wall","player_choice":"Grow","floor":4,"damage_taken":0},{"event_name":"Liars Game","player_choice":"agreed","floor":7,"damage_taken":0},{"event_name":"The Cleric","player_choice":"Card Removal","floor":14,"damage_taken":0},{"event_name":"Transmorgrifier","player_choice":"Transform","floor":19,"damage_taken":0},{"event_name":"Addict","player_choice":"Obtained Relic","floor":20,"damage_taken":0},{"event_name":"Vampires","player_choice":"Ignored","floor":30,"damage_taken":0},{"event_name":"Tomb of Lord Red Mask","player_choice":"Paid","floor":36,"damage_taken":0},{"event_name":"SecretPortal","player_choice":"Rejected Portal.","floor":38,"damage_taken":0},{"event_name":"Falling","player_choice":"Removed Attack","floor":39,"damage_taken":0},{"event_name":"Winding Halls","player_choice":"Embrace Madness","floor":41,"damage_taken":0},{"event_name":"SensoryStone","player_choice":"Memory 3","floor":42,"damage_taken":0}],"is_beta":false,"boss_relics":[{"not_picked":["Eternal Feather","Snecko Eye"],"picked":"Tiny House"},{"not_picked":["Orrery","Lizard Tail"],"picked":"Philosopher\u0027s Stone"}],"items_purged_floors":[25],"is_endless":false,"potions_floor_spawned":[2,5,13,18,27,33,48],"killed_by":"Awakened One","ascension_level":6}