{"path_per_floor":["M","?","?","M","?","R","$","R","T","E","?","R","M","E","R","B",null,"M","?","M","M","?","E","M","$","T","R","M","?","R","$","R","B",null,"M","?","M","$","M","R","E","?","T","M","R","?","M","$","R","B"],"character_chosen":"DEFECT","items_purchased":["Regal Pillow","Defragment","Ball Lightning","Capacitor","Pear","All For One","Pen Nib","Hello World","Rebound","Go for the Eyes","Secret Technique","Mercury Hourglass","Coolheaded"],"gold_per_floor":[115,365,365,388,388,388,34,34,82,117,82,82,107,142,142,267,267,282,282,298,313,363,399,419,1,1,1,21,271,271,19,19,149,149,162,162,187,133,147,147,187,187,237,251,251,584,602,5,5,5],"floor_reached":51,"campfire_rested":4,"playtime":3319,"current_hp_per_floor":[33,33,33,26,12,32,32,32,32,27,44,44,48,51,51,54,69,69,69,64,69,69,47,34,44,44,44,36,42,42,42,82,30,85,76,65,68,68,60,60,39,39,45,19,61,61,48,48,90,44],"items_purged":["Regret","Strike_B"],"gold":5,"score":751,"play_id":"5681e8dc-8a63-4db8-8e95-1fc6851f5680","local_time":"20180429130824","is_prod":false,"is_daily":false,"chose_seed":false,"is_ascension_mode":false,"campfire_upgraded":6,"timestamp":1524974904,"path_taken":["M","?","?","M","?","R","$","R","T","E","?","R","M","E","R","BOSS","M","?","M","M","?","E","M","$","T","R","M","?","R","?","R","BOSS","M","?","?","$","M","R","E","?","T","M","R","?","M","$","R","BOSS"],"build_version":"2018-04-27v3","seed_source_timestamp":1428492577184522,"purchased_purges":2,"victory":true,"master_deck":["Strike_B","Defend_B","Defend_B+1","Defend_B","Defend_B","Zap+1","Dualcast+1","Coolheaded+1","Rebound","Defragment+1","Ball Lightning","Self Repair","Glacier","Beam Cell+1","Amplify","Barrage","Thunder Strike","Static Discharge","Barrage","Ball Lightning","Capacitor","All For One","White Noise+1","Regret","Hello World","Rebound","Rainbow+1","Ball Lightning","Madness","Madness","Loop+1","Go for the Eyes","White Noise+1","Conserve Battery","Writhe","Stack+1","Darkness+1","Secret Technique","Coolheaded"],"max_hp_per_floor":[75,75,69,69,69,69,69,69,69,69,69,69,69,69,69,69,69,69,69,69,69,69,69,69,79,79,79,79,85,85,85,85,85,85,85,85,85,85,85,85,85,85,91,91,91,91,91,91,91,91],"relics":["Cracked Core","Regal Pillow","Blood Vial","Happy Flower","Lantern","Inserter","Anchor","Pear","Darkstone Periapt","Pen Nib","Cursed Key","Ornamental Fan","Vajra","Mercury Hourglass"],"card_choices":[{"not_picked":["Axe Kick","Static Discharge"],"picked":"Coolheaded","floor":1},{"not_picked":["Sweeping Beam","Cold Snap"],"picked":"Rebound","floor":4},{"not_picked":["Leap","Rip and Tear"],"picked":"Self Repair","floor":10},{"not_picked":["Hologram","Steam Power"],"picked":"Glacier","floor":13},{"not_picked":["Rip and Tear","Axe Kick"],"picked":"Beam Cell","floor":14},{"not_picked":["Machine Learning","Prime"],"picked":"Amplify","floor":16},{"not_picked":["Impulse","Leap"],"picked":"Barrage","floor":18},{"not_picked":["Buffer","Skim"],"picked":"Thunder Strike","floor":20},{"not_picked":["Cold Snap","Beam Cell"],"picked":"Static Discharge","floor":21},{"not_picked":["Genetic Algorithm","Axe Kick"],"picked":"Barrage","floor":23},{"not_picked":["Leap","Impulse"],"picked":"Ball Lightning","floor":24},{"not_picked":["Capacitor","Ball Lightning"],"picked":"White Noise","floor":28},{"not_picked":["Multi-Cast","Creative AI"],"picked":"Rainbow","floor":33},{"not_picked":["Stack","Leap"],"picked":"Ball Lightning","floor":35},{"not_picked":["Undo","Barrage"],"picked":"Loop","floor":37},{"not_picked":["Stack","Sweeping Beam"],"picked":"White Noise","floor":39},{"not_picked":["Skim","Cold Snap"],"picked":"Conserve Battery","floor":41},{"not_picked":["Ball Lightning","Streamline"],"picked":"Stack","floor":44},{"not_picked":["Buffer","Auto Shields"],"picked":"Darkness","floor":47}],"player_experience":5985,"potions_floor_usage":[18,35,37,44,50,50,50],"damage_taken":[{"damage":5,"enemies":"2 Louse","floor":1,"turns":3},{"damage":7,"enemies":"Cultist","floor":4,"turns":4},{"damage":7,"enemies":"Lagavulin","floor":10,"turns":6},{"damage":5,"enemies":"Small Slimes","floor":13,"turns":3},{"damage":6,"enemies":"3 Sentries","floor":14,"turns":10},{"damage":6,"enemies":"Hexaghost","floor":16,"turns":10},{"damage":9,"enemies":"3 Byrds","floor":18,"turns":6},{"damage":12,"enemies":"Spheric Guardian","floor":20,"turns":4},{"damage":0,"enemies":"Cultist and Chosen","floor":21,"turns":6},{"damage":29,"enemies":"Book of Stabbing","floor":23,"turns":5},{"damage":22,"enemies":"Snake Plant","floor":24,"turns":5},{"damage":17,"enemies":"Centurion and Healer","floor":28,"turns":6},{"damage":68,"enemies":"Automaton","floor":33,"turns":9},{"damage":23,"enemies":"3 Darklings","floor":35,"turns":6},{"damage":6,"enemies":"3 Shapes","floor":37,"turns":3},{"damage":17,"enemies":"Maw","floor":39,"turns":7},{"damage":37,"enemies":"Nemesis","floor":41,"turns":7},{"damage":28,"enemies":"4 Shapes","floor":44,"turns":5},{"damage":22,"enemies":"Spire Growth","floor":47,"turns":5},{"damage":54,"enemies":"Donu and Deca","floor":50,"turns":8}],"event_choices":[{"event_name":"Golden Shrine","player_choice":"Desecrate","floor":2,"damage_taken":0},{"event_name":"Golden Idol","player_choice":"Lose Max HP","floor":3,"damage_taken":0},{"event_name":"Shining Light","player_choice":"Entered Light","floor":5,"damage_taken":0},{"event_name":"The Cleric","player_choice":"Healed","floor":11,"damage_taken":0},{"event_name":"The Woman in Blue","player_choice":"Bought 0 Potions","floor":19,"damage_taken":0},{"event_name":"The Joust","player_choice":"Bet on Murderer","floor":22,"damage_taken":0},{"event_name":"Golden Shrine","player_choice":"Desecrate","floor":29,"damage_taken":0},{"event_name":"Winding Halls","player_choice":"Embrace Madness","floor":36,"damage_taken":0},{"event_name":"Mysterious Sphere","player_choice":"Ignore","floor":42,"damage_taken":0},{"event_name":"The Moai Head","player_choice":"Gave Idol","floor":46,"damage_taken":0}],"boss_relics":[{"not_picked":["Orrery","Sozu"],"picked":"Inserter"},{"not_picked":["Lizard Tail","Snecko Eye"],"picked":"Cursed Key"}],"potions_floor_spawned":[10,13,16,23,24,33,35,39,44,47],"seed_played":"-3616860890557146861","ascension_level":0,"is_trial":false}