{"gold_per_floor":[109,109,121,137,155,186,200,217,217,228,240,240,220,236,236,338,338,358,458,458,458,44,44,77,77,77,77,88,88,102,7,7,106,106,118,133,149,149,149,149,149,54,54,54,64,83,100,114,114,114],"floor_reached":51,"playtime":3615,"items_purged":[],"score":698,"play_id":"a12b8403-78ab-4d42-a8b5-8601605f9527","local_time":"20181110151105","is_ascension_mode":false,"campfire_choices":[{"data":"Loop","floor":15.0,"key":"SMITH"},{"floor":23.0,"key":"REST"},{"floor":25.0,"key":"REST"},{"floor":32.0,"key":"REST"},{"floor":40.0,"key":"REST"},{"floor":49,"key":"REST"}],"neow_cost":"CURSE","seed_source_timestamp":0,"circlet_count":0,"master_deck":["Strike_B+1","Strike_B+1","Defend_B+1","Defend_B+1","Defend_B+1","Defend_B+1","Zap","Dualcast","Echo Form","Ball Lightning","Beam Cell","Cold Snap","Redo","Defragment","Loop+1","Redo","Turbo","Glacier","Core Surge","Defragment+1","Tempest","Leap","Storm","Rebound","Coolheaded","Hologram+1","Conserve Battery","Electrodynamics","Turbo","Fusion+1","BootSequence+1","Static Discharge","Coolheaded","Beam Cell+1","Cold Snap+1","Leap+1","Sweeping Beam+1"],"special_seed":0,"relics":["Cracked Core","Omamori","Juzu Bracelet","Inserter","Ice Cream","Blue Candle","Nilry\u0027s Codex","Pantograph","Pen Nib","Calipers","Sozu","Symbiotic Virus","DataDisk"],"potions_floor_usage":[50],"damage_taken":[{"damage":6.0,"enemies":"Jaw Worm","floor":1.0,"turns":3.0},{"damage":1.0,"enemies":"Cultist","floor":3.0,"turns":4.0},{"damage":5.0,"enemies":"Small Slimes","floor":4.0,"turns":3.0},{"damage":13.0,"enemies":"Red Slaver","floor":5.0,"turns":2.0},{"damage":17.0,"enemies":"3 Sentries","floor":6.0,"turns":7.0},{"damage":4.0,"enemies":"Blue Slaver","floor":7.0,"turns":3.0},{"damage":7.0,"enemies":"Exordium Thugs","floor":8.0,"turns":4.0},{"damage":5.0,"enemies":"Looter","floor":10.0,"turns":3.0},{"damage":14.0,"enemies":"2 Fungi Beasts","floor":11.0,"turns":3.0},{"damage":16.0,"enemies":"Red Slaver","floor":14.0,"turns":3.0},{"damage":9.0,"enemies":"The Guardian","floor":16.0,"turns":10.0},{"damage":7.0,"enemies":"Shell Parasite","floor":18.0,"turns":5.0},{"damage":30.0,"enemies":"Colosseum Slavers","floor":19.0,"turns":4.0},{"damage":9.0,"enemies":"Colosseum Nobs","floor":19.0,"turns":4.0},{"damage":41.0,"enemies":"Slavers","floor":24.0,"turns":6.0},{"damage":9.0,"enemies":"2 Thieves","floor":28.0,"turns":5.0},{"damage":18.0,"enemies":"3 Cultists","floor":30.0,"turns":5.0},{"damage":0.0,"enemies":"Champ","floor":33.0,"turns":8.0},{"damage":22.0,"enemies":"3 Darklings","floor":35.0,"turns":6.0},{"damage":0.0,"enemies":"3 Shapes","floor":36.0,"turns":4.0},{"damage":39.0,"enemies":"Transient","floor":37.0,"turns":5.0},{"damage":0.0,"enemies":"Sphere and 2 Shapes","floor":45.0,"turns":5.0},{"damage":9,"enemies":"Maw","floor":46,"turns":7},{"damage":8,"enemies":"3 Darklings","floor":47,"turns":6},{"damage":12,"enemies":"Spire Growth","floor":48,"turns":4},{"damage":7,"enemies":"Donu and Deca","floor":50,"turns":7}],"seed_played":"-3663421680049716632","potions_obtained":[{"floor":3.0,"key":"SpeedPotion"},{"floor":4.0,"key":"Energy Potion"},{"floor":7.0,"key":"Explosive Potion"},{"floor":13.0,"key":"FearPotion"},{"floor":14.0,"key":"Ancient Potion"},{"floor":16.0,"key":"PowerPotion"},{"floor":18.0,"key":"Explosive Potion"},{"floor":24.0,"key":"PowerPotion"},{"floor":28.0,"key":"Explosive Potion"}],"is_trial":false,"path_per_floor":["M","?","M","M","M","E","M","M","T","M","M","?","?","M","R","B",null,"M","?","?","?","$","R","E","R","T","?","M","?","M","$","R","B",null,"M","M","M","?","?","R","T","$","T","?","M","M","M","M","R","B",null],"character_chosen":"DEFECT","items_purchased":["Regen Potion","Leap","Pantograph","Storm","Conserve Battery","Block Potion","Static Discharge","Coolheaded"],"campfire_rested":5,"item_purchase_floors":[22,22,22,22,31,31,42,42],"current_hp_per_floor":[69,69,68,63,50,33,29,22,22,17,3,75,75,59,59,50,75,68,29,29,13,13,35,9,31,31,31,22,22,4,4,26,51,75,53,53,14,14,14,36,36,36,36,36,36,27,19,7,29,47],"gold":114,"neow_bonus":"THREE_RARE_CARDS","is_prod":false,"is_daily":false,"chose_seed":false,"campfire_upgraded":1,"win_rate":0,"timestamp":1541880665,"path_taken":["M","?","M","?","M","E","M","M","T","M","M","?","?","M","R","BOSS","M","?","?","?","$","R","E","R","T","?","M","?","M","$","R","BOSS","M","M","M","?","?","R","?","?","T","?","M","M","M","M","R","BOSS"],"build_version":"2018-11-08","purchased_purges":0,"victory":true,"max_hp_per_floor":[75,75,75,75,75,75,75,75,75,75,75,75,75,75,75,75,75,75,75,75,75,75,75,75,75,75,75,75,75,75,75,75,75,75,75,75,75,75,75,75,75,75,75,75,75,75,75,75,75,75],"card_choices":[{"not_picked":["Fission","Multi-Cast"],"picked":"Echo Form","floor":0.0},{"not_picked":["Steam Power","Stack"],"picked":"Consume","floor":1.0},{"not_picked":["Barrage","Beam Cell"],"picked":"Ball Lightning","floor":3.0},{"not_picked":["Steam","Force Field"],"picked":"Beam Cell","floor":4.0},{"not_picked":["Sweeping Beam","Static Discharge"],"picked":"Cold Snap","floor":5.0},{"not_picked":["Compile Driver","Blizzard"],"picked":"Redo","floor":6.0},{"not_picked":["Go for the Eyes","Doom and Gloom"],"picked":"Defragment","floor":7.0},{"not_picked":["Tempest","Cold Snap"],"picked":"Loop","floor":8.0},{"not_picked":["Rebound","Skim"],"picked":"Redo","floor":10.0},{"not_picked":["Steam","Gash"],"picked":"Turbo","floor":11.0},{"not_picked":["Compile Driver","Hyperbeam"],"picked":"Glacier","floor":14.0},{"not_picked":["Multi-Cast","Rainbow"],"picked":"Core Surge","floor":16.0},{"not_picked":["Conserve Battery","Steam+1"],"picked":"Defragment+1","floor":18.0},{"not_picked":["Beam Cell","Darkness"],"picked":"Tempest","floor":19.0},{"not_picked":["Compile Driver+1","Redo"],"picked":"Rebound","floor":24.0},{"not_picked":["Redo","Barrage"],"picked":"Coolheaded","floor":28.0},{"not_picked":["Machine Learning","Go for the Eyes"],"picked":"Hologram+1","floor":30.0},{"not_picked":["Biased Cognition","Seek"],"picked":"Electrodynamics","floor":33.0},{"not_picked":["Go for the Eyes","Reinforced Body"],"picked":"Turbo","floor":35.0},{"not_picked":["Coolheaded+1","Compile Driver"],"picked":"Fusion","floor":36.0},{"not_picked":["Sweeping Beam","Redo"],"picked":"BootSequence+1","floor":37.0},{"not_picked":["Leap+1","Force Field+1"],"picked":"Beam Cell+1","floor":45.0},{"not_picked":["Barrage+1","Melter+1"],"picked":"Cold Snap+1","floor":46},{"not_picked":["Turbo","Ball Lightning+1"],"picked":"Leap+1","floor":47},{"not_picked":["Thunder Strike","Beam Cell+1"],"picked":"Sweeping Beam+1","floor":48}],"player_experience":323214,"relics_obtained":[{"floor":6.0,"key":"Omamori"},{"floor":9.0,"key":"Juzu Bracelet"},{"floor":19.0,"key":"Ice Cream"},{"floor":19.0,"key":"Blue Candle"},{"floor":21.0,"key":"Nilry\u0027s Codex"},{"floor":24.0,"key":"Pen Nib"},{"floor":26.0,"key":"Calipers"},{"floor":41.0,"key":"Symbiotic Virus"},{"floor":43.0,"key":"DataDisk"}],"event_choices":[{"cards_removed":["Normality"],"damage_healed":0.0,"max_hp_gain":0.0,"max_hp_loss":0.0,"gold_gain":0.0,"event_name":"Wheel of Change","player_choice":"Card Removal","floor":2.0,"gold_loss":0.0,"damage_taken":0.0},{"cards_removed":["Consume"],"damage_healed":72.0,"max_hp_gain":0.0,"max_hp_loss":0.0,"gold_gain":0.0,"event_name":"Bonfire Elementals","player_choice":"Offered Uncommon","floor":12.0,"gold_loss":0.0,"damage_taken":0.0},{"damage_healed":0.0,"max_hp_gain":0.0,"max_hp_loss":0.0,"gold_gain":0.0,"event_name":"The Woman in Blue","player_choice":"Bought 1 Potion","floor":13.0,"gold_loss":0.0,"damage_taken":0.0},{"damage_healed":0.0,"max_hp_gain":0.0,"max_hp_loss":0.0,"gold_gain":0.0,"event_name":"Colosseum","player_choice":"Fight","floor":19.0,"gold_loss":0.0,"damage_taken":0.0},{"damage_healed":0.0,"max_hp_gain":0.0,"max_hp_loss":0.0,"gold_gain":0.0,"event_name":"Colosseum","player_choice":"Fought Nobs","floor":19.0,"gold_loss":0.0,"damage_taken":0.0},{"cards_removed":["Strike_B"],"damage_healed":0.0,"max_hp_gain":0.0,"max_hp_loss":0.0,"gold_gain":0.0,"event_name":"Wheel of Change","player_choice":"Card Removal","floor":20.0,"gold_loss":0.0,"damage_taken":0.0},{"damage_healed":0.0,"max_hp_gain":0.0,"max_hp_loss":0.0,"gold_gain":0.0,"event_name":"Cursed Tome","player_choice":"Obtained Book","floor":21.0,"gold_loss":0.0,"damage_taken":16.0},{"damage_healed":0.0,"max_hp_gain":0.0,"max_hp_loss":0.0,"gold_gain":0.0,"event_name":"Back to Basics","player_choice":"Simplicity","floor":27.0,"gold_loss":0.0,"damage_taken":0.0,"cards_upgraded":["Strike_B","Strike_B","Strike_B","Defend_B","Defend_B","Defend_B","Defend_B"]},{"damage_healed":0.0,"max_hp_gain":0.0,"max_hp_loss":0.0,"gold_gain":0.0,"event_name":"Beggar","player_choice":"Ignored","floor":29.0,"gold_loss":0.0,"damage_taken":0.0},{"cards_removed":["Strike_B"],"damage_healed":0.0,"max_hp_gain":0.0,"max_hp_loss":0.0,"gold_gain":0.0,"event_name":"Purifier","player_choice":"Purged","floor":38.0,"gold_loss":0.0,"damage_taken":0.0},{"damage_healed":0.0,"max_hp_gain":0.0,"max_hp_loss":0.0,"gold_gain":0.0,"event_name":"Upgrade Shrine","player_choice":"Upgraded","floor":39.0,"gold_loss":0.0,"damage_taken":0.0,"cards_upgraded":["Fusion"]},{"damage_healed":0.0,"max_hp_gain":0.0,"max_hp_loss":0.0,"gold_gain":0.0,"event_name":"Mysterious Sphere","player_choice":"Ignored","floor":44.0,"gold_loss":0.0,"damage_taken":0.0}],"is_beta":false,"boss_relics":[{"not_picked":["Fusion Hammer","Nuclear Battery"],"picked":"Inserter"},{"not_picked":["Runic Pyramid","Cursed Key"],"picked":"Sozu"}],"items_purged_floors":[],"is_endless":false,"potions_floor_spawned":[3,4,7,14,16,18,24,28,37,45,47,48],"ascension_level":0}