{"gold_per_floor":[109,123,123,136,149,180,204,245,283,295,307,333,358,398,410,499,511,543,567,579,609,631,643,666,678,690,721,752,792,829,856,868,880],"floor_reached":33,"playtime":3517,"items_purged":[],"score":571,"play_id":"24159672-1e52-485d-9c19-2180cf4c3972","local_time":"20190924220942","is_ascension_mode":true,"campfire_choices":[{"data":"Sunder","floor":11.0,"key":"SMITH"},{"data":"Sunder","floor":15.0,"key":"SMITH"},{"data":"Recycle","floor":23.0,"key":"SMITH"},{"data":"Glacier","floor":25.0,"key":"SMITH"},{"floor":32.0,"key":"REST"}],"neow_cost":"NONE","seed_source_timestamp":1379864447630877,"circlet_count":0,"master_deck":["AscendersBane","Strike_B","Strike_B","Strike_B","Strike_B","Defend_B","Defend_B","Defend_B","Defend_B","Zap","Dualcast","Self Repair","Cold Snap","Sunder+1","Sunder+1","Melter","Glacier+1","Glacier","Echo Form","Conserve Battery","Sunder+1","Recycle+1","Blizzard"],"special_seed":0,"relics":["Cracked Core","Sundial","MawBank","Orichalcum","Pen Nib","Strawberry","Busted Crown","Kunai","Ancient Tea Set","Happy Flower"],"potions_floor_usage":[],"damage_taken":[{"damage":2.0,"enemies":"Jaw Worm","floor":1.0,"turns":3.0},{"damage":0.0,"enemies":"2 Louse","floor":2.0,"turns":2.0},{"damage":0.0,"enemies":"Cultist","floor":4.0,"turns":4.0},{"damage":7.0,"enemies":"Looter","floor":5.0,"turns":4.0},{"damage":32.0,"enemies":"Gremlin Nob","floor":6.0,"turns":5.0},{"damage":1.0,"enemies":"Lots of Slimes","floor":7.0,"turns":4.0},{"damage":26.0,"enemies":"Lagavulin","floor":8.0,"turns":7.0},{"damage":8.0,"enemies":"Exordium Wildlife","floor":12.0,"turns":3.0},{"damage":6.0,"enemies":"Looter","floor":13.0,"turns":3.0},{"damage":10.0,"enemies":"Gremlin Nob","floor":14.0,"turns":3.0},{"damage":31.0,"enemies":"Slime Boss","floor":16.0,"turns":14.0},{"damage":0.0,"enemies":"3 Byrds","floor":18.0,"turns":4.0},{"damage":13.0,"enemies":"Chosen","floor":19.0,"turns":4.0},{"damage":14.0,"enemies":"Sentry and Sphere","floor":21.0,"turns":7.0},{"damage":0.0,"enemies":"Snecko","floor":22.0,"turns":5.0},{"damage":15.0,"enemies":"Cultist and Chosen","floor":24.0,"turns":8.0},{"damage":21.0,"enemies":"Centurion and Healer","floor":27.0,"turns":4.0},{"damage":0.0,"enemies":"Chosen and Byrds","floor":28.0,"turns":2.0},{"damage":28.0,"enemies":"Slavers","floor":29.0,"turns":7.0},{"damage":11.0,"enemies":"Shelled Parasite and Fungi","floor":31.0,"turns":11.0},{"damage":67,"enemies":"Collector","floor":33,"turns":7}],"seed_played":"5723164717398427100","potions_obtained":[{"floor":1.0,"key":"Block Potion"},{"floor":2.0,"key":"Swift Potion"},{"floor":6.0,"key":"EssenceOfSteel"},{"floor":7.0,"key":"Regen Potion"},{"floor":10.0,"key":"Fruit Juice"},{"floor":10.0,"key":"Fruit Juice"},{"floor":14.0,"key":"Poison Potion"},{"floor":21.0,"key":"Dexterity Potion"},{"floor":24.0,"key":"SteroidPotion"},{"floor":27.0,"key":"Swift Potion"},{"floor":28.0,"key":"Block Potion"}],"is_trial":false,"path_per_floor":["M","M","?","M","M","E","M","E","T","?","R","M","M","E","R","B",null,"M","M","?","M","M","R","M","R","T","M","M","E","T","M","R","B"],"character_chosen":"DEFECT","items_purchased":[],"campfire_rested":1,"item_purchase_floors":[],"current_hp_per_floor":[69,69,51,58,58,26,32,28,28,38,38,37,38,35,35,11,74,81,68,68,61,68,68,60,60,60,46,46,25,25,28,56,0],"gold":880,"neow_bonus":"TEN_PERCENT_HP_BONUS","is_prod":false,"is_daily":false,"chose_seed":false,"campfire_upgraded":4,"win_rate":0,"timestamp":1569377382,"path_taken":["M","M","?","M","M","E","M","E","T","?","R","M","M","E","R","BOSS","M","?","?","?","M","R","M","R","T","?","M","E","?","M","R","BOSS"],"build_version":"2019-07-17","purchased_purges":0,"victory":false,"max_hp_per_floor":[78,78,78,78,78,78,78,78,78,88,88,88,88,95,95,95,95,95,95,95,95,95,95,95,95,95,95,95,95,95,95,95,95],"card_choices":[{"not_picked":["Rip and Tear","Coolheaded","Barrage"],"picked":"SKIP","floor":1.0},{"not_picked":["Stack","Turbo"],"picked":"Self Repair","floor":2.0},{"not_picked":["Darkness","Aggregate","Capacitor"],"picked":"SKIP","floor":4.0},{"not_picked":["Hologram","Turbo"],"picked":"Cold Snap","floor":5.0},{"not_picked":["Chill","Steam"],"picked":"Sunder","floor":6.0},{"not_picked":["Sweeping Beam","Heatsinks"],"picked":"Sunder","floor":7.0},{"not_picked":["Storm","Multi-Cast","Leap"],"picked":"SKIP","floor":8.0},{"not_picked":["Double Energy","Turbo"],"picked":"Melter","floor":12.0},{"not_picked":["Tempest","Beam Cell"],"picked":"Glacier","floor":13.0},{"not_picked":["Stack","Gash"],"picked":"Glacier","floor":14.0},{"not_picked":["Fission","Seek"],"picked":"Echo Form","floor":16.0},{"not_picked":[],"picked":"Conserve Battery","floor":18.0},{"not_picked":["Scrape"],"picked":"SKIP","floor":19.0},{"not_picked":["Gash+1"],"picked":"SKIP","floor":21.0},{"not_picked":[],"picked":"Recycle","floor":22.0},{"not_picked":["Sunder"],"picked":"SKIP","floor":24.0},{"not_picked":["Steam"],"picked":"SKIP","floor":27.0},{"not_picked":["Gash"],"picked":"SKIP","floor":28.0},{"not_picked":["Cold Snap"],"picked":"SKIP","floor":29.0},{"not_picked":[],"picked":"Blizzard","floor":31.0}],"player_experience":395083,"relics_obtained":[{"floor":6.0,"key":"MawBank"},{"floor":8.0,"key":"Orichalcum"},{"floor":9.0,"key":"Pen Nib"},{"floor":14.0,"key":"Strawberry"},{"floor":26.0,"key":"Kunai"},{"floor":29.0,"key":"Ancient Tea Set"},{"floor":30.0,"key":"Happy Flower"}],"event_choices":[{"damage_healed":0.0,"max_hp_gain":0.0,"max_hp_loss":0.0,"gold_gain":0.0,"event_name":"Scrap Ooze","player_choice":"Success","floor":3.0,"gold_loss":0.0,"damage_taken":18.0,"relics_obtained":["Sundial"]},{"damage_healed":0.0,"max_hp_gain":0.0,"max_hp_loss":0.0,"gold_gain":0.0,"event_name":"Lab","player_choice":"Got Potions","floor":10.0,"gold_loss":0.0,"damage_taken":0.0},{"damage_healed":0.0,"max_hp_gain":0.0,"max_hp_loss":0.0,"gold_gain":0.0,"event_name":"Duplicator","player_choice":"Copied","floor":20.0,"gold_loss":0.0,"damage_taken":0.0,"cards_obtained":["Sunder"]}],"is_beta":false,"boss_relics":[{"not_picked":["Eternal Feather","Tiny House"],"picked":"Busted Crown"}],"items_purged_floors":[],"is_endless":false,"potions_floor_spawned":[1,2,6,7,14,21,24,27,28],"killed_by":"Collector","ascension_level":17}