{"gold_per_floor":[116,116,116,133,98,25,41,72,128,128,144,144,162,172,172,276,276,288,0,0,0,13,13,13,29,54,69,87,98,98],"floor_reached":30,"playtime":1407,"items_purged":[],"score":376,"play_id":"828837fe-1356-4e9b-93fe-cac87347c439","local_time":"20190910204339","is_ascension_mode":true,"campfire_choices":[{"data":"Fusion","floor":10,"key":"SMITH"},{"data":"Self Repair","floor":12,"key":"SMITH"},{"data":"White Noise","floor":15,"key":"SMITH"},{"data":"Hyperbeam","floor":23,"key":"SMITH"}],"neow_cost":"NONE","seed_source_timestamp":19645190208025,"circlet_count":0,"master_deck":["AscendersBane","Defend_B","Defend_B+1","Defend_B","Defend_B+1","Zap+1","Dualcast","Hologram","Hello World","Self Repair+1","Fusion+1","Echo Form","Glacier+1","White Noise+1","Hyperbeam+1","Rebound","Bite","Bite","Bite","Bite","Bite","Capacitor","Sweeping Beam+1"],"relics":["Coffee Dripper","Boot","Tiny Chest","Runic Pyramid","Enchiridion","War Paint"],"potions_floor_usage":[8,16,27],"damage_taken":[{"damage":15,"enemies":"2 Louse","floor":1,"turns":3},{"damage":0,"enemies":"Jaw Worm","floor":4,"turns":3},{"damage":0,"enemies":"Small Slimes","floor":7,"turns":3},{"damage":30,"enemies":"Gremlin Nob","floor":8,"turns":4},{"damage":4,"enemies":"Looter","floor":11,"turns":3},{"damage":8,"enemies":"Blue Slaver","floor":13,"turns":4},{"damage":20,"enemies":"2 Fungi Beasts","floor":14,"turns":3},{"damage":3,"enemies":"The Guardian","floor":16,"turns":12},{"damage":29,"enemies":"3 Byrds","floor":18,"turns":4},{"damage":29,"enemies":"Spheric Guardian","floor":22,"turns":6},{"damage":32,"enemies":"Snake Plant","floor":25,"turns":3},{"damage":22,"enemies":"Chosen and Byrds","floor":27,"turns":6},{"damage":38,"enemies":"Centurion and Healer","floor":28,"turns":8},{"damage":32,"enemies":"3 Cultists","floor":29,"turns":5},{"damage":21,"enemies":"Snake Plant","floor":30,"turns":3}],"seed_played":"-7922326841887318413","potions_obtained":[{"floor":1,"key":"PowerPotion"},{"floor":4,"key":"SpeedPotion"},{"floor":7,"key":"Fire Potion"},{"floor":14,"key":"Strength Potion"},{"floor":18,"key":"Explosive Potion"},{"floor":28,"key":"SteroidPotion"},{"floor":29,"key":"PowerPotion"}],"is_trial":false,"path_per_floor":["M","?","?","M","?","$","M","E","T","R","M","R","M","M","R","B",null,"M","?","?","?","M","R","?","M","T","M","M","M","M"],"character_chosen":"DEFECT","items_purchased":["Self Repair"],"campfire_rested":0,"item_purchase_floors":[6],"current_hp_per_floor":[53,53,38,38,56,56,63,40,40,40,36,36,38,28,28,45,68,49,49,33,58,49,49,49,33,33,41,29,17,0],"gold":98,"neow_bonus":"BOSS_RELIC","is_prod":false,"is_daily":false,"chose_seed":false,"campfire_upgraded":4,"win_rate":0,"timestamp":1568162619,"path_taken":["M","?","?","M","?","?","?","E","T","R","M","R","M","M","R","BOSS","M","?","?","?","M","R","?","M","T","M","M","?","M"],"build_version":"2019-09-09v2","purchased_purges":0,"victory":false,"max_hp_per_floor":[75,75,75,75,75,75,75,75,75,75,75,75,75,75,75,75,75,75,75,75,75,75,75,52,52,52,52,52,52,52],"card_choices":[{"not_picked":["Blizzard","Tempest"],"picked":"Hologram","floor":1},{"not_picked":["Hologram","Barrage"],"picked":"Hello World","floor":4},{"not_picked":["Barrage","Stack"],"picked":"Fusion","floor":7},{"not_picked":["Skim","Rebound"],"picked":"Echo Form","floor":8},{"not_picked":["Conserve Battery","Sweeping Beam"],"picked":"Glacier","floor":11},{"not_picked":["Streamline","Turbo"],"picked":"White Noise","floor":13},{"not_picked":["Turbo","Compile Driver","Rebound"],"picked":"SKIP","floor":14},{"not_picked":["Rainbow","Core Surge"],"picked":"Hyperbeam","floor":16},{"not_picked":["Turbo","Coolheaded"],"picked":"Rebound","floor":18},{"not_picked":["Conserve Battery","Streamline","Doom and Gloom"],"picked":"SKIP","floor":22},{"not_picked":["Glacier","Coolheaded","Loop"],"picked":"SKIP","floor":25},{"not_picked":["Steam","Double Energy"],"picked":"Capacitor","floor":27},{"not_picked":["Cold Snap","Glacier"],"picked":"Sweeping Beam+1","floor":28},{"not_picked":["Rebound","Redo","Stack"],"picked":"SKIP","floor":29}],"player_experience":342092,"relics_obtained":[{"floor":8,"key":"Boot"},{"floor":9,"key":"Tiny Chest"},{"floor":20,"key":"Enchiridion"},{"floor":26,"key":"War Paint"}],"event_choices":[{"damage_healed":0,"gold_gain":0,"player_choice":"Grow","damage_taken":0,"max_hp_gain":0,"max_hp_loss":0,"event_name":"Living Wall","floor":2,"gold_loss":0,"cards_upgraded":["Zap"]},{"damage_healed":0,"gold_gain":0,"player_choice":"Entered Light","damage_taken":15,"max_hp_gain":0,"max_hp_loss":0,"event_name":"Shining Light","floor":3,"gold_loss":0,"cards_upgraded":["Defend_B","Strike_B"]},{"damage_healed":18,"gold_gain":0,"player_choice":"Healed","damage_taken":0,"max_hp_gain":0,"max_hp_loss":0,"event_name":"The Cleric","floor":5,"gold_loss":35},{"damage_healed":0,"gold_gain":0,"player_choice":"Paid Fearfully","damage_taken":0,"max_hp_gain":0,"max_hp_loss":0,"event_name":"Masked Bandits","floor":19,"gold_loss":288},{"damage_healed":0,"gold_gain":0,"player_choice":"Obtained Book","damage_taken":16,"max_hp_gain":0,"max_hp_loss":0,"event_name":"Cursed Tome","floor":20,"gold_loss":0},{"damage_healed":25,"gold_gain":0,"player_choice":"Heal","damage_taken":0,"max_hp_gain":0,"max_hp_loss":0,"event_name":"The Library","floor":21,"gold_loss":0},{"damage_healed":0,"gold_gain":0,"player_choice":"Became a vampire","damage_taken":0,"max_hp_gain":0,"max_hp_loss":23,"event_name":"Vampires","floor":24,"gold_loss":0,"cards_obtained":["Bite","Bite","Bite","Bite","Bite"]}],"is_beta":true,"boss_relics":[{"not_picked":["Calling Bell","Astrolabe"],"picked":"Runic Pyramid"}],"items_purged_floors":[],"is_endless":false,"potions_floor_spawned":[1,4,7,14,18,28,29],"killed_by":"Snake Plant","ascension_level":10}