{"gold_per_floor":[115,115,129,0,17,17,28,60,60,60,87,87,87,106,106,205,205,225,225,225,150,249,264,293,304,304,338,288,288,110,123,123,223,223,233,233,245,92,112,112,128,154,177,212,223,223,235,252,252,252],"floor_reached":51,"playtime":2168,"items_purged":["Pain","Strike_R"],"score":832,"play_id":"a71baba2-ed63-4fb2-98d9-6ad62d7eeab2","local_time":"20190413230827","is_ascension_mode":false,"campfire_choices":[{"data":"Spot Weakness","floor":6,"key":"SMITH"},{"data":"Shockwave","floor":10,"key":"SMITH"},{"data":"Seeing Red","floor":12,"key":"SMITH"},{"data":"Flex","floor":15,"key":"SMITH"},{"data":"Limit Break","floor":29,"key":"SMITH"},{"data":"1","floor":32,"key":"LIFT"},{"data":"2","floor":40,"key":"LIFT"},{"data":"3","floor":46,"key":"LIFT"},{"data":"Juggernaut","floor":49,"key":"SMITH"}],"neow_cost":"TEN_PERCENT_HP_LOSS","seed_source_timestamp":552105558500,"circlet_count":0,"master_deck":["Strike_R","Strike_R","Strike_R","Defend_R","Defend_R","Defend_R+1","Defend_R","Bash","Spot Weakness+1","Thunderclap","Flex+1","Anger","Seeing Red+1","Shockwave+1","Whirlwind+1","Shrug It Off+1","Shrug It Off","Reaper","Double Tap","Warcry+1","Limit Break+1","Battle Trance","Disarm","Limit Break","Flame Barrier+1","Metallicize","Juggernaut+1","Whirlwind+1","Fiend Fire+1","Corruption"],"relics":["Burning Blood","Gambling Chip","WarpedTongs","Happy Flower","Paper Frog","Prayer Wheel","Runic Pyramid","Girya","Nilry\u0027s Codex","Ice Cream","Question Card","Molten Egg 2","Snecko Eye","Shuriken","Pen Nib","War Paint"],"potions_floor_usage":[8,16,41,42,44],"damage_taken":[{"damage":6,"enemies":"Cultist","floor":1,"turns":3},{"damage":18,"enemies":"Jaw Worm","floor":3,"turns":4},{"damage":0,"enemies":"Small Slimes","floor":5,"turns":3},{"damage":14,"enemies":"3 Louse","floor":7,"turns":3},{"damage":0,"enemies":"Gremlin Nob","floor":8,"turns":2},{"damage":9,"enemies":"3 Sentries","floor":11,"turns":4},{"damage":16,"enemies":"Large Slime","floor":14,"turns":3},{"damage":0,"enemies":"Slime Boss","floor":16,"turns":5},{"damage":13,"enemies":"3 Byrds","floor":18,"turns":3},{"damage":3,"enemies":"Shell Parasite","floor":23,"turns":3},{"damage":48,"enemies":"Slavers","floor":24,"turns":3},{"damage":0,"enemies":"3 Cultists","floor":25,"turns":2},{"damage":18,"enemies":"Gremlin Leader","floor":27,"turns":4},{"damage":5,"enemies":"Chosen and Byrds","floor":31,"turns":4},{"damage":35,"enemies":"Automaton","floor":33,"turns":9},{"damage":11,"enemies":"3 Darklings","floor":35,"turns":3},{"damage":7,"enemies":"Orb Walker","floor":37,"turns":2},{"damage":1,"enemies":"Spire Growth","floor":39,"turns":4},{"damage":5,"enemies":"Sphere and 2 Shapes","floor":41,"turns":3},{"damage":4,"enemies":"Giant Head","floor":42,"turns":3},{"damage":55,"enemies":"Nemesis","floor":44,"turns":7},{"damage":9,"enemies":"Maw","floor":45,"turns":6},{"damage":1,"enemies":"3 Darklings","floor":47,"turns":2},{"damage":23,"enemies":"Writhing Mass","floor":48,"turns":6},{"damage":30,"enemies":"Donu and Deca","floor":50,"turns":4}],"seed_played":"-873402400330312641","potions_obtained":[{"floor":1,"key":"Strength Potion"},{"floor":3,"key":"AttackPotion"},{"floor":7,"key":"SkillPotion"},{"floor":16,"key":"Explosive Potion"},{"floor":18,"key":"Explosive Potion"},{"floor":35,"key":"Fruit Juice"},{"floor":41,"key":"AttackPotion"},{"floor":45,"key":"BloodPotion"},{"floor":48,"key":"Strength Potion"}],"is_trial":false,"path_per_floor":["M","?","M","$","M","R","M","E","T","R","E","R","?","M","R","B",null,"M","?","?","?","?","M","E","M","T","E","?","R","$","M","R","B",null,"M","?","M","$","M","R","M","E","T","E","M","R","M","M","R","B",null],"character_chosen":"IRONCLAD","items_purchased":["Flex","Battle Trance","Juggernaut"],"campfire_rested":0,"item_purchase_floors":[4,30,38],"current_hp_per_floor":[72,72,60,60,66,66,58,64,64,64,61,61,61,51,51,57,72,72,72,56,56,56,59,51,72,72,67,67,67,67,72,72,72,72,72,72,72,72,72,72,77,77,77,28,67,67,77,65,65,62],"gold":252,"neow_bonus":"ONE_RARE_RELIC","is_prod":false,"is_daily":false,"chose_seed":false,"campfire_upgraded":6,"win_rate":0.0,"timestamp":1555193307,"path_taken":["M","?","?","$","M","R","M","E","T","R","E","R","?","M","R","BOSS","M","?","?","?","?","?","E","M","T","E","?","R","$","M","R","BOSS","M","?","M","$","M","R","?","E","T","E","M","R","M","M","R","BOSS"],"build_version":"2019-01-23","purchased_purges":2,"victory":true,"max_hp_per_floor":[72,72,72,72,72,72,72,72,72,72,72,72,72,72,72,72,72,72,72,72,72,72,72,72,72,72,72,72,72,72,72,72,72,72,72,72,72,72,72,72,77,77,77,77,77,77,77,77,77,77],"card_choices":[{"not_picked":["Armaments","Metallicize"],"picked":"Spot Weakness","floor":1},{"not_picked":["True Grit","Infernal Blade"],"picked":"Thunderclap","floor":3},{"not_picked":["Entrench","Infernal Blade"],"picked":"Anger","floor":5},{"not_picked":["Sword Boomerang","Brutality"],"picked":"Seeing Red","floor":7},{"not_picked":["Intimidate","Flex"],"picked":"Shockwave","floor":8},{"not_picked":["Sword Boomerang","Cleave"],"picked":"Whirlwind","floor":11},{"not_picked":["True Grit","Dropkick"],"picked":"Shrug It Off","floor":14},{"not_picked":["Clothesline","True Grit"],"picked":"Shrug It Off","floor":14},{"not_picked":["Impervious","Dark Embrace"],"picked":"Reaper","floor":16},{"not_picked":["Twin Strike","Warcry","Clash"],"picked":"SKIP","floor":18},{"not_picked":["Carnage","Iron Wave","Rupture"],"picked":"SKIP","floor":18},{"not_picked":["Clothesline+1","Clash"],"picked":"Double Tap","floor":23},{"not_picked":["Searing Blow","Shrug It Off","Perfected Strike"],"picked":"SKIP","floor":23},{"not_picked":["Twin Strike","Shrug It Off+1","True Grit"],"picked":"SKIP","floor":24},{"not_picked":["Rampage","Pummel"],"picked":"Warcry+1","floor":25},{"not_picked":["Warcry","Burning Pact","Dual Wield"],"picked":"SKIP","floor":25},{"not_picked":["Pummel+1","Corruption","True Grit"],"picked":"Limit Break","floor":27},{"not_picked":["Armaments","Headbutt+1","Twin Strike+1"],"picked":"Disarm","floor":31},{"not_picked":["Burning Pact","Body Slam+1","Blood for Blood+1","Perfected Strike+1"],"picked":"SKIP","floor":31},{"not_picked":["Impervious","Berserk","Barricade"],"picked":"Limit Break","floor":33},{"not_picked":["Heavy Blade+1","Spot Weakness+1","Battle Trance"],"picked":"Flame Barrier+1","floor":35},{"not_picked":["Clash+1","Carnage+1","Rage","Iron Wave+1"],"picked":"SKIP","floor":35},{"not_picked":["Twin Strike+1","Feel No Pain+1","Uppercut+1"],"picked":"Metallicize","floor":37},{"not_picked":["Anger+1","Twin Strike+1","Pummel+1","Perfected Strike+1"],"picked":"SKIP","floor":37},{"not_picked":["Shrug It Off+1","Pummel+1","Flex+1","Sword Boomerang+1"],"picked":"SKIP","floor":39},{"not_picked":["Sword Boomerang+1","Twin Strike+1","Burning Pact+1","Hemokinesis+1"],"picked":"SKIP","floor":39},{"not_picked":["Combust+1","Fire Breathing+1","Heavy Blade+1"],"picked":"Whirlwind+1","floor":41},{"not_picked":["Pommel Strike+1","Sever Soul+1","Anger+1","Headbutt+1"],"picked":"SKIP","floor":41},{"not_picked":["Thunderclap+1","Shrug It Off+1","Iron Wave+1"],"picked":"Fiend Fire+1","floor":42},{"not_picked":["Heavy Blade+1","Cleave+1","Reckless Charge+1"],"picked":"Corruption","floor":44},{"not_picked":["Dark Embrace","Uppercut+1","Body Slam+1","Battle Trance"],"picked":"SKIP","floor":45},{"not_picked":["Shrug It Off+1","Hemokinesis+1","True Grit+1","Pommel Strike+1"],"picked":"SKIP","floor":45},{"not_picked":["Headbutt+1","Heavy Blade+1","Anger+1","Inflame"],"picked":"SKIP","floor":47},{"not_picked":["Corruption+1","Metallicize+1","Pommel Strike+1","Clash+1"],"picked":"SKIP","floor":47},{"not_picked":["Flex","Pommel Strike+1","Body Slam+1","Carnage+1"],"picked":"SKIP","floor":48},{"not_picked":["Combust+1","True Grit","Hemokinesis+1","Feel No Pain"],"picked":"SKIP","floor":48}],"player_experience":17904,"relics_obtained":[{"floor":8,"key":"Happy Flower"},{"floor":9,"key":"Paper Frog"},{"floor":11,"key":"Prayer Wheel"},{"floor":20,"key":"Nilry\u0027s Codex"},{"floor":24,"key":"Ice Cream"},{"floor":26,"key":"Question Card"},{"floor":27,"key":"Molten Egg 2"},{"floor":42,"key":"Shuriken"},{"floor":43,"key":"Pen Nib"},{"floor":44,"key":"War Paint"}],"event_choices":[{"damage_healed":0,"gold_gain":0,"player_choice":"Rummage","damage_taken":0,"relics_obtained":["WarpedTongs"],"max_hp_gain":0,"max_hp_loss":0,"event_name":"Accursed Blacksmith","floor":2,"gold_loss":0,"cards_obtained":["Pain"]},{"damage_healed":0,"gold_gain":0,"player_choice":"Grow","damage_taken":0,"max_hp_gain":0,"max_hp_loss":0,"event_name":"Living Wall","floor":13,"gold_loss":0,"cards_upgraded":["Whirlwind"]},{"damage_healed":0,"gold_gain":0,"player_choice":"Opened","damage_taken":0,"relics_obtained":["Girya"],"max_hp_gain":0,"max_hp_loss":0,"event_name":"The Mausoleum","floor":19,"gold_loss":0,"cards_obtained":["Writhe"]},{"damage_healed":0,"gold_gain":0,"player_choice":"Obtained Book","damage_taken":16,"max_hp_gain":0,"max_hp_loss":0,"event_name":"Cursed Tome","floor":20,"gold_loss":0},{"cards_removed":["Writhe"],"damage_healed":0,"gold_gain":0,"player_choice":"Gave Gold","damage_taken":0,"max_hp_gain":0,"max_hp_loss":0,"event_name":"Beggar","floor":21,"gold_loss":75},{"damage_healed":0,"gold_gain":99,"player_choice":"Stole From Cult","damage_taken":0,"max_hp_gain":0,"max_hp_loss":0,"event_name":"Nest","floor":22,"gold_loss":0},{"damage_healed":0,"gold_gain":0,"player_choice":"Bet on Murderer","damage_taken":0,"max_hp_gain":0,"max_hp_loss":0,"event_name":"The Joust","floor":28,"gold_loss":50},{"cards_removed":["Strike_R"],"damage_healed":0,"gold_gain":0,"player_choice":"Offered Basic","damage_taken":0,"max_hp_gain":0,"max_hp_loss":0,"event_name":"Bonfire Elementals","floor":36,"gold_loss":0}],"is_beta":false,"boss_relics":[{"not_picked":["Black Star","White Beast Statue"],"picked":"Runic Pyramid"},{"not_picked":["Velvet Choker","Runic Cube"],"picked":"Snecko Eye"}],"items_purged_floors":[4,30],"is_endless":false,"potions_floor_spawned":[1,3,7,16,18,27,31,35,41,45,48],"ascension_level":0}