{"gold_per_floor":[109,9,9,26,42,42,42,77,77,106,56,66,101,111,111,210,210,225,244,343,343,101,101,128,58,112,112,112,138,138,138,138,234,234,252,262,262],"floor_reached":37,"playtime":2295,"items_purged":[],"score":490,"play_id":"0a91f86d-f4e4-45d9-a311-c52172883369","local_time":"20190825025252","is_ascension_mode":true,"campfire_choices":[{"data":"Sunder","floor":6.0,"key":"SMITH"},{"data":"Defragment","floor":15.0,"key":"SMITH"},{"data":"Bandage Up","floor":23.0,"key":"SMITH"},{"data":"Defragment","floor":28.0,"key":"SMITH"},{"floor":30.0,"key":"REST"},{"data":"White Noise","floor":32.0,"key":"SMITH"}],"neow_cost":"NONE","seed_source_timestamp":0,"circlet_count":0,"master_deck":["Defend_B","Defend_B","Defend_B","Defend_B","Zap+1","Dualcast","White Noise+1","BootSequence","Cold Snap","Barrage","Sunder+1","Streamline","Capacitor","Auto Shields","Defragment+1","Recycle","Electrodynamics","Go for the Eyes+1","Steam","Chaos","FTL","Bandage Up+1","Double Energy","Defragment+1","Bite","Bite","Bite","Bite","Bite","Heatsinks+1","Echo Form","Turbo+1","Loop+1"],"special_seed":0,"relics":["Cracked Core","Boot","Gremlin Horn","Vajra","Orichalcum","Torii","Calipers","Runic Pyramid","Strawberry","Pocketwatch","Omamori","Blood Vial","Cursed Key"],"potions_floor_usage":[],"damage_taken":[{"damage":2.0,"enemies":"Jaw Worm","floor":1.0,"turns":3.0},{"damage":0.0,"enemies":"2 Louse","floor":4.0,"turns":2.0},{"damage":0.0,"enemies":"Small Slimes","floor":5.0,"turns":3.0},{"damage":6.0,"enemies":"Lagavulin","floor":8.0,"turns":6.0},{"damage":1.0,"enemies":"3 Sentries","floor":10.0,"turns":3.0},{"damage":0.0,"enemies":"Blue Slaver","floor":12.0,"turns":2.0},{"damage":16.0,"enemies":"Lagavulin","floor":13.0,"turns":6.0},{"damage":0.0,"enemies":"Looter","floor":14.0,"turns":2.0},{"damage":32.0,"enemies":"The Guardian","floor":16.0,"turns":10.0},{"damage":1.0,"enemies":"Chosen","floor":18.0,"turns":4.0},{"damage":8.0,"enemies":"2 Thieves","floor":19.0,"turns":4.0},{"damage":20.0,"enemies":"Book of Stabbing","floor":24.0,"turns":5.0},{"damage":49.0,"enemies":"Slavers","floor":29.0,"turns":5.0},{"damage":33.0,"enemies":"Champ","floor":33.0,"turns":11.0},{"damage":11,"enemies":"Orb Walker","floor":35,"turns":5},{"damage":39,"enemies":"3 Darklings","floor":36,"turns":3},{"damage":32,"enemies":"Sphere and 2 Shapes","floor":37,"turns":3}],"seed_played":"6335320430987461886","potions_obtained":[{"floor":1.0,"key":"Weak Potion"},{"floor":4.0,"key":"Energy Potion"},{"floor":8.0,"key":"GamblersBrew"},{"floor":18.0,"key":"EssenceOfSteel"}],"is_trial":false,"path_per_floor":["M","$","?","M","M","R","?","E","T","E","?","M","E","M","R","B",null,"M","M","?","?","$","R","E","$","T","?","R","E","R","?","R","B",null,"M","M","M"],"character_chosen":"DEFECT","items_purchased":["BootSequence","Cold Snap","Strawberry","Bandage Up","Defragment"],"campfire_rested":1,"item_purchase_floors":[2,2,22,22,25],"current_hp_per_floor":[73,73,73,73,73,73,70,64,64,63,63,63,47,47,47,15,75,74,66,66,66,73,73,59,59,59,57,57,16,33,52,52,42,57,50,15,0],"gold":262,"neow_bonus":"RANDOM_COMMON_RELIC","is_prod":false,"is_daily":false,"chose_seed":false,"campfire_upgraded":5,"win_rate":0,"timestamp":1566715972,"path_taken":["M","$","?","M","M","R","?","E","T","E","?","M","E","M","R","BOSS","M","M","?","?","?","R","E","$","T","?","R","E","R","?","R","BOSS","M","M","M"],"build_version":"2019-08-23","purchased_purges":0,"victory":false,"max_hp_per_floor":[75,75,75,75,75,75,75,75,75,75,75,75,75,75,75,75,75,75,75,75,75,82,82,82,82,82,57,57,57,57,57,57,57,57,57,57,57],"card_choices":[{"not_picked":["Recycle","Turbo"],"picked":"White Noise","floor":1.0},{"not_picked":["BootSequence","Storm"],"picked":"Barrage","floor":4.0},{"not_picked":["Cold Snap","Aggregate"],"picked":"Sunder","floor":5.0},{"not_picked":["Go for the Eyes","Beam Cell"],"picked":"Streamline","floor":8.0},{"not_picked":["Compile Driver","White Noise"],"picked":"Capacitor","floor":10.0},{"not_picked":["Rebound","Double Energy"],"picked":"Auto Shields","floor":12.0},{"not_picked":["Hologram","Beam Cell"],"picked":"Defragment","floor":13.0},{"not_picked":["BootSequence","Beam Cell"],"picked":"Recycle","floor":14.0},{"not_picked":["Reboot","Amplify"],"picked":"Electrodynamics","floor":16.0},{"not_picked":["Blizzard+1","Scrape+1"],"picked":"Go for the Eyes+1","floor":18.0},{"not_picked":["Force Field","Gash"],"picked":"Steam","floor":19.0},{"not_picked":["Beam Cell","Steam"],"picked":"Double Energy","floor":24.0},{"not_picked":["Storm","Reinforced Body+1"],"picked":"Heatsinks+1","floor":29.0},{"not_picked":["Amplify","Fission"],"picked":"Echo Form","floor":33.0},{"not_picked":["Barrage","Cold Snap"],"picked":"Turbo+1","floor":35},{"not_picked":["Sweeping Beam","Coolheaded+1"],"picked":"Loop+1","floor":36}],"player_experience":57004,"relics_obtained":[{"floor":8.0,"key":"Vajra"},{"floor":9.0,"key":"Orichalcum"},{"floor":10.0,"key":"Torii"},{"floor":13.0,"key":"Calipers"},{"floor":24.0,"key":"Pocketwatch"},{"floor":26.0,"key":"Omamori"},{"floor":29.0,"key":"Blood Vial"}],"event_choices":[{"damage_healed":0.0,"max_hp_gain":0.0,"max_hp_loss":0.0,"gold_gain":0.0,"event_name":"Living Wall","player_choice":"Grow","floor":3.0,"gold_loss":0.0,"damage_taken":0.0,"cards_upgraded":["Zap"]},{"damage_healed":0.0,"max_hp_gain":0.0,"max_hp_loss":0.0,"gold_gain":0.0,"event_name":"Scrap Ooze","player_choice":"Success","floor":7.0,"gold_loss":0.0,"damage_taken":3.0,"relics_obtained":["Gremlin Horn"]},{"cards_removed":["Strike_B"],"damage_healed":0.0,"max_hp_gain":0.0,"max_hp_loss":0.0,"gold_gain":0.0,"event_name":"The Cleric","player_choice":"Card Removal","floor":11.0,"gold_loss":50.0,"damage_taken":0.0},{"damage_healed":0.0,"max_hp_gain":0.0,"max_hp_loss":0.0,"gold_gain":99.0,"event_name":"Nest","player_choice":"Stole From Cult","floor":20.0,"gold_loss":0.0,"damage_taken":0.0},{"damage_healed":0.0,"max_hp_gain":0.0,"max_hp_loss":0.0,"gold_gain":0.0,"cards_transformed":["Strike_B","Strike_B"],"event_name":"Drug Dealer","player_choice":"Became Test Subject","floor":21.0,"gold_loss":0.0,"damage_taken":0.0,"cards_obtained":["Chaos","FTL"]},{"damage_healed":0.0,"max_hp_gain":0.0,"max_hp_loss":25.0,"gold_gain":0.0,"event_name":"Vampires","player_choice":"Became a vampire","floor":27.0,"gold_loss":0.0,"damage_taken":0.0,"cards_obtained":["Bite","Bite","Bite","Bite","Bite"]},{"damage_healed":19.0,"max_hp_gain":0.0,"max_hp_loss":0.0,"gold_gain":0.0,"event_name":"The Library","player_choice":"Heal","floor":31.0,"gold_loss":0.0,"damage_taken":0.0}],"is_beta":true,"boss_relics":[{"not_picked":["Tiny House","Empty Cage"],"picked":"Runic Pyramid"},{"not_picked":["White Beast Statue","Inserter"],"picked":"Cursed Key"}],"items_purged_floors":[],"is_endless":false,"potions_floor_spawned":[1,4,8,18,29],"killed_by":"Sphere and 2 Shapes","ascension_level":2}