{"gold_per_floor":[117,127,143,143,157,190,190,190,190,365,365,22,61,84,84,84],"floor_reached":16,"playtime":809,"items_purged":["Doubt"],"score":134,"play_id":"0e65c870-d72b-4526-9745-91fd575db12f","local_time":"20180818233537","is_ascension_mode":true,"campfire_choices":[{"floor":7,"key":"REST"},{"floor":15,"key":"REST"}],"neow_cost":"NONE","seed_source_timestamp":333708436315457,"circlet_count":0,"master_deck":["Defend_G","Defend_G","Defend_G","Strike_G","Strike_G","Strike_G","Strike_G","Strike_G","Survivor","Neutralize","Dagger Spray+1","Envenom","Riddle With Holes","Poisoned Stab+1","Envenom","Injury","Flying Knee","Dash","Cloak And Dagger"],"relics":["Empty Cage","GremlinMask","Whetstone","Golden Idol","Blood Vial","Centennial Puzzle","Kunai"],"potions_floor_usage":[11,13],"damage_taken":[{"damage":2,"enemies":"Cultist","floor":1,"turns":4},{"damage":2,"enemies":"Jaw Worm","floor":2,"turns":4},{"damage":0,"enemies":"2 Louse","floor":3,"turns":3},{"damage":14,"enemies":"Blue Slaver","floor":5,"turns":5},{"damage":33,"enemies":"Gremlin Nob","floor":6,"turns":5},{"damage":0,"enemies":"Red Slaver","floor":11,"turns":1},{"damage":28,"enemies":"3 Sentries","floor":13,"turns":6},{"damage":15,"enemies":"3 Louse","floor":14,"turns":2},{"damage":32,"enemies":"Slime Boss","floor":16,"turns":7}],"seed_played":"520434114856072566","potions_obtained":[{"floor":3,"key":"EssenceOfSteel"},{"floor":5,"key":"SmokeBomb"},{"floor":14,"key":"FairyPotion"}],"is_trial":false,"path_per_floor":["M","M","M","?","M","E","R","?","T","?","M","$","E","M","R"],"character_chosen":"THE_SILENT","items_purchased":["Centennial Puzzle","Flying Knee","Dash"],"campfire_rested":2,"item_purchase_floors":[12,12,12],"current_hp_per_floor":[68,66,66,66,52,19,40,40,40,40,42,42,16,3,24,7],"gold":84,"neow_bonus":"BOSS_RELIC","is_prod":false,"is_daily":false,"chose_seed":false,"campfire_upgraded":0,"win_rate":0,"timestamp":1534649737,"path_taken":["M","?","M","?","M","E","R","?","T","?","M","?","E","M","R","BOSS"],"build_version":"2018-08-16","purchased_purges":1,"victory":false,"max_hp_per_floor":[70,70,70,70,70,70,70,70,70,70,70,70,70,70,70,70],"card_choices":[{"not_picked":["Bane","Flechettes"],"picked":"Dagger Spray","floor":1},{"not_picked":["Slice","Sucker Punch"],"picked":"Envenom","floor":2},{"not_picked":["Predator","PiercingWail"],"picked":"Riddle With Holes","floor":3},{"not_picked":["Deflect","Blade Dance"],"picked":"Poisoned Stab","floor":5},{"not_picked":["Bane","Noxious Fumes"],"picked":"Envenom","floor":6},{"not_picked":["PiercingWail","Choke"],"picked":"Cloak And Dagger","floor":13},{"not_picked":["Masterful Stab","Acrobatics","Bouncing Flask"],"picked":"SKIP","floor":14}],"player_experience":260009,"relics_obtained":[{"floor":6,"key":"Whetstone"},{"floor":9,"key":"Blood Vial"},{"floor":13,"key":"Kunai"}],"event_choices":[{"event_name":"FaceTrader","player_choice":"Trade","floor":4,"damage_taken":0},{"event_name":"Golden Idol","player_choice":"Take Wound","floor":8,"damage_taken":0},{"event_name":"Liars Game","player_choice":"agreed","floor":10,"damage_taken":0}],"is_beta":false,"boss_relics":[],"items_purged_floors":[12],"is_endless":false,"potions_floor_spawned":[3,5,14],"killed_by":"Slime Boss","ascension_level":4}