{"gold_per_floor":[113,123,123,48,48,48,73,73,73,148,167,183,207,107,107,107],"floor_reached":16,"playtime":700,"items_purged":["Strike_R","Defend_R"],"score":106,"play_id":"b12f6f1d-5a86-40e5-9c2a-63191a1e6937","local_time":"20190825145927","is_ascension_mode":true,"campfire_choices":[{"data":"Defend_R","floor":6,"key":"SMITH"},{"floor":15,"key":"REST"}],"neow_cost":"NONE","seed_source_timestamp":872893543086300,"circlet_count":0,"master_deck":["Strike_R","Strike_R","Strike_R","Defend_R+1","Defend_R","Defend_R","Bash"],"relics":["Burning Blood","NeowsBlessing","Golden Idol","Kunai"],"potions_floor_usage":[13,16],"damage_taken":[{"damage":0,"enemies":"Cultist","floor":1,"turns":1},{"damage":0,"enemies":"2 Louse","floor":2,"turns":1},{"damage":0,"enemies":"Small Slimes","floor":7,"turns":1},{"damage":16,"enemies":"Blue Slaver","floor":11,"turns":5},{"damage":16,"enemies":"3 Louse","floor":12,"turns":6},{"damage":16,"enemies":"Large Slime","floor":13,"turns":12},{"damage":44,"enemies":"The Guardian","floor":16,"turns":15}],"seed_played":"-7711498163266595610","potions_obtained":[{"floor":1,"key":"Block Potion"},{"floor":12,"key":"EssenceOfSteel"}],"is_trial":false,"path_per_floor":["M","M","?","$","?","R","M","?","T","?","M","M","M","$","R","B"],"character_chosen":"IRONCLAD","items_purchased":[],"campfire_rested":1,"item_purchase_floors":[],"current_hp_per_floor":[80,80,60,60,53,53,59,59,59,48,38,28,18,18,42,0],"gold":107,"neow_bonus":"THREE_ENEMY_KILL","is_prod":false,"is_daily":false,"chose_seed":false,"campfire_upgraded":1,"win_rate":0,"timestamp":1566737967,"path_taken":["M","M","?","$","?","R","M","?","T","?","M","M","M","$","R","BOSS"],"build_version":"2019-07-17","purchased_purges":2,"victory":false,"max_hp_per_floor":[80,80,80,80,80,80,80,80,80,80,80,80,80,80,80,80],"card_choices":[{"not_picked":["Combust","Warcry","Clash"],"picked":"SKIP","floor":1},{"not_picked":["Metallicize","Iron Wave","Clothesline"],"picked":"SKIP","floor":2},{"not_picked":["Uppercut","Seeing Red","Spot Weakness"],"picked":"SKIP","floor":7},{"not_picked":["Metallicize","Reckless Charge","Flame Barrier"],"picked":"SKIP","floor":11},{"not_picked":["Fire Breathing","Rampage","Heavy Blade"],"picked":"SKIP","floor":12},{"not_picked":["Heavy Blade","Armaments","Wild Strike"],"picked":"SKIP","floor":13}],"player_experience":195764,"relics_obtained":[],"event_choices":[{"damage_healed":0,"gold_gain":0,"player_choice":"Take Damage","damage_taken":20,"relics_obtained":["Golden Idol"],"max_hp_gain":0,"max_hp_loss":0,"event_name":"Golden Idol","floor":3,"gold_loss":0},{"damage_healed":0,"gold_gain":0,"player_choice":"Success","damage_taken":7,"relics_obtained":["Kunai"],"max_hp_gain":0,"max_hp_loss":0,"event_name":"Scrap Ooze","floor":5,"gold_loss":0},{"cards_removed":["Strike_R"],"damage_healed":0,"gold_gain":0,"player_choice":"Forget","damage_taken":0,"max_hp_gain":0,"max_hp_loss":0,"event_name":"Living Wall","floor":8,"gold_loss":0},{"damage_healed":0,"gold_gain":75,"player_choice":"Gather Gold","damage_taken":11,"max_hp_gain":0,"max_hp_loss":0,"event_name":"World of Goop","floor":10,"gold_loss":0}],"is_beta":false,"boss_relics":[],"items_purged_floors":[4,14],"is_endless":false,"potions_floor_spawned":[1,12],"killed_by":"The Guardian","ascension_level":3}