{"gold_per_floor":[110,127,202,182,198,230,245,210,210,230,230,230,150,162,162,240,240,252,68,68,87,87,87,118,118,118,118,118,151,151],"floor_reached":30,"playtime":1127,"items_purged":[],"score":469,"play_id":"87fb1004-7078-4145-8f20-d0ddd96820a6","local_time":"20190918182900","is_ascension_mode":true,"campfire_choices":[{"data":"Chaos","floor":11.0,"key":"SMITH"},{"data":"Chill","floor":15.0,"key":"SMITH"},{"data":"Creative AI","floor":23.0,"key":"SMITH"},{"data":"Rainbow","floor":25.0,"key":"SMITH"},{"floor":28.0,"key":"REST"}],"neow_cost":"NONE","seed_source_timestamp":0,"circlet_count":0,"master_deck":["AscendersBane","Strike_B","Strike_B","Strike_B","Strike_B","Defend_B","Defend_B","Defend_B","Defend_B","Zap","Dualcast","Barrage","Chaos+1","Redo","Compile Driver","Go for the Eyes","Ball Lightning","Chill+1","Self Repair","Creative AI+1","Compile Driver+1","Melter","Double Energy+1","Turbo+1","Rainbow+1","Stack","Regret","Stack+1"],"special_seed":0,"relics":["Cracked Core","Juzu Bracelet","Regal Pillow","Cursed Key","Lee\u0027s Waffle","Bottled Tornado","Smiling Mask","Kunai"],"potions_floor_usage":[],"damage_taken":[{"damage":0.0,"enemies":"Small Slimes","floor":1.0,"turns":3.0},{"damage":14.0,"enemies":"2 Louse","floor":2.0,"turns":3.0},{"damage":0.0,"enemies":"Cultist","floor":5.0,"turns":3.0},{"damage":20.0,"enemies":"Gremlin Nob","floor":6.0,"turns":3.0},{"damage":3.0,"enemies":"3 Louse","floor":7.0,"turns":3.0},{"damage":0.0,"enemies":"Large Slime","floor":10.0,"turns":5.0},{"damage":0.0,"enemies":"Lagavulin","floor":12.0,"turns":1.0},{"damage":1.0,"enemies":"Exordium Thugs","floor":14.0,"turns":4.0},{"damage":40.0,"enemies":"The Guardian","floor":16.0,"turns":11.0},{"damage":50.0,"enemies":"Shell Parasite","floor":18.0,"turns":8.0},{"damage":1.0,"enemies":"3 Byrds","floor":21.0,"turns":5.0},{"damage":40.0,"enemies":"Gremlin Leader","floor":24.0,"turns":7.0},{"damage":65.0,"enemies":"Book of Stabbing","floor":29.0,"turns":5.0},{"damage":20,"enemies":"Snecko","floor":30,"turns":2}],"seed_played":"-2481294644547409904","potions_obtained":[{"floor":2.0,"key":"Fire Potion"},{"floor":4.0,"key":"SmokeBomb"},{"floor":7.0,"key":"SpeedPotion"},{"floor":16.0,"key":"Energy Potion"},{"floor":21.0,"key":"EntropicBrew"},{"floor":29.0,"key":"FocusPotion"}],"is_trial":false,"path_per_floor":["M","M","?","?","M","E","M","?","T","M","R","E","$","M","R","B",null,"M","$","?","M","?","R","E","R","T","?","R","E","M"],"character_chosen":"DEFECT","items_purchased":["Chill","Lee\u0027s Waffle","Melter"],"campfire_rested":1,"item_purchase_floors":[13,19,19],"current_hp_per_floor":[71,57,46,46,46,26,23,42,42,42,42,42,42,41,41,8,61,25,85,85,85,85,85,52,52,52,52,85,20,0],"gold":151,"neow_bonus":"TEN_PERCENT_HP_BONUS","is_prod":false,"is_daily":false,"chose_seed":false,"campfire_upgraded":4,"win_rate":0,"timestamp":1568845740,"path_taken":["M","M","?","?","M","E","M","?","T","M","R","E","$","M","R","BOSS","M","$","?","M","?","R","E","R","T","?","R","E","M"],"build_version":"2019-09-18","purchased_purges":0,"victory":false,"max_hp_per_floor":[78,78,78,78,78,78,78,78,78,78,78,78,78,78,78,78,78,78,85,85,85,85,85,85,85,85,85,85,85,85],"card_choices":[{"not_picked":["Coolheaded","Heatsinks"],"picked":"Barrage","floor":1.0},{"not_picked":["Steam Power","Reinforced Body"],"picked":"Chaos","floor":2.0},{"not_picked":["Tempest","Beam Cell"],"picked":"Redo","floor":5.0},{"not_picked":["Coolheaded","Tempest"],"picked":"Compile Driver","floor":6.0},{"not_picked":["Hologram","Redo"],"picked":"Go for the Eyes","floor":7.0},{"not_picked":["Storm","Streamline"],"picked":"Ball Lightning","floor":10.0},{"not_picked":["FTL","Redo"],"picked":"Self Repair","floor":14.0},{"not_picked":["Fission","Echo Form"],"picked":"Creative AI","floor":16.0},{"not_picked":["Steam","Gash"],"picked":"Compile Driver+1","floor":18.0},{"not_picked":["BootSequence","Go for the Eyes"],"picked":"Turbo+1","floor":21.0},{"not_picked":["Compile Driver","Lockon"],"picked":"Stack","floor":24.0},{"not_picked":["Ball Lightning","Gash"],"picked":"Stack+1","floor":29.0}],"player_experience":552851,"relics_obtained":[{"floor":6.0,"key":"Juzu Bracelet"},{"floor":9.0,"key":"Regal Pillow"},{"floor":24.0,"key":"Bottled Tornado"},{"floor":26.0,"key":"Smiling Mask"},{"floor":29.0,"key":"Kunai"}],"event_choices":[{"damage_healed":0.0,"max_hp_gain":0.0,"max_hp_loss":0.0,"gold_gain":75.0,"event_name":"World of Goop","player_choice":"Gather Gold","floor":3.0,"gold_loss":0.0,"damage_taken":11.0},{"damage_healed":0.0,"max_hp_gain":0.0,"max_hp_loss":0.0,"gold_gain":0.0,"event_name":"The Woman in Blue","player_choice":"Bought 1 Potion","floor":4.0,"gold_loss":0.0,"damage_taken":0.0},{"damage_healed":19.0,"max_hp_gain":0.0,"max_hp_loss":0.0,"gold_gain":0.0,"event_name":"The Cleric","player_choice":"Healed","floor":8.0,"gold_loss":35.0,"damage_taken":0.0},{"damage_healed":0.0,"max_hp_gain":0.0,"max_hp_loss":0.0,"gold_gain":0.0,"event_name":"The Library","player_choice":"Read","floor":20.0,"gold_loss":0.0,"damage_taken":0.0,"cards_obtained":["Double Energy"]},{"damage_healed":0.0,"max_hp_gain":0.0,"max_hp_loss":0.0,"gold_gain":0.0,"event_name":"Match and Keep!","player_choice":"1 cards matched","floor":22.0,"gold_loss":0.0,"damage_taken":0.0,"cards_obtained":["Rainbow"]},{"damage_healed":0.0,"max_hp_gain":0.0,"max_hp_loss":0.0,"gold_gain":0.0,"event_name":"Accursed Blacksmith","player_choice":"Forge","floor":27.0,"gold_loss":0.0,"damage_taken":0.0,"cards_upgraded":["Double Energy"]}],"is_beta":true,"boss_relics":[{"not_picked":["Coffee Dripper","SlaversCollar"],"picked":"Cursed Key"}],"items_purged_floors":[],"is_endless":false,"potions_floor_spawned":[2,5,7,16,21,29],"killed_by":"Snecko","ascension_level":14}