{"gold_per_floor":[113,125,200,200,215,215,233,249,275,275,306,306,306,316,316,394,394,411,423,439,55,55,75,75,75,102,102,121,121,121,140,140,213,263,277,290,303,150,164,164,264,57,83,83,83,83,93,104,104,104],"floor_reached":51,"playtime":2180,"items_purged":[],"score":1125,"play_id":"359f2e4c-3393-4f77-bd41-da150b632c7f","local_time":"20190919225452","is_ascension_mode":true,"campfire_choices":[{"floor":6,"key":"REST"},{"floor":10,"key":"REST"},{"floor":15,"key":"REST"},{"data":"Defragment","floor":25,"key":"SMITH"},{"floor":32,"key":"REST"},{"floor":40,"key":"REST"},{"data":"Defragment","floor":46,"key":"SMITH"},{"data":"Defragment","floor":49,"key":"SMITH"}],"neow_cost":"NONE","seed_source_timestamp":105932179143296,"circlet_count":0,"master_deck":["AscendersBane","Strike_B","Strike_B","Strike_B","Defend_B","Defend_B","Defend_B+1","Defend_B","Zap","Dualcast","Cold Snap","Capacitor","Static Discharge","Ball Lightning","Defragment+1","Conserve Battery","Leap","Rainbow","Chaos","Conserve Battery","Double Energy","Defragment+1","Defragment+1","Cold Snap","Cold Snap","Loop","Rainbow","Hello World","Rebound+1","Defragment","Self Repair","Defragment+1","White Noise+1","Rainbow","Glacier","Conserve Battery+1"],"relics":["SlaversCollar","Omamori","Blood Vial","Smiling Mask","Velvet Choker","Bird Faced Urn","Orichalcum","InkBottle","Tiny House","DollysMirror","Peace Pipe","DataDisk","Vajra"],"potions_floor_usage":[11,11,16,20,31,44,50,50],"damage_taken":[{"damage":0,"enemies":"2 Louse","floor":1,"turns":3},{"damage":1,"enemies":"Cultist","floor":2,"turns":4},{"damage":16,"enemies":"Small Slimes","floor":5,"turns":4},{"damage":25,"enemies":"Exordium Wildlife","floor":7,"turns":4},{"damage":9,"enemies":"2 Fungi Beasts","floor":8,"turns":4},{"damage":18,"enemies":"3 Sentries","floor":11,"turns":6},{"damage":18,"enemies":"3 Louse","floor":14,"turns":4},{"damage":28,"enemies":"Slime Boss","floor":16,"turns":11},{"damage":5,"enemies":"3 Byrds","floor":18,"turns":4},{"damage":10,"enemies":"Spheric Guardian","floor":19,"turns":5},{"damage":18,"enemies":"Snake Plant","floor":20,"turns":4},{"damage":13,"enemies":"Cultist and Chosen","floor":23,"turns":8},{"damage":16,"enemies":"Centurion and Healer","floor":28,"turns":7},{"damage":9,"enemies":"Snake Plant","floor":31,"turns":3},{"damage":30,"enemies":"Collector","floor":33,"turns":12},{"damage":10,"enemies":"Orb Walker","floor":35,"turns":6},{"damage":0,"enemies":"3 Shapes","floor":36,"turns":8},{"damage":35,"enemies":"Jaw Worm Horde","floor":37,"turns":7},{"damage":52,"enemies":"3 Darklings","floor":39,"turns":7},{"damage":25,"enemies":"Mind Bloom Boss Battle","floor":41,"turns":7},{"damage":0,"enemies":"Transient","floor":44,"turns":1},{"damage":0,"enemies":"Maw","floor":47,"turns":7},{"damage":11,"enemies":"Spire Growth","floor":48,"turns":8},{"damage":42,"enemies":"Time Eater","floor":50,"turns":11}],"seed_played":"-3513473511970879329","potions_obtained":[{"floor":2,"key":"Block Potion"},{"floor":7,"key":"Dexterity Potion"},{"floor":14,"key":"AttackPotion"},{"floor":18,"key":"AttackPotion"},{"floor":28,"key":"Weak Potion"},{"floor":31,"key":"SteroidPotion"},{"floor":34,"key":"SmokeBomb"},{"floor":48,"key":"AttackPotion"}],"is_trial":false,"path_per_floor":["M","M","?","?","M","R","M","M","T","R","E","?","?","M","R","B",null,"M","M","M","$","?","M","$","R","T","?","M","?","$","M","R","B",null,"M","M","M","$","M","R","?","$","T","M","?","R","M","M","R","B",null],"character_chosen":"DEFECT","items_purchased":["Defragment","Bird Faced Urn","DollysMirror","DataDisk","PowerPotion"],"campfire_rested":5,"item_purchase_floors":[21,21,38,42,42],"current_hp_per_floor":[64,63,52,45,29,50,25,16,16,37,19,42,39,23,44,18,58,55,47,31,31,31,30,30,30,30,30,26,49,49,46,67,49,71,72,76,51,51,26,48,50,50,50,52,71,71,76,76,76,61],"gold":104,"neow_bonus":"BOSS_RELIC","is_prod":false,"is_daily":false,"chose_seed":false,"campfire_upgraded":3,"win_rate":0,"timestamp":1568948092,"path_taken":["M","M","?","?","M","R","M","M","T","R","E","?","?","M","R","BOSS","M","M","M","$","?","?","$","R","T","?","M","?","$","M","R","BOSS","M","M","M","$","M","R","?","$","T","M","?","R","?","M","R","BOSS"],"build_version":"2019-09-19","purchased_purges":0,"victory":true,"max_hp_per_floor":[71,71,71,71,71,71,71,71,71,71,71,71,71,71,71,71,71,71,71,71,71,71,71,71,71,71,71,71,71,71,71,71,71,76,76,76,76,76,76,76,76,76,76,76,76,76,76,76,76,76],"card_choices":[{"not_picked":["Melter","Gash"],"picked":"Cold Snap","floor":1},{"not_picked":["Compile Driver","Leap"],"picked":"Capacitor","floor":2},{"not_picked":["Chill","Compile Driver"],"picked":"Static Discharge","floor":5},{"not_picked":["Fission","Leap"],"picked":"Ball Lightning","floor":7},{"not_picked":["Sweeping Beam","Static Discharge"],"picked":"Defragment","floor":8},{"not_picked":["Meteor Strike","Cold Snap"],"picked":"Conserve Battery","floor":11},{"not_picked":["Turbo","Heatsinks"],"picked":"Leap","floor":14},{"not_picked":["Fission","Machine Learning"],"picked":"Rainbow","floor":16},{"not_picked":["Tempest","Reprogram"],"picked":"Chaos","floor":18},{"not_picked":["Streamline","Hologram"],"picked":"Conserve Battery","floor":19},{"not_picked":["Redo","Leap"],"picked":"Double Energy","floor":20},{"not_picked":["Reprogram","Gash"],"picked":"Cold Snap","floor":23},{"not_picked":["Streamline","Blizzard"],"picked":"Cold Snap","floor":28},{"not_picked":["Steam","All For One"],"picked":"Loop","floor":31},{"not_picked":["All For One","Fission"],"picked":"Rainbow","floor":33},{"not_picked":["Rebound","Gash"],"picked":"Hello World","floor":34},{"not_picked":["Aggregate","Blizzard"],"picked":"Rebound+1","floor":35},{"not_picked":["Reinforced Body","Barrage+1"],"picked":"Defragment","floor":36},{"not_picked":["BootSequence","Stack"],"picked":"Self Repair","floor":37},{"not_picked":["Redo+1","Turbo+1"],"picked":"White Noise+1","floor":39},{"not_picked":["Ball Lightning","Go for the Eyes"],"picked":"Rainbow","floor":41},{"not_picked":["Blizzard+1","Fusion"],"picked":"Glacier","floor":47},{"not_picked":["Beam Cell+1","Gash"],"picked":"Conserve Battery+1","floor":48}],"player_experience":588414,"relics_obtained":[{"floor":9,"key":"Omamori"},{"floor":11,"key":"Blood Vial"},{"floor":26,"key":"Orichalcum"},{"floor":41,"key":"Peace Pipe"},{"floor":43,"key":"Vajra"}],"event_choices":[{"damage_healed":0,"gold_gain":75,"player_choice":"Gather Gold","damage_taken":11,"max_hp_gain":0,"max_hp_loss":0,"event_name":"World of Goop","floor":3,"gold_loss":0},{"cards_removed":["Strike_B"],"damage_healed":0,"gold_gain":0,"player_choice":"Card Removal","damage_taken":7,"max_hp_gain":0,"max_hp_loss":0,"event_name":"Golden Wing","floor":4,"gold_loss":0},{"damage_healed":23,"gold_gain":0,"player_choice":"Banana","damage_taken":0,"max_hp_gain":0,"max_hp_loss":0,"event_name":"Big Fish","floor":12,"gold_loss":0},{"damage_healed":0,"gold_gain":0,"player_choice":"Success","damage_taken":3,"relics_obtained":["Smiling Mask"],"max_hp_gain":0,"max_hp_loss":0,"event_name":"Scrap Ooze","floor":13,"gold_loss":0},{"damage_healed":0,"gold_gain":0,"player_choice":"Copied","damage_taken":0,"max_hp_gain":0,"max_hp_loss":0,"event_name":"Duplicator","floor":22,"gold_loss":0,"cards_obtained":["Defragment"]},{"damage_healed":0,"gold_gain":0,"player_choice":"Opened","damage_taken":0,"relics_obtained":["InkBottle"],"max_hp_gain":0,"max_hp_loss":0,"event_name":"The Mausoleum","floor":27,"gold_loss":0},{"damage_healed":23,"gold_gain":0,"player_choice":"Heal","damage_taken":0,"max_hp_gain":0,"max_hp_loss":0,"event_name":"The Library","floor":29,"gold_loss":0},{"damage_healed":0,"gold_gain":0,"player_choice":"Fight","damage_taken":0,"max_hp_gain":0,"max_hp_loss":0,"event_name":"MindBloom","floor":41,"gold_loss":0},{"damage_healed":19,"gold_gain":0,"player_choice":"Writhe","damage_taken":0,"max_hp_gain":0,"max_hp_loss":0,"event_name":"Winding Halls","floor":45,"gold_loss":0,"cards_obtained":["Writhe"]}],"is_beta":true,"boss_relics":[{"not_picked":["SacredBark","Busted Crown"],"picked":"Velvet Choker"},{"not_picked":["Coffee Dripper","Black Star"],"picked":"Tiny House"}],"items_purged_floors":[],"is_endless":false,"potions_floor_spawned":[2,7,14,18,28,31,37,44,48],"ascension_level":14}