{"gold_per_floor":[118,137,154,154,165,193,210,210,210,239,259,275,288,288],"floor_reached":14,"playtime":884,"items_purged":[],"score":111,"play_id":"ff69a19c-b5c0-48d3-8ddd-efaa0a88fb49","local_time":"20190815160753","is_ascension_mode":true,"campfire_choices":[{"floor":8,"key":"REST"}],"neow_cost":"NONE","seed_source_timestamp":12807793943100,"circlet_count":0,"master_deck":["Strike_G","Strike_G","Strike_G","Strike_G","Strike_G","Defend_G","Defend_G","Defend_G","Defend_G","Defend_G","Survivor","Neutralize","Acrobatics","Sucker Punch","Infinite Blades","Dagger Throw","Expertise","Bullet Time","Dodge and Roll","Quick Slash","Cloak And Dagger","Backflip"],"relics":["Ring of the Snake","PreservedInsect","Letter Opener","Matryoshka"],"potions_floor_usage":[10,10,13],"damage_taken":[{"damage":1,"enemies":"Cultist","floor":1,"turns":4},{"damage":9,"enemies":"Jaw Worm","floor":2,"turns":6},{"damage":0,"enemies":"Small Slimes","floor":3,"turns":3},{"damage":10,"enemies":"Exordium Wildlife","floor":5,"turns":6},{"damage":42,"enemies":"Gremlin Nob","floor":6,"turns":6},{"damage":5,"enemies":"2 Fungi Beasts","floor":7,"turns":4},{"damage":30,"enemies":"Lagavulin","floor":10,"turns":6},{"damage":1,"enemies":"3 Louse","floor":11,"turns":3},{"damage":0,"enemies":"Lots of Slimes","floor":12,"turns":3},{"damage":1,"enemies":"Looter","floor":13,"turns":5},{"damage":2,"enemies":"Red Slaver","floor":14,"turns":3}],"seed_played":"-3215033523631299834","potions_obtained":[{"floor":3,"key":"Energy Potion"},{"floor":5,"key":"Dexterity Potion"},{"floor":10,"key":"Ancient Potion"},{"floor":12,"key":"SkillPotion"}],"is_trial":false,"path_per_floor":["M","M","M","T","M","E","M","R","T","E","M","M","M","M"],"character_chosen":"THE_SILENT","items_purchased":[],"campfire_rested":1,"item_purchase_floors":[],"current_hp_per_floor":[76,67,67,67,57,15,10,33,33,3,2,2,1,0],"gold":288,"neow_bonus":"TEN_PERCENT_HP_BONUS","is_prod":false,"is_daily":false,"chose_seed":false,"campfire_upgraded":0,"win_rate":0,"timestamp":1565878073,"path_taken":["M","M","M","?","?","E","M","R","T","E","M","M","M","M"],"build_version":"2019-07-17","purchased_purges":0,"victory":false,"max_hp_per_floor":[77,77,77,77,77,77,77,77,77,77,77,77,77,77],"card_choices":[{"not_picked":["Deflect","Bane"],"picked":"Acrobatics","floor":1},{"not_picked":["PiercingWail","Underhanded Strike"],"picked":"Sucker Punch","floor":2},{"not_picked":["Choke","Outmaneuver"],"picked":"Infinite Blades","floor":3},{"not_picked":["Deadly Poison","PiercingWail"],"picked":"Dagger Throw","floor":5},{"not_picked":["Poisoned Stab","Acrobatics"],"picked":"Expertise","floor":6},{"not_picked":["PiercingWail","Cloak And Dagger"],"picked":"Bullet Time","floor":7},{"not_picked":["Finisher","Wraith Form v2"],"picked":"Dodge and Roll","floor":10},{"not_picked":["Expertise","Dodge and Roll"],"picked":"Quick Slash","floor":11},{"not_picked":["Bouncing Flask","Flechettes"],"picked":"Cloak And Dagger","floor":12},{"not_picked":["Catalyst","Outmaneuver"],"picked":"Backflip","floor":13}],"player_experience":86974,"relics_obtained":[{"floor":6,"key":"PreservedInsect"},{"floor":9,"key":"Letter Opener"},{"floor":10,"key":"Matryoshka"}],"event_choices":[],"is_beta":false,"boss_relics":[],"items_purged_floors":[],"is_endless":false,"potions_floor_spawned":[3,5,10,12],"killed_by":"Red Slaver","ascension_level":1}