{"gold_per_floor":[116,116,116,116,63,63,89,89,166,178,178,190,190,221,221,316,316,333,35,49,0,15,15,43,43,43,43,43,142,142,160,160,258,258,273,273,289,289,289,289],"floor_reached":40,"playtime":1332,"items_purged":["Strike_B"],"score":650,"play_id":"2658f892-e977-4bc8-b18b-4b9211e30fe7","local_time":"20190619023231","is_ascension_mode":true,"campfire_choices":[{"data":"Go for the Eyes","floor":6,"key":"SMITH"},{"data":"Auto Shields","floor":8,"key":"SMITH"},{"data":"Cold Snap","floor":11,"key":"SMITH"},{"data":"Glacier","floor":13,"key":"SMITH"},{"data":"Dualcast","floor":15,"key":"SMITH"},{"data":"Defragment","floor":23,"key":"SMITH"},{"data":"Defragment","floor":25,"key":"SMITH"},{"data":"Core Surge","floor":27,"key":"SMITH"},{"data":"Core Surge","floor":30,"key":"SMITH"},{"data":"Conserve Battery","floor":32,"key":"SMITH"}],"neow_cost":"NONE","seed_source_timestamp":466401448076100,"circlet_count":0,"master_deck":["AscendersBane","Strike_B+1","Strike_B+1","Strike_B+1","Defend_B+1","Defend_B+1","Defend_B+1","Defend_B+1","Zap+1","Dualcast+1","Leap","Go for the Eyes+1","Auto Shields+1","Cold Snap+1","Glacier+1","Hologram","Core Surge+1","Gash+1","Defragment+1","Core Surge+1","Conserve Battery+1","Defragment+1","Ball Lightning+1","Coolheaded","Ball Lightning+1","Hologram+1"],"relics":["FrozenCore","NeowsBlessing","Matryoshka","Oddly Smooth Stone","Dodecahedron","Dead Branch","Sozu","Gambling Chip","Juzu Bracelet","Bottled Tornado"],"potions_floor_usage":[24,24,33],"damage_taken":[{"damage":0,"enemies":"Small Slimes","floor":1,"turns":1},{"damage":0,"enemies":"3 Sentries","floor":7,"turns":1},{"damage":0,"enemies":"2 Louse","floor":10,"turns":1},{"damage":2,"enemies":"Cultist","floor":12,"turns":3},{"damage":17,"enemies":"Gremlin Nob","floor":14,"turns":6},{"damage":14,"enemies":"Hexaghost","floor":16,"turns":16},{"damage":0,"enemies":"Shell Parasite","floor":18,"turns":6},{"damage":4,"enemies":"Spheric Guardian","floor":20,"turns":4},{"damage":5,"enemies":"Centurion and Healer","floor":22,"turns":14},{"damage":17,"enemies":"Book of Stabbing","floor":24,"turns":6},{"damage":0,"enemies":"Shelled Parasite and Fungi","floor":31,"turns":5},{"damage":18,"enemies":"Collector","floor":33,"turns":7},{"damage":6,"enemies":"3 Darklings","floor":35,"turns":6},{"damage":0,"enemies":"3 Shapes","floor":37,"turns":4},{"damage":76,"enemies":"Giant Head","floor":40,"turns":12}],"seed_played":"7438947232109619621","potions_obtained":[{"floor":1,"key":"AttackPotion"},{"floor":12,"key":"Dexterity Potion"},{"floor":14,"key":"Weak Potion"}],"is_trial":false,"path_per_floor":["M","?","?","?","$","R","E","R","T","M","R","M","R","E","R","B",null,"M","$","M","?","M","R","E","R","T","R","?","?","R","M","R","B",null,"M","?","M","?","?","E"],"character_chosen":"DEFECT","items_purchased":["Go for the Eyes","Defragment","Core Surge"],"campfire_rested":0,"item_purchase_floors":[5,19,19],"current_hp_per_floor":[68,68,73,73,73,73,73,73,73,73,73,71,71,54,54,40,70,70,70,66,66,61,61,44,44,44,44,44,44,44,44,44,26,67,61,61,61,61,61,0],"gold":289,"neow_bonus":"THREE_ENEMY_KILL","is_prod":false,"is_daily":false,"chose_seed":false,"campfire_upgraded":10,"win_rate":0,"timestamp":1560907951,"path_taken":["M","?","?","?","$","R","E","R","T","M","R","M","R","E","R","BOSS","M","$","?","?","M","R","E","R","T","R","?","?","R","M","R","BOSS","M","?","M","?","?","E"],"build_version":"2019-01-23","purchased_purges":1,"victory":false,"max_hp_per_floor":[75,75,80,80,80,80,80,80,80,80,80,80,80,80,80,80,80,80,80,80,80,80,80,80,80,80,80,80,80,80,80,80,80,80,80,80,80,80,76,76],"card_choices":[{"not_picked":["Double Energy","Turbo"],"picked":"Leap","floor":1},{"not_picked":["Steam Power","Meteor Strike"],"picked":"Auto Shields","floor":7},{"not_picked":["Compile Driver","Rebound"],"picked":"Cold Snap","floor":10},{"not_picked":["Cold Snap","Reinforced Body"],"picked":"Glacier","floor":12},{"not_picked":["Coolheaded","Rebound"],"picked":"Hologram","floor":14},{"not_picked":["Fission","Reboot"],"picked":"Core Surge","floor":16},{"not_picked":["Steam Power+1","Sweeping Beam"],"picked":"Gash+1","floor":18},{"not_picked":["Rebound","Storm+1"],"picked":"Conserve Battery","floor":20},{"not_picked":["Steam","Coolheaded"],"picked":"Defragment","floor":22},{"not_picked":["FTL+1","Multi-Cast"],"picked":"Ball Lightning+1","floor":24},{"not_picked":["Recycle","Cold Snap"],"picked":"Coolheaded","floor":31},{"not_picked":["Buffer","Multi-Cast"],"picked":"Seek","floor":33},{"not_picked":["Double Energy","Steam+1"],"picked":"Ball Lightning+1","floor":35},{"not_picked":["Self Repair+1","Thunder Strike"],"picked":"Hologram+1","floor":37}],"player_experience":162631,"relics_obtained":[{"floor":7,"key":"Matryoshka"},{"floor":9,"key":"Oddly Smooth Stone"},{"floor":9,"key":"Dodecahedron"},{"floor":14,"key":"Dead Branch"},{"floor":24,"key":"Gambling Chip"},{"floor":26,"key":"Juzu Bracelet"},{"floor":26,"key":"Bottled Tornado"}],"event_choices":[{"damage_healed":0,"gold_gain":0,"player_choice":"Grow","damage_taken":0,"max_hp_gain":0,"max_hp_loss":0,"event_name":"Living Wall","floor":2,"gold_loss":0,"cards_upgraded":["Zap"]},{"damage_healed":0,"gold_gain":0,"player_choice":"Donut","damage_taken":0,"max_hp_gain":5,"max_hp_loss":0,"event_name":"Big Fish","floor":3,"gold_loss":0},{"damage_healed":0,"gold_gain":0,"player_choice":"0 cards matched","damage_taken":0,"max_hp_gain":0,"max_hp_loss":0,"event_name":"Match and Keep!","floor":4,"gold_loss":0,"cards_obtained":[]},{"damage_healed":0,"gold_gain":0,"player_choice":"Paid Fearfully","damage_taken":0,"max_hp_gain":0,"max_hp_loss":0,"event_name":"Masked Bandits","floor":21,"gold_loss":49},{"damage_healed":0,"gold_gain":0,"player_choice":"Simplicity","damage_taken":0,"max_hp_gain":0,"max_hp_loss":0,"event_name":"Back to Basics","floor":28,"gold_loss":0,"cards_upgraded":["Strike_B","Strike_B","Strike_B","Defend_B","Defend_B","Defend_B","Defend_B"]},{"damage_healed":0,"gold_gain":99,"player_choice":"Stole From Cult","damage_taken":0,"max_hp_gain":0,"max_hp_loss":0,"event_name":"Nest","floor":29,"gold_loss":0},{"damage_healed":0,"gold_gain":0,"player_choice":"Bought 0 Potions","damage_taken":0,"max_hp_gain":0,"max_hp_loss":0,"event_name":"The Woman in Blue","floor":36,"gold_loss":0},{"cards_removed":["Seek"],"damage_healed":0,"gold_gain":0,"player_choice":"Removed Skill","damage_taken":0,"max_hp_gain":0,"max_hp_loss":0,"event_name":"Falling","floor":38,"gold_loss":0},{"damage_healed":0,"gold_gain":0,"player_choice":"Max HP","damage_taken":0,"max_hp_gain":0,"max_hp_loss":4,"event_name":"Winding Halls","floor":39,"gold_loss":0}],"is_beta":false,"boss_relics":[{"not_picked":["Runic Pyramid","Nuclear Battery"],"picked":"Sozu"},{"not_picked":["Cursed Key","Astrolabe"],"picked":"FrozenCore"}],"items_purged_floors":[19],"is_endless":false,"potions_floor_spawned":[1,12,14,18,24,31,33,37],"killed_by":"Giant Head","ascension_level":10}