{"gold_per_floor":[115,133,146,166,182,208,208,208,232,232,232],"floor_reached":11,"playtime":774,"items_purged":[],"score":79,"play_id":"beac42c5-cd16-4df8-a0a6-3aa9471b5ce5","local_time":"20190814153240","is_ascension_mode":true,"campfire_choices":[{"floor":7,"key":"RECALL"},{"data":"Neutralize","floor":10,"key":"SMITH"}],"neow_cost":"NONE","seed_source_timestamp":429147190361300,"circlet_count":0,"master_deck":["Strike_G","Strike_G","Strike_G","Strike_G","Strike_G","Defend_G","Defend_G","Defend_G","Defend_G","Defend_G","Survivor","Neutralize+1","Sucker Punch","Poisoned Stab","Deadly Poison","Bane","Quick Slash","Blur","Injury"],"relics":["Ring of the Snake","Pantograph","Golden Idol"],"potions_floor_usage":[],"damage_taken":[{"damage":0,"enemies":"2 Louse","floor":1,"turns":3},{"damage":0,"enemies":"Jaw Worm","floor":2,"turns":4},{"damage":1,"enemies":"Cultist","floor":3,"turns":4},{"damage":0,"enemies":"3 Louse","floor":4,"turns":5},{"damage":2,"enemies":"Looter","floor":5,"turns":3},{"damage":26,"enemies":"Gremlin Nob","floor":6,"turns":5},{"damage":53,"enemies":"3 Sentries","floor":11,"turns":8}],"seed_played":"690158825677741729","potions_obtained":[{"floor":3,"key":"LiquidBronze"},{"floor":5,"key":"Energy Potion"}],"is_trial":false,"path_per_floor":["M","M","M","M","M","E","R","?","T","R","E"],"character_chosen":"THE_SILENT","items_purchased":[],"campfire_rested":0,"item_purchase_floors":[],"current_hp_per_floor":[77,77,76,76,74,48,48,48,48,48,0],"gold":232,"neow_bonus":"TEN_PERCENT_HP_BONUS","is_prod":false,"is_daily":false,"chose_seed":false,"campfire_upgraded":1,"win_rate":0,"timestamp":1565789560,"path_taken":["M","M","M","M","M","E","R","?","T","R","E"],"build_version":"2019-07-17","purchased_purges":0,"victory":false,"max_hp_per_floor":[77,77,77,77,77,77,77,77,77,77,77],"card_choices":[{"not_picked":["Catalyst","Dagger Spray"],"picked":"Sucker Punch","floor":1},{"not_picked":["Escape Plan","Sucker Punch"],"picked":"Poisoned Stab","floor":2},{"not_picked":["Eviscerate","Acrobatics"],"picked":"Deadly Poison","floor":3},{"not_picked":["Poisoned Stab","Predator"],"picked":"Bane","floor":4},{"not_picked":["Flying Knee","PiercingWail"],"picked":"Quick Slash","floor":5},{"not_picked":["Bane","Deflect"],"picked":"Blur","floor":6}],"player_experience":71583,"relics_obtained":[{"floor":6,"key":"Pantograph"}],"event_choices":[{"damage_healed":0,"gold_gain":0,"player_choice":"Take Wound","damage_taken":0,"relics_obtained":["Golden Idol"],"max_hp_gain":0,"max_hp_loss":0,"event_name":"Golden Idol","floor":8,"gold_loss":0,"cards_obtained":["Injury"]}],"is_beta":false,"boss_relics":[],"items_purged_floors":[],"is_endless":false,"potions_floor_spawned":[3,5],"killed_by":"3 Sentries","ascension_level":1}