{"path_per_floor":["M","?","M","T","M","E","M","$","T","M","?","R","E","M","R","B",null,"M","T","M","T","?","R","T","$","T","E","M","E","M","M","R","B",null,"M","M","?","?","$","E","M","R","T","R","?","E","?","$","R","B"],"character_chosen":"THE_SILENT","items_purchased":["Predator","Acrobatics","Skewer","Transmutation","Ginger","Vajra","Pen Nib","Bronze Scales","Underhanded Strike","Panacea"],"gold_per_floor":[113,113,126,207,218,274,287,165,165,184,184,184,228,251,251,379,379,394,394,409,436,436,436,463,178,178,218,234,278,299,318,318,441,441,462,483,483,816,319,347,357,357,384,384,434,461,461,36,36,36],"floor_reached":51,"campfire_rested":4,"playtime":4219,"current_hp_per_floor":[64,57,49,49,42,30,20,20,20,17,23,45,32,16,38,37,76,76,86,78,78,62,62,62,62,62,60,60,31,31,31,71,32,104,104,76,76,76,76,62,56,102,102,102,84,82,110,110,110,62],"items_purged":["Defend_G"],"gold":36,"score":829,"play_id":"83f95542-d3da-4b2f-8b23-e874839f4ad2","is_prod":false,"is_daily":false,"is_ascension_mode":false,"campfire_upgraded":3,"path_taken":["M","?","M","?","M","E","M","$","T","M","?","R","E","M","R","BOSS","M","?","M","?","?","R","?","$","T","E","M","E","?","M","R","BOSS","M","M","?","?","$","E","M","R","T","R","?","E","?","$","R","BOSS"],"build_version":"2018-02-22-PROD2","purchased_purges":1,"victory":true,"master_deck":["Defend_G","Defend_G","Defend_G","Defend_G","Strike_G","Strike_G","Strike_G","Strike_G","Survivor","Neutralize","Quick Slash","Terror","Tools of the Trade","Underhanded Strike","Choke","Predator","Acrobatics+1","Skewer+1","Injury","Outmaneuver","Doppelganger+1","Leg Sweep","Malaise+1","Skewer","Transmutation+1","Riddle With Holes","Underhanded Strike+1","Phantasmal Killer+1","Leg Sweep+1","Reflex+1","Tools of the Trade","Writhe","Decay","Decay","Eviscerate+1","Underhanded Strike+1","Riddle With Holes+1","Skewer+1","Bouncing Flask+1","Writhe","Underhanded Strike","Panacea+1"],"max_hp_per_floor":[70,70,70,70,70,70,70,70,70,70,76,76,76,76,76,76,76,76,86,86,86,86,86,86,86,86,86,86,86,86,86,86,86,104,104,104,104,104,104,104,104,104,104,104,104,104,110,110,110,110],"relics":["Snecko Eye","Darkstone Periapt","Tiny Chest","Ice Cream","Lantern","Sozu","Pear","Orichalcum","Nilry\u0027s Codex","Anchor","Toxic Egg 2","Regal Pillow","Oddly Smooth Stone","Calling Bell","Snake Skull","Smiling Mask","Juzu Bracelet","Ginger","Vajra","Bag of Preparation","War Paint","Bird Faced Urn","Happy Flower","Pen Nib","Bronze Scales"],"card_choices":[{"not_picked":["Deadly Poison","Dodge and Roll"],"picked":"Quick Slash"},{"not_picked":["Deadly Poison","All Out Attack"],"picked":"Terror"},{"not_picked":["Prepared","Backflip"],"picked":"Tools of the Trade"},{"not_picked":["Deflect","Dagger Spray"],"picked":"Underhanded Strike"},{"not_picked":["Terror","Outmaneuver"],"picked":"Choke"},{"not_picked":["Predator","Dagger Throw"],"picked":"Skewer"},{"not_picked":["Escape Plan","Dodge and Roll"],"picked":"Outmaneuver"},{"not_picked":["Burst","Corpse Explosion"],"picked":"Doppelganger"},{"not_picked":["Deadly Poison","Choke"],"picked":"Leg Sweep"},{"not_picked":["PiercingWail","Flying Knee"],"picked":"Malaise"},{"not_picked":["Dash","Caltrops"],"picked":"Riddle With Holes"},{"not_picked":["PiercingWail","Backflip"],"picked":"Underhanded Strike"},{"not_picked":["Bane","Deflect"],"picked":"Phantasmal Killer"},{"not_picked":["Infinite Blades","Quick Slash"],"picked":"Leg Sweep"},{"not_picked":["Leg Sweep","Outmaneuver"],"picked":"Reflex"},{"not_picked":["Tactician","Adrenaline"],"picked":"Tools of the Trade"},{"not_picked":["Flying Knee","Well Laid Plans"],"picked":"Eviscerate"},{"not_picked":["Deadly Poison","Backflip"],"picked":"Underhanded Strike"},{"not_picked":["Dagger Spray","Deadly Poison"],"picked":"Riddle With Holes"},{"not_picked":["PiercingWail","Slice"],"picked":"Skewer"},{"not_picked":["PiercingWail","Burst"],"picked":"Bouncing Flask"}],"player_experience":16200,"potions_floor_usage":[6,14],"damage_taken":[{"damage":6,"enemies":"2 Louse","floor":1,"turns":2},{"damage":8,"enemies":"Jaw Worm","floor":3,"turns":4},{"damage":7,"enemies":"Small Slimes","floor":5,"turns":5},{"damage":12,"enemies":"3 Sentries","floor":6,"turns":13},{"damage":10,"enemies":"2 Fungi Beasts","floor":7,"turns":4},{"damage":3,"enemies":"Lots of Slimes","floor":10,"turns":4},{"damage":13,"enemies":"Lagavulin","floor":13,"turns":5},{"damage":16,"enemies":"Exordium Thugs","floor":14,"turns":5},{"damage":1,"enemies":"Slime Boss","floor":16,"turns":3},{"damage":0,"enemies":"Chosen","floor":18,"turns":3},{"damage":8,"enemies":"3 Byrds","floor":20,"turns":4},{"damage":2,"enemies":"Book of Stabbing","floor":27,"turns":6},{"damage":0,"enemies":"Snake Plant","floor":28,"turns":6},{"damage":29,"enemies":"Gremlin Leader","floor":29,"turns":7},{"damage":0,"enemies":"Snecko","floor":30,"turns":4},{"damage":0,"enemies":"3 Cultists","floor":31,"turns":4},{"damage":39,"enemies":"Automaton","floor":33,"turns":9},{"damage":0,"enemies":"Orb Walker","floor":35,"turns":3},{"damage":28,"enemies":"3 Shapes","floor":36,"turns":5},{"damage":14,"enemies":"Giant Head","floor":40,"turns":5},{"damage":6,"enemies":"Sphere and 2 Shapes","floor":41,"turns":3},{"damage":18,"enemies":"Mysterious Sphere","floor":45,"turns":6},{"damage":2,"enemies":"2 Orb Walkers","floor":46,"turns":4},{"damage":48,"enemies":"Time Eater","floor":50,"turns":10}],"event_choices":[{"event_name":"Golden Wing","player_choice":"Card Removal","floor":2,"damage_taken":0},{"event_name":"Golden Idol","player_choice":"Take Wound","floor":11,"damage_taken":0},{"event_name":"Cursed Tome","player_choice":"Obtained Book","floor":22,"damage_taken":0},{"event_name":"Tomb of Lord Red Mask","player_choice":"Ignored","floor":37,"damage_taken":0},{"event_name":"The Moai Head","player_choice":"Gave Idol","floor":38,"damage_taken":0},{"event_name":"Mysterious Sphere","player_choice":"Fight","floor":45,"damage_taken":0},{"event_name":"Winding Halls","player_choice":"Writhe","floor":47,"damage_taken":0}],"boss_relics":[{"not_picked":["Question Card","Orrery"],"picked":"Sozu"},{"not_picked":["Eternal Feather","White Beast Statue"],"picked":"Calling Bell"}],"potions_floor_spawned":[3,7,13,14,20,30,41,45],"seed_played":"-1982935259684534170","ascension_level":0,"is_trial":false}