{"gold_per_floor":[113,113,129,129,145,145,180,180,180,33,47,64,64,41,41,112,112,37,0,0,0],"floor_reached":21,"playtime":626,"items_purged":[],"score":313,"play_id":"83a541bb-5431-4f23-9b5e-e26be4f5a519","local_time":"20190924205630","is_ascension_mode":true,"campfire_choices":[{"data":"Zap","floor":6,"key":"SMITH"},{"floor":8,"key":"REST"},{"data":"Glacier","floor":13,"key":"SMITH"},{"floor":15,"key":"REST"}],"neow_cost":"NONE","seed_source_timestamp":381072099669800,"circlet_count":0,"master_deck":["AscendersBane","Strike_B","Strike_B","Strike_B","Strike_B","Defend_B","Defend_B","Defend_B","Defend_B","Zap+1","Dualcast","Glacier+1","Pain","Gash","Compile Driver","White Noise","Gash","Echo Form","Loop"],"relics":["Cracked Core","Bronze Scales","WarpedTongs","Kunai","Singing Bowl","DataDisk","Ectoplasm"],"potions_floor_usage":[21],"damage_taken":[{"damage":4,"enemies":"Jaw Worm","floor":1,"turns":3},{"damage":0,"enemies":"Cultist","floor":3,"turns":4},{"damage":12,"enemies":"Small Slimes","floor":5,"turns":3},{"damage":18,"enemies":"Lagavulin","floor":7,"turns":8},{"damage":2,"enemies":"Red Slaver","floor":11,"turns":4},{"damage":4,"enemies":"2 Fungi Beasts","floor":12,"turns":3},{"damage":42,"enemies":"The Guardian","floor":16,"turns":11},{"damage":30,"enemies":"2 Thieves","floor":18,"turns":5},{"damage":25,"enemies":"Chosen","floor":20,"turns":6},{"damage":18,"enemies":"Centurion and Healer","floor":21,"turns":4}],"seed_played":"865028122107597525","potions_obtained":[{"floor":3,"key":"FearPotion"},{"floor":5,"key":"FocusPotion"}],"is_trial":false,"path_per_floor":["M","?","M","?","M","R","E","R","T","$","M","M","R","$","R","B",null,"M","$","M","M"],"character_chosen":"DEFECT","items_purchased":["DataDisk","Gash","Loop"],"campfire_rested":2,"item_purchase_floors":[10,14,19],"current_hp_per_floor":[60,65,65,65,53,53,35,57,57,57,55,53,53,53,76,34,67,39,39,16,0],"gold":0,"neow_bonus":"RANDOM_COMMON_RELIC","is_prod":false,"is_daily":false,"chose_seed":false,"campfire_upgraded":2,"win_rate":0,"timestamp":1569354990,"path_taken":["M","?","M","?","?","R","E","R","T","$","M","M","R","$","R","BOSS","M","$","M","M"],"build_version":"2019-07-17","purchased_purges":0,"victory":false,"max_hp_per_floor":[71,76,76,76,76,76,76,76,76,76,76,78,78,78,78,78,78,80,80,82,82],"card_choices":[{"not_picked":["Compile Driver","Consume"],"picked":"Glacier","floor":1},{"not_picked":["Double Energy","Recycle","Barrage"],"picked":"SKIP","floor":3},{"not_picked":["Coolheaded","Skim"],"picked":"Gash","floor":5},{"not_picked":["Coolheaded","Steam"],"picked":"Compile Driver","floor":7},{"not_picked":["Stack","Sweeping Beam"],"picked":"White Noise","floor":11},{"not_picked":["Barrage","Ball Lightning","Cold Snap"],"picked":"Singing Bowl","floor":12},{"not_picked":["Electrodynamics","Machine Learning"],"picked":"Echo Form","floor":16},{"not_picked":["Streamline","Heatsinks","Doom and Gloom"],"picked":"Singing Bowl","floor":18},{"not_picked":["Stack","Ball Lightning","Heatsinks"],"picked":"Singing Bowl","floor":20}],"player_experience":250470,"relics_obtained":[{"floor":7,"key":"Kunai"},{"floor":9,"key":"Singing Bowl"}],"event_choices":[{"damage_healed":0,"gold_gain":0,"player_choice":"Donut","damage_taken":0,"max_hp_gain":5,"max_hp_loss":0,"event_name":"Big Fish","floor":2,"gold_loss":0},{"damage_healed":0,"gold_gain":0,"player_choice":"Rummage","damage_taken":0,"relics_obtained":["WarpedTongs"],"max_hp_gain":0,"max_hp_loss":0,"event_name":"Accursed Blacksmith","floor":4,"gold_loss":0,"cards_obtained":["Pain"]}],"is_beta":false,"boss_relics":[{"not_picked":["Coffee Dripper","Philosopher\u0027s Stone"],"picked":"Ectoplasm"}],"items_purged_floors":[],"is_endless":false,"potions_floor_spawned":[3,5,11,18,20],"killed_by":"Centurion and Healer","ascension_level":15}