{"gold_per_floor":[109,109,109,121,140,140,140,65,91,91,124,143,169,183,183,183],"floor_reached":16,"playtime":875,"items_purged":["Pain"],"score":198,"play_id":"ecfe2386-964e-4e6b-afe3-3d8a52f05341","local_time":"20190921142503","is_ascension_mode":true,"campfire_choices":[{"data":"Chaos","floor":6.0,"key":"SMITH"},{"data":"Dualcast","floor":10.0,"key":"SMITH"},{"data":"Static Discharge","floor":15,"key":"SMITH"}],"neow_cost":"NONE","seed_source_timestamp":0,"circlet_count":0,"master_deck":["AscendersBane","Strike_B","Strike_B","Strike_B","Strike_B","Defend_B","Defend_B","Defend_B","Defend_B","Zap+1","Dualcast+1","Leap","Beam Cell","Chaos+1","Electrodynamics","Cold Snap","Genetic Algorithm","BootSequence","Static Discharge+1"],"special_seed":0,"relics":["Inserter","WarpedTongs","Art of War","Thread and Needle","Matryoshka"],"potions_floor_usage":[],"damage_taken":[{"damage":8.0,"enemies":"Jaw Worm","floor":1.0,"turns":4.0},{"damage":1.0,"enemies":"Cultist","floor":4.0,"turns":4.0},{"damage":6.0,"enemies":"2 Louse","floor":5.0,"turns":3.0},{"damage":13.0,"enemies":"3 Sentries","floor":11.0,"turns":4.0},{"damage":0.0,"enemies":"Lots of Slimes","floor":12.0,"turns":4.0},{"damage":6.0,"enemies":"Gremlin Nob","floor":13.0,"turns":3.0},{"damage":0.0,"enemies":"3 Louse","floor":14.0,"turns":5.0},{"damage":35,"enemies":"The Guardian","floor":16,"turns":5}],"seed_played":"-3214352492912054576","potions_obtained":[{"floor":5.0,"key":"Weak Potion"}],"is_trial":false,"path_per_floor":["M","?","?","M","M","R","?","$","T","R","E","M","E","M","R","B"],"character_chosen":"DEFECT","items_purchased":[],"campfire_rested":0,"item_purchase_floors":[],"current_hp_per_floor":[56,56,56,55,49,49,49,49,49,49,36,36,30,30,30,0],"gold":183,"neow_bonus":"BOSS_RELIC","is_prod":false,"is_daily":false,"chose_seed":false,"campfire_upgraded":3,"win_rate":0,"timestamp":1569090303,"path_taken":["M","?","?","?","M","R","?","$","T","R","E","M","E","?","R","BOSS"],"build_version":"2019-09-20","purchased_purges":1,"victory":false,"max_hp_per_floor":[71,71,71,71,71,71,71,71,71,71,71,71,71,71,71,71],"card_choices":[{"not_picked":["Go for the Eyes","Stack"],"picked":"Leap","floor":1.0},{"not_picked":["Fusion","Turbo"],"picked":"Beam Cell","floor":4.0},{"not_picked":["Rebound","Chill"],"picked":"Chaos","floor":5.0},{"not_picked":["Chill","Recycle"],"picked":"Cold Snap","floor":11.0},{"not_picked":["Beam Cell","Force Field"],"picked":"Genetic Algorithm","floor":12.0},{"not_picked":["Barrage","Reboot"],"picked":"BootSequence","floor":13.0},{"not_picked":["Ball Lightning","Go for the Eyes"],"picked":"Static Discharge","floor":14.0}],"player_experience":624419,"relics_obtained":[{"floor":9.0,"key":"Art of War"},{"floor":11.0,"key":"Thread and Needle"},{"floor":13.0,"key":"Matryoshka"}],"event_choices":[{"damage_healed":0.0,"max_hp_gain":0.0,"max_hp_loss":0.0,"gold_gain":0.0,"event_name":"Living Wall","player_choice":"Grow","floor":2.0,"gold_loss":0.0,"damage_taken":0.0,"cards_upgraded":["Zap"]},{"damage_healed":0.0,"max_hp_gain":0.0,"max_hp_loss":0.0,"gold_gain":0.0,"event_name":"Accursed Blacksmith","player_choice":"Rummage","floor":3.0,"gold_loss":0.0,"damage_taken":0.0,"relics_obtained":["WarpedTongs"],"cards_obtained":["Pain"]},{"damage_healed":0.0,"max_hp_gain":0.0,"max_hp_loss":0.0,"gold_gain":0.0,"event_name":"Match and Keep!","player_choice":"1 cards matched","floor":7.0,"gold_loss":0.0,"damage_taken":0.0,"cards_obtained":["Electrodynamics"]}],"is_beta":true,"boss_relics":[],"items_purged_floors":[8],"is_endless":false,"potions_floor_spawned":[5],"killed_by":"The Guardian","ascension_level":16}