{"gold_per_floor":[11,23,34,134,149,183,210,222,234,246],"floor_reached":10,"playtime":291,"items_purged":[],"score":91,"play_id":"f1217dbb-331f-488a-9354-b89c00468f76","local_time":"20190602003732","is_ascension_mode":true,"campfire_choices":[],"neow_cost":"NO_GOLD","seed_source_timestamp":992099651447100,"circlet_count":0,"master_deck":["Strike_B","Strike_B","Strike_B","Strike_B","Defend_B","Defend_B","Defend_B","Defend_B","Zap","Dualcast","Echo Form","Turbo","Tempest","Sweeping Beam","White Noise"],"relics":["Cracked Core","MawBank","Gambling Chip"],"potions_floor_usage":[10,10],"damage_taken":[{"damage":2,"enemies":"Jaw Worm","floor":1,"turns":3},{"damage":6,"enemies":"Cultist","floor":2,"turns":4},{"damage":0,"enemies":"Small Slimes","floor":3,"turns":3},{"damage":22,"enemies":"Exordium Wildlife","floor":5,"turns":3},{"damage":30,"enemies":"3 Sentries","floor":6,"turns":7},{"damage":0,"enemies":"3 Louse","floor":7,"turns":1},{"damage":10,"enemies":"Lagavulin","floor":10,"turns":3}],"seed_played":"3996542418843578339","potions_obtained":[{"floor":5,"key":"Weak Potion"},{"floor":6,"key":"FocusPotion"}],"is_trial":false,"path_per_floor":["M","M","M","?","M","E","M","?","T","E"],"character_chosen":"DEFECT","items_purchased":[],"campfire_rested":0,"item_purchase_floors":[],"current_hp_per_floor":[66,60,60,60,38,8,8,8,8,0],"gold":246,"neow_bonus":"THREE_RARE_CARDS","is_prod":false,"is_daily":false,"chose_seed":false,"campfire_upgraded":0,"win_rate":0,"timestamp":1559432252,"path_taken":["M","M","M","?","?","E","M","?","T","E"],"build_version":"2019-01-23","purchased_purges":0,"victory":false,"max_hp_per_floor":[75,75,75,75,75,75,75,75,75,75],"card_choices":[{"not_picked":["Creative AI","Fission"],"picked":"Echo Form","floor":0},{"not_picked":["Beam Cell","Scrape"],"picked":"Turbo","floor":1},{"not_picked":["Go for the Eyes","Rip and Tear","Steam"],"picked":"SKIP","floor":2},{"not_picked":["Sweeping Beam","Melter"],"picked":"Tempest","floor":3},{"not_picked":["Stack","Streamline"],"picked":"Sweeping Beam","floor":5},{"not_picked":["All For One","Barrage"],"picked":"White Noise","floor":6},{"not_picked":["Stack","Gash","Go for the Eyes"],"picked":"SKIP","floor":7}],"player_experience":124531,"relics_obtained":[{"floor":6,"key":"MawBank"},{"floor":9,"key":"Gambling Chip"}],"event_choices":[{"damage_healed":0,"gold_gain":100,"player_choice":"Pray","damage_taken":0,"max_hp_gain":0,"max_hp_loss":0,"event_name":"Golden Shrine","floor":4,"gold_loss":0},{"damage_healed":0,"gold_gain":0,"player_choice":"Fled","damage_taken":0,"max_hp_gain":0,"max_hp_loss":0,"event_name":"Scrap Ooze","floor":8,"gold_loss":0}],"is_beta":false,"boss_relics":[],"items_purged_floors":[],"is_endless":false,"potions_floor_spawned":[5,6],"killed_by":"Lagavulin","ascension_level":6}