{"path_per_floor":["M","M","M","$","?","R","M","E","T","M","M","R","?","E","R","B",null,"M","M","M","?","?","E","M","R","T","?","$","R","M","?","R","B",null,"M","?","$","?","M","R","?","M","T","R","M","R","?","M","R","B"],"character_chosen":"THE_SILENT","items_purchased":["Accuracy","Omamori","Footwork","Footwork","Terror"],"gold_per_floor":[111,130,145,30,30,30,47,79,79,99,114,114,139,168,168,263,263,279,292,302,302,302,333,348,348,348,348,10,10,26,26,26,122,122,132,132,25,74,90,90,90,107,186,186,196,196,296,312,312,312],"floor_reached":51,"campfire_rested":3,"playtime":4463,"current_hp_per_floor":[70,63,59,59,59,63,60,44,44,44,34,40,39,21,50,25,70,52,51,49,49,49,42,30,40,40,40,40,50,50,50,60,18,70,70,70,70,35,27,62,52,9,9,46,43,59,59,59,70,38],"items_purged":["Defend_G","Injury"],"gold":312,"score":742,"play_id":"cdb1ffde-2fb8-4b8c-9fb7-004fe343355b","local_time":"20180429191506","is_prod":false,"is_daily":false,"chose_seed":false,"is_ascension_mode":true,"campfire_upgraded":7,"timestamp":1524996906,"path_taken":["M","M","M","$","?","R","M","E","T","M","M","R","?","E","R","BOSS","M","M","M","?","?","E","M","R","T","?","?","R","?","?","R","BOSS","M","?","$","?","M","R","?","M","T","R","M","R","?","M","R","BOSS"],"build_version":"2018-04-28v2","seed_source_timestamp":1449334172355489,"purchased_purges":2,"victory":true,"master_deck":["Defend_G+1","Defend_G+1","Defend_G+1","Defend_G+1","Strike_G+1","Strike_G+1","Strike_G+1","Strike_G+1","Neutralize","Cloak And Dagger","Cloak And Dagger+1","Poisoned Stab","Accuracy+1","Tools of the Trade+1","Terror","Leg Sweep+1","Sucker Punch+1","Bouncing Flask+1","Deflect+1","Night Terror+1","Deadly Poison+1","Crippling Poison+1","Malaise+1","Footwork+1","Dash+1","Corpse Explosion+1","Footwork+1","Dagger Throw+1","After Image","Well Laid Plans+1","Calculated Gamble+1","Outmaneuver+1","Backflip+1","Outmaneuver+1","Blur+1","Footwork+1","Terror+1","Cloak And Dagger+1","Acrobatics+1","Good Instincts+1","Outmaneuver+1","Leg Sweep+1","Catalyst+1"],"max_hp_per_floor":[70,70,70,70,70,70,70,70,70,70,70,70,70,70,70,70,70,70,70,70,70,70,70,70,70,70,70,70,70,70,70,70,70,70,70,70,70,70,70,70,70,70,70,70,70,70,70,70,70,70],"relics":["Eternal Feather","Molten Egg 2","Toxic Egg 2","Odd Mushroom","Happy Flower","Cursed Key","Question Card","Ninja Scroll","Omamori","Orrery","Dead Branch","Letter Opener"],"card_choices":[{"not_picked":["Acrobatics","Well Laid Plans"],"picked":"Cloak And Dagger","floor":1},{"not_picked":["Deadly Poison","Dash"],"picked":"Cloak And Dagger","floor":2},{"not_picked":["Deadly Poison","Blur"],"picked":"Poisoned Stab","floor":3},{"not_picked":["Deadly Poison","Deflect"],"picked":"Tools of the Trade","floor":7},{"not_picked":["Concentrate","Dodge and Roll"],"picked":"Terror","floor":8},{"not_picked":["Backflip","Deflect"],"picked":"Leg Sweep","floor":10},{"not_picked":["Catalyst","Caltrops"],"picked":"Sucker Punch","floor":11},{"not_picked":["Caltrops","Bane"],"picked":"Bouncing Flask","floor":13},{"not_picked":["Reflex","Dagger Spray"],"picked":"Deflect","floor":14},{"not_picked":["A Thousand Cuts","Doppelganger"],"picked":"Night Terror","floor":16},{"not_picked":["Concentrate","Bane"],"picked":"Deadly Poison","floor":18},{"not_picked":["Quick Slash","Dagger Throw"],"picked":"Crippling Poison","floor":19},{"not_picked":["Dagger Throw","Slice"],"picked":"Malaise","floor":20},{"not_picked":["Dodge and Roll","Backflip"],"picked":"Dash","floor":23},{"not_picked":["Acrobatics","PiercingWail","Underhanded Strike"],"picked":"Corpse Explosion","floor":24},{"not_picked":["Heel Hook","PiercingWail","Poisoned Stab"],"picked":"Dagger Throw","floor":30},{"not_picked":["Die Die Die","Phantasmal Killer","Wraith Form v2"],"picked":"After Image","floor":33},{"not_picked":["Heel Hook","Dagger Throw","Underhanded Strike"],"picked":"Well Laid Plans","floor":34},{"not_picked":["Terror","Dash","Prepared"],"picked":"Calculated Gamble","floor":34},{"not_picked":["Cloak And Dagger","Dodge and Roll","Predator"],"picked":"Outmaneuver","floor":34},{"not_picked":["Finisher","Dagger Spray","Bane"],"picked":"Backflip","floor":34},{"not_picked":["Bane","Deadly Poison","Dash"],"picked":"Outmaneuver","floor":34},{"not_picked":["Predator","PiercingWail","Finisher"],"picked":"Blur","floor":35},{"not_picked":["After Image","Dodge and Roll","Quick Slash"],"picked":"Cloak And Dagger","floor":38},{"not_picked":["PiercingWail","Flying Knee","Dagger Spray"],"picked":"Acrobatics","floor":39},{"not_picked":["Panacea","Master of Strategy","Blind"],"picked":"Good Instincts","floor":41},{"not_picked":["Reflex","Finisher","Terror"],"picked":"Outmaneuver","floor":42},{"not_picked":["Outmaneuver","PiercingWail","Prepared"],"picked":"Leg Sweep","floor":45},{"not_picked":["Underhanded Strike","Sucker Punch","Choke"],"picked":"Catalyst","floor":48}],"player_experience":168141,"potions_floor_usage":[13,16,23,33,33,42,50,50,50],"damage_taken":[{"damage":0,"enemies":"Jaw Worm","floor":1,"turns":5},{"damage":7,"enemies":"Cultist","floor":2,"turns":5},{"damage":4,"enemies":"Small Slimes","floor":3,"turns":4},{"damage":3,"enemies":"2 Fungi Beasts","floor":7,"turns":4},{"damage":16,"enemies":"3 Sentries","floor":8,"turns":11},{"damage":0,"enemies":"Large Slime","floor":10,"turns":5},{"damage":10,"enemies":"Looter","floor":11,"turns":4},{"damage":16,"enemies":"The Mushroom Lair","floor":13,"turns":7},{"damage":18,"enemies":"Gremlin Nob","floor":14,"turns":4},{"damage":25,"enemies":"The Guardian","floor":16,"turns":9},{"damage":18,"enemies":"Spheric Guardian","floor":18,"turns":6},{"damage":1,"enemies":"Chosen","floor":19,"turns":6},{"damage":2,"enemies":"Snecko","floor":20,"turns":4},{"damage":22,"enemies":"Slavers","floor":23,"turns":6},{"damage":12,"enemies":"Cultist and Chosen","floor":24,"turns":7},{"damage":0,"enemies":"Centurion and Healer","floor":30,"turns":6},{"damage":42,"enemies":"Collector","floor":33,"turns":9},{"damage":0,"enemies":"3 Shapes","floor":35,"turns":5},{"damage":35,"enemies":"Mysterious Sphere","floor":38,"turns":9},{"damage":8,"enemies":"Orb Walker","floor":39,"turns":3},{"damage":43,"enemies":"3 Darklings","floor":42,"turns":6},{"damage":3,"enemies":"Sphere and 2 Shapes","floor":45,"turns":3},{"damage":0,"enemies":"Maw","floor":48,"turns":8},{"damage":32,"enemies":"Time Eater","floor":50,"turns":19}],"event_choices":[{"event_name":"Bonfire Elementals","player_choice":"BASIC","floor":5,"damage_taken":0},{"event_name":"Mushrooms","player_choice":"Fought Mushrooms","floor":13,"damage_taken":0},{"event_name":"The Library","player_choice":"Read","floor":21,"damage_taken":0},{"event_name":"The Lab","player_choice":"Got Potions","floor":22,"damage_taken":0},{"event_name":"Ghosts","player_choice":"Ignored","floor":27,"damage_taken":0},{"event_name":"Back to Basics","player_choice":"Simplicity","floor":31,"damage_taken":0},{"event_name":"Mysterious Sphere","player_choice":"Fight","floor":38,"damage_taken":0},{"event_name":"SensoryStone","player_choice":"Memory 3","floor":41,"damage_taken":0},{"event_name":"Golden Shrine","player_choice":"Pray","floor":47,"damage_taken":0}],"boss_relics":[{"not_picked":["Velvet Choker","Astrolabe"],"picked":"Cursed Key"},{"not_picked":["Snecko Eye","Black Star"],"picked":"Orrery"}],"potions_floor_spawned":[3,10,14,23,24,30,33,39,45,48],"seed_played":"-7819778911303872754","ascension_level":2,"is_trial":false}