{"path_per_floor":["M","?","M","T","T","R","E","M","T","R","M","M","E","?","R","B",null,"M","?","T","M","M","R","$","E","T","R","M","M","R","M","R","B",null,"M","M","M","M","?","R","E","M","T","R","?","$","M","M","R"],"character_chosen":"IRONCLAD","items_purchased":["Strawberry","Seeing Red","Bandage Up","Dual Wield","Feel No Pain","Kunai"],"gold_per_floor":[112,62,75,75,75,75,103,121,146,146,156,173,205,205,205,309,339,354,354,354,366,381,381,18,45,45,45,56,71,71,90,90,191,191,211,231,249,262,262,262,287,298,346,346,399,51,63,82,82,82],"floor_reached":50,"campfire_rested":4,"playtime":3643,"current_hp_per_floor":[72,72,70,70,70,70,67,68,68,68,72,61,45,45,66,60,77,71,71,71,69,63,63,70,58,68,68,68,78,78,89,89,7,94,94,72,53,54,54,82,63,43,43,71,64,64,65,65,94,0],"items_purged":["Strike_R"],"gold":82,"score":657,"play_id":"4b3f2cd5-67d5-4302-8a8a-6411a8b83365","local_time":"20180329101921","is_prod":false,"is_daily":false,"is_ascension_mode":true,"campfire_upgraded":6,"timestamp":1522286361,"path_taken":["M","?","M","?","?","R","E","M","T","R","M","?","E","?","R","BOSS","M","?","?","M","M","R","$","E","T","R","M","M","R","M","R","BOSS","M","M","M","?","?","R","E","M","T","R","?","$","M","M","R","BOSS"],"build_version":"2018-03-22v2","purchased_purges":1,"victory":false,"master_deck":["Strike_R","Defend_R","Defend_R","Defend_R","Bash+1","Bludgeon+1","Hemokinesis+1","Clothesline","Cleave","Impervious","Pummel","Flex+1","Rupture","Reaper","Twin Strike","Inflame+1","Bludgeon+1","Disarm+1","Seeing Red+1","Bandage Up+1","Inflame","Offering","Battle Trance","Dual Wield+1","Metallicize+1","Ghostly Armor+1","Whirlwind","True Grit+1","Body Slam","Infernal Blade","Second Wind","Berserk","Dual Wield","Feel No Pain","Carnage+1","Metallicize","Havoc"],"max_hp_per_floor":[72,72,72,72,72,72,72,72,72,72,72,72,72,72,72,72,77,77,77,77,77,77,77,84,84,94,94,94,94,94,94,94,94,94,94,94,94,94,94,94,94,94,94,94,94,94,97,97,97,97],"relics":["Burning Blood","Du-Vu Doll","Dead Branch","Omamori","Bag of Marbles","Ornamental Fan","Tiny House","Bottled Flame","Strawberry","Dream Catcher","Pear","Philosopher\u0027s Stone","Mummified Hand","Art of War","Shovel","Kunai"],"card_choices":[{"not_picked":["Clash","Blood for Blood"],"picked":"Clothesline","floor":1},{"not_picked":["Power Through","Entrench"],"picked":"Cleave","floor":3},{"not_picked":["Flex","Battle Trance"],"picked":"Impervious","floor":7},{"not_picked":["Clash","Anger"],"picked":"Pummel","floor":8},{"not_picked":["Cleave","Fire Breathing"],"picked":"Flex","floor":11},{"not_picked":["Cleave","Sever Soul"],"picked":"Rupture","floor":12},{"not_picked":["Juggernaut","Exhume"],"picked":"Reaper","floor":16},{"not_picked":["Perfected Strike","Clash"],"picked":"Twin Strike","floor":17},{"not_picked":["Flex","Sword Boomerang"],"picked":"Inflame","floor":18},{"not_picked":["Headbutt","Battle Trance"],"picked":"Disarm","floor":22},{"not_picked":["Combust","Cleave"],"picked":"Inflame","floor":28},{"not_picked":["Dark Embrace","Berserk"],"picked":"Offering","floor":33},{"not_picked":["Combust","Perfected Strike"],"picked":"Battle Trance","floor":35},{"not_picked":["Cleave","Perfected Strike"],"picked":"Dual Wield","floor":36},{"not_picked":["Corruption","Immolate"],"picked":"Metallicize","floor":37},{"not_picked":["Headbutt","Thunderclap"],"picked":"Ghostly Armor","floor":38},{"not_picked":["Intimidate","Cleave"],"picked":"True Grit","floor":40},{"not_picked":["Anger","Flex"],"picked":"Body Slam","floor":41},{"not_picked":["Body Slam","Twin Strike"],"picked":"Infernal Blade","floor":42},{"not_picked":["Cleave","Headbutt"],"picked":"Second Wind","floor":44},{"not_picked":["Heavy Blade","Twin Strike"],"picked":"Berserk","floor":45},{"not_picked":["Body Slam","Headbutt"],"picked":"Carnage","floor":47},{"not_picked":["Clothesline","Combust"],"picked":"Metallicize","floor":48},{"not_picked":["Anger","Hemokinesis"],"picked":"Havoc","floor":49}],"player_experience":101267,"potions_floor_usage":[18,33,33,33,41,45,50,50],"damage_taken":[{"damage":0,"enemies":"Small Slimes","floor":1,"turns":2},{"damage":8,"enemies":"2 Louse","floor":3,"turns":2},{"damage":9,"enemies":"Gremlin Nob","floor":7,"turns":3},{"damage":5,"enemies":"Jaw Worm","floor":8,"turns":3},{"damage":0,"enemies":"Blue Slaver","floor":11,"turns":1},{"damage":17,"enemies":"Exordium Thugs","floor":12,"turns":4},{"damage":22,"enemies":"Lagavulin","floor":13,"turns":5},{"damage":12,"enemies":"Slime Boss","floor":16,"turns":4},{"damage":12,"enemies":"Shell Parasite","floor":18,"turns":3},{"damage":8,"enemies":"Spheric Guardian","floor":21,"turns":3},{"damage":12,"enemies":"Chosen and Byrds","floor":22,"turns":5},{"damage":32,"enemies":"Slavers","floor":25,"turns":7},{"damage":10,"enemies":"Sentry and Sphere","floor":28,"turns":2},{"damage":0,"enemies":"Snake Plant","floor":29,"turns":2},{"damage":10,"enemies":"Centurion and Healer","floor":31,"turns":5},{"damage":147,"enemies":"Collector","floor":33,"turns":10},{"damage":2,"enemies":"3 Shapes","floor":35,"turns":2},{"damage":40,"enemies":"3 Darklings","floor":36,"turns":4},{"damage":31,"enemies":"Sphere and 2 Shapes","floor":37,"turns":3},{"damage":11,"enemies":"4 Shapes","floor":38,"turns":5},{"damage":31,"enemies":"Nemesis","floor":41,"turns":5},{"damage":32,"enemies":"Maw","floor":42,"turns":6},{"damage":37,"enemies":"Mysterious Sphere","floor":45,"turns":5},{"damage":8,"enemies":"Sphere and 2 Shapes","floor":47,"turns":3},{"damage":28,"enemies":"4 Shapes","floor":48,"turns":4},{"damage":120,"enemies":"Awakened One","floor":50,"turns":11}],"event_choices":[{"event_name":"The Cleric","player_choice":"Card Removal","floor":2,"damage_taken":0},{"event_name":"Living Wall","player_choice":"Grow","floor":14,"damage_taken":0},{"event_name":"Duplicator","player_choice":"One dupe","floor":19,"damage_taken":0},{"event_name":"Transmorgrifier","player_choice":"Transform","floor":39,"damage_taken":0},{"event_name":"Mysterious Sphere","player_choice":"Fight","floor":45,"damage_taken":0}],"boss_relics":[{"not_picked":["Question Card","Runic Dome"],"picked":"Tiny House"},{"not_picked":["Runic Cube","Black Star"],"picked":"Philosopher\u0027s Stone"}],"potions_floor_spawned":[11,13,16,18,22,25,29,35,37,41,42],"seed_played":"3215205637439099959","killed_by":"Awakened One","ascension_level":4,"is_trial":false}