{"gold_per_floor":[213,213,60,76,93,93,119,134,134,37,37,70,85,100,100,202,202,214,226,20,20,20,54,54,54,80,40,40,72,91,102,102,203,203,221,221,221,237,337,368,368,22,48,48,48,66,66,96,96,96],"floor_reached":51,"playtime":1865,"items_purged":["Strike_B","Strike_B"],"score":1059,"play_id":"4c8077b5-45a1-4325-8675-dc9126aad0fd","local_time":"20190605005516","is_ascension_mode":true,"campfire_choices":[{"data":"Sunder","floor":6.0,"key":"SMITH"},{"data":"Zap","floor":11.0,"key":"SMITH"},{"floor":15.0,"key":"REST"},{"floor":24,"key":"REST"},{"data":"Buffer","floor":28,"key":"SMITH"},{"floor":32,"key":"REST"},{"floor":41,"key":"REST"},{"data":"Loop","floor":49,"key":"SMITH"}],"neow_cost":"NONE","seed_source_timestamp":1250728315761900,"circlet_count":0,"master_deck":["Defend_B+1","Defend_B","Defend_B","Zap+1","Dualcast","Streamline","Echo Form","Conserve Battery+1","Sunder+1","Leap","Coolheaded","Chill","Gash","Buffer+1","Coolheaded","White Noise","Loop+1","White Noise","Biased Cognition","Bandage Up","Gash","Leap+1","Blizzard+1","Glacier","Undo+1"],"special_seed":0,"relics":["Cracked Core","Smiling Mask","Gremlin Horn","Emotion Chip","Empty Cage","OrangePellets","MutagenicStrength","Orichalcum","Cables","Lantern","Dodecahedron","Sozu","Prayer Wheel","Centennial Puzzle","Strange Spoon","Bronze Scales","Oddly Smooth Stone","Bag of Preparation"],"potions_floor_usage":[23,29,40,50],"damage_taken":[{"damage":8.0,"enemies":"Small Slimes","floor":1.0,"turns":3.0},{"damage":1.0,"enemies":"Cultist","floor":4.0,"turns":3.0},{"damage":7.0,"enemies":"Jaw Worm","floor":5.0,"turns":3.0},{"damage":15.0,"enemies":"Lagavulin","floor":7.0,"turns":5.0},{"damage":0.0,"enemies":"Large Slime","floor":8.0,"turns":4.0},{"damage":21.0,"enemies":"Gremlin Nob","floor":12.0,"turns":4.0},{"damage":7.0,"enemies":"Blue Slaver","floor":13.0,"turns":3.0},{"damage":2.0,"enemies":"Looter","floor":14.0,"turns":2.0},{"damage":8.0,"enemies":"The Guardian","floor":16.0,"turns":7.0},{"damage":11.0,"enemies":"3 Byrds","floor":18.0,"turns":4.0},{"damage":0.0,"enemies":"Chosen","floor":19.0,"turns":7.0},{"damage":43,"enemies":"Slavers","floor":23,"turns":7},{"damage":10,"enemies":"Book of Stabbing","floor":29,"turns":7},{"damage":0,"enemies":"Snecko","floor":30,"turns":4},{"damage":3,"enemies":"Cultist and Chosen","floor":31,"turns":6},{"damage":25,"enemies":"Champ","floor":33,"turns":18},{"damage":1,"enemies":"Orb Walker","floor":35,"turns":3},{"damage":14,"enemies":"3 Shapes","floor":38,"turns":4},{"damage":0,"enemies":"Mind Bloom Boss Battle","floor":39,"turns":4},{"damage":50,"enemies":"Reptomancer","floor":40,"turns":6},{"damage":12,"enemies":"Jaw Worm Horde","floor":46,"turns":4},{"damage":0,"enemies":"Nemesis","floor":48,"turns":9},{"damage":0,"enemies":"Donu and Deca","floor":50,"turns":11}],"seed_played":"8016314111002272714","potions_obtained":[{"floor":5.0,"key":"SpeedPotion"},{"floor":7.0,"key":"LiquidBronze"},{"floor":12.0,"key":"Weak Potion"},{"floor":18.0,"key":"FairyPotion"},{"floor":19.0,"key":"Regen Potion"},{"floor":23,"key":"LiquidBronze"},{"floor":30,"key":"LiquidBronze"}],"is_trial":false,"path_per_floor":["M","?","$","M","M","R","E","M","T","$","R","E","M","M","R","B",null,"M","M","$","?","?","E","R","T","T","?","R","E","M","M","R","B",null,"M","?","?","M","?","E","R","$","T","$","?","M","?","E","R","B",null],"character_chosen":"DEFECT","items_purchased":["Echo Form","Coolheaded","OrangePellets","Strange Spoon","Bronze Scales"],"campfire_rested":4,"item_purchase_floors":[3,10,20,42,42],"current_hp_per_floor":[60,60,60,59,52,52,37,37,37,37,37,16,9,7,29,21,62,51,51,51,51,51,23,45,45,45,45,45,35,35,32,54,29,64,63,63,63,53,57,11,33,33,33,33,66,66,66,66,66,66],"gold":96,"neow_bonus":"HUNDRED_GOLD","is_prod":false,"is_daily":false,"chose_seed":false,"campfire_upgraded":4,"win_rate":0,"timestamp":1559692516,"path_taken":["M","?","?","M","M","R","E","M","T","$","R","E","?","M","R","BOSS","M","M","$","?","?","E","R","?","T","?","R","E","?","M","R","BOSS","M","?","?","?","?","E","R","$","T","$","?","M","?","E","R","BOSS"],"build_version":"2019-01-23","purchased_purges":2,"victory":true,"max_hp_per_floor":[75,75,75,75,75,75,75,75,75,75,75,75,75,75,75,75,75,75,75,75,75,75,75,75,75,75,75,75,75,75,75,75,75,75,75,75,75,75,75,75,75,75,75,75,66,66,66,66,66,66],"card_choices":[{"not_picked":["Steam","Hologram"],"picked":"Streamline","floor":1.0},{"not_picked":["Compile Driver","Stack"],"picked":"Conserve Battery","floor":4.0},{"not_picked":["Hologram","Creative AI"],"picked":"Sunder","floor":5.0},{"not_picked":["Darkness","Undo"],"picked":"Leap","floor":7.0},{"not_picked":["Compile Driver","Rebound","Turbo"],"picked":"SKIP","floor":8.0},{"not_picked":["Steam","Go for the Eyes","Turbo"],"picked":"SKIP","floor":12.0},{"not_picked":["Fusion","Coolheaded"],"picked":"Chill","floor":13.0},{"not_picked":["Scrape","Go for the Eyes"],"picked":"Gash","floor":14.0},{"not_picked":["Multi-Cast","Fission"],"picked":"Buffer","floor":16.0},{"not_picked":["Leap+1","Ball Lightning"],"picked":"Coolheaded","floor":18.0},{"not_picked":["Streamline","Buffer"],"picked":"White Noise","floor":19.0},{"not_picked":["Coolheaded","Ball Lightning","Force Field"],"picked":"SKIP","floor":23},{"not_picked":["Hello World","Go for the Eyes+1","Leap"],"picked":"SKIP","floor":29},{"not_picked":["Sweeping Beam","Barrage"],"picked":"White Noise","floor":30},{"not_picked":["Blizzard","Lockon","Static Discharge+1"],"picked":"SKIP","floor":31},{"not_picked":["Multi-Cast","Meteor Strike"],"picked":"Biased Cognition","floor":33},{"not_picked":["Chaos+1","Sweeping Beam+1","Rebound"],"picked":"SKIP","floor":35},{"not_picked":["Finesse","Transmutation"],"picked":"Bandage Up","floor":37},{"not_picked":["Lockon","Barrage"],"picked":"Gash","floor":38},{"not_picked":["Sweeping Beam+1","Storm"],"picked":"Leap+1","floor":40},{"not_picked":["Rainbow","Leap+1"],"picked":"Blizzard+1","floor":46},{"not_picked":["Heatsinks+1","Double Energy"],"picked":"Glacier","floor":46},{"not_picked":["Fusion","Streamline+1"],"picked":"Undo+1","floor":48}],"player_experience":130896,"relics_obtained":[{"floor":7.0,"key":"Smiling Mask"},{"floor":9.0,"key":"Gremlin Horn"},{"floor":12.0,"key":"Emotion Chip"},{"floor":23,"key":"Orichalcum"},{"floor":25,"key":"Cables"},{"floor":26,"key":"Lantern"},{"floor":29,"key":"Dodecahedron"},{"floor":39,"key":"Prayer Wheel"},{"floor":40,"key":"Centennial Puzzle"},{"floor":43,"key":"Oddly Smooth Stone"},{"floor":48,"key":"Bag of Preparation"}],"event_choices":[{"cards_removed":["Strike_B"],"damage_healed":0.0,"max_hp_gain":0.0,"max_hp_loss":0.0,"gold_gain":0.0,"event_name":"Bonfire Elementals","player_choice":"Offered Basic","floor":2.0,"gold_loss":0.0,"damage_taken":0.0},{"damage_healed":0.0,"max_hp_gain":0.0,"max_hp_loss":0.0,"gold_gain":0.0,"event_name":"The Library","player_choice":"Read","floor":21.0,"gold_loss":0.0,"damage_taken":0.0,"cards_obtained":["Loop"]},{"damage_healed":0.0,"max_hp_gain":0.0,"max_hp_loss":0.0,"gold_gain":0.0,"event_name":"Drug Dealer","player_choice":"Inject Mutagens","floor":22.0,"gold_loss":0.0,"damage_taken":0.0,"relics_obtained":["MutagenicStrength"]},{"damage_healed":0,"gold_gain":0,"player_choice":"Upgraded Two","damage_taken":0,"max_hp_gain":0,"max_hp_loss":0,"event_name":"Designer","floor":27,"gold_loss":40,"cards_upgraded":["Conserve Battery","Defend_B"]},{"damage_healed":0,"gold_gain":0,"player_choice":"Ignored","damage_taken":0,"max_hp_gain":0,"max_hp_loss":0,"event_name":"Tomb of Lord Red Mask","floor":36,"gold_loss":0},{"damage_healed":0,"gold_gain":0,"player_choice":"Memory 1","damage_taken":0,"max_hp_gain":0,"max_hp_loss":0,"event_name":"SensoryStone","floor":37,"gold_loss":0},{"damage_healed":0,"gold_gain":0,"player_choice":"Fight","damage_taken":0,"max_hp_gain":0,"max_hp_loss":0,"event_name":"MindBloom","floor":39,"gold_loss":0},{"damage_healed":66,"gold_gain":0,"player_choice":"Heal","damage_taken":0,"max_hp_gain":0,"max_hp_loss":9,"event_name":"The Moai Head","floor":45,"gold_loss":0},{"damage_healed":0,"gold_gain":0,"player_choice":"Ignored","damage_taken":0,"max_hp_gain":0,"max_hp_loss":0,"event_name":"Mysterious Sphere","floor":47,"gold_loss":0}],"is_beta":false,"boss_relics":[{"not_picked":["Coffee Dripper","Ectoplasm"],"picked":"Empty Cage"},{"not_picked":["Busted Crown","Eternal Feather"],"picked":"Sozu"}],"items_purged_floors":[3,10],"is_endless":false,"potions_floor_spawned":[5,7,12,18,19,23,30,35,38],"ascension_level":6}