{"gold_per_floor":[110,129,143,143,160,160,189,189,215,215,253,280,140,140,140,230,230,255,255,174,187,202,202,243,243,267,292,292,308,308,372,372,470,470,485,535,556,556,606,606],"floor_reached":40,"playtime":1653,"items_purged":["Injury"],"score":707,"play_id":"6d11533a-7d97-4e54-89c0-0f00aaf8b595","local_time":"20190919150017","is_ascension_mode":true,"campfire_choices":[{"data":"Defragment","floor":6.0,"key":"SMITH"},{"floor":15,"key":"REST"},{"data":"Static Discharge","floor":23,"key":"SMITH"},{"data":"Creative AI","floor":25,"key":"SMITH"},{"floor":30,"key":"REST"},{"data":"Capacitor","floor":32,"key":"SMITH"}],"neow_cost":"NONE","seed_source_timestamp":0,"circlet_count":0,"master_deck":["AscendersBane","Strike_B","Strike_B","Strike_B","Defend_B","Defend_B","Defend_B","Defend_B","Zap+1","Dualcast","Defragment+1","BootSequence","Cold Snap","Beam Cell","Rip and Tear","Go for the Eyes","Coolheaded","Ball Lightning","Self Repair","Creative AI+1","Rebound+1","Static Discharge+1","Chill","Ball Lightning+1","Capacitor+1","Redo+1","Leap","Rainbow","Ball Lightning","Echo Form"],"special_seed":0,"relics":["Cracked Core","Bag of Preparation","Regal Pillow","Golden Idol","MawBank","Nuclear Battery","Bronze Scales","Happy Flower","SsserpentHead","Velvet Choker"],"potions_floor_usage":[11,24,33,33,40,40,40,40],"damage_taken":[{"damage":8.0,"enemies":"2 Louse","floor":1.0,"turns":3.0},{"damage":0.0,"enemies":"Small Slimes","floor":2.0,"turns":3.0},{"damage":0.0,"enemies":"Jaw Worm","floor":3.0,"turns":3.0},{"damage":0.0,"enemies":"Large Slime","floor":5.0,"turns":4.0},{"damage":20.0,"enemies":"3 Sentries","floor":7.0,"turns":7.0},{"damage":17,"enemies":"Lagavulin","floor":11,"turns":5},{"damage":2,"enemies":"3 Louse","floor":12,"turns":2},{"damage":14,"enemies":"The Guardian","floor":16,"turns":11},{"damage":8,"enemies":"Spheric Guardian","floor":18,"turns":4},{"damage":12,"enemies":"Chosen","floor":21,"turns":4},{"damage":18,"enemies":"Sentry and Sphere","floor":22,"turns":5},{"damage":19,"enemies":"Book of Stabbing","floor":24,"turns":5},{"damage":31,"enemies":"Centurion and Healer","floor":27,"turns":5},{"damage":7,"enemies":"3 Cultists","floor":29,"turns":4},{"damage":2,"enemies":"Snecko","floor":31,"turns":4},{"damage":67,"enemies":"Collector","floor":33,"turns":9},{"damage":26,"enemies":"Orb Walker","floor":35,"turns":4},{"damage":28,"enemies":"3 Darklings","floor":37,"turns":4},{"damage":48,"enemies":"Nemesis","floor":40,"turns":3}],"seed_played":"2421309645502549318","potions_obtained":[{"floor":1.0,"key":"SkillPotion"},{"floor":3.0,"key":"SkillPotion"},{"floor":11,"key":"Fruit Juice"},{"floor":12,"key":"Regen Potion"},{"floor":24,"key":"Fire Potion"},{"floor":33,"key":"Strength Potion"},{"floor":35,"key":"FocusPotion"},{"floor":39,"key":"EntropicBrew"}],"is_trial":false,"path_per_floor":["M","M","M","?","M","R","E","?","T","?","E","M","$","$","R","B",null,"M","?","$","M","M","R","E","R","T","M","?","M","R","M","R","B",null,"M","?","M","$","?","E"],"character_chosen":"DEFECT","items_purchased":["Self Repair","Static Discharge"],"campfire_rested":2,"item_purchase_floors":[13,20],"current_hp_per_floor":[56,56,56,61,61,61,41,41,41,41,29,27,27,27,66,59,76,75,75,75,70,59,59,62,62,62,38,38,31,70,75,75,15,65,39,39,11,11,11,0],"gold":606,"neow_bonus":"THREE_CARDS","is_prod":false,"is_daily":false,"chose_seed":false,"campfire_upgraded":4,"win_rate":0,"timestamp":1568919617,"path_taken":["M","M","M","?","M","R","E","?","T","?","E","M","?","$","R","BOSS","M","?","$","M","M","R","E","R","T","M","?","M","R","?","R","BOSS","M","?","M","$","?","E"],"build_version":"2019-09-18","purchased_purges":1,"victory":false,"max_hp_per_floor":[71,71,71,76,76,76,76,76,76,76,81,81,81,81,81,81,81,81,81,81,81,81,81,81,81,81,81,81,81,81,81,81,81,81,81,81,81,81,81,81],"card_choices":[{"not_picked":["Conserve Battery","Cold Snap"],"picked":"Defragment","floor":0.0},{"not_picked":["Streamline","Stack"],"picked":"BootSequence","floor":1.0},{"not_picked":["Go for the Eyes","Coolheaded"],"picked":"Cold Snap","floor":2.0},{"not_picked":["Force Field","Skim"],"picked":"Beam Cell","floor":3.0},{"not_picked":["Rebound","Skim"],"picked":"Rip and Tear","floor":5.0},{"not_picked":["FTL","Hello World"],"picked":"Go for the Eyes","floor":7.0},{"not_picked":["Thunder Strike","Beam Cell"],"picked":"Coolheaded","floor":11},{"not_picked":["Leap","Reprogram"],"picked":"Ball Lightning","floor":12},{"not_picked":["Amplify","Fission"],"picked":"Creative AI","floor":16},{"not_picked":["Ball Lightning","Beam Cell"],"picked":"Rebound+1","floor":18},{"not_picked":["Loop","Stack"],"picked":"Chill","floor":21},{"not_picked":["Chill","Steam"],"picked":"Ball Lightning+1","floor":22},{"not_picked":["Compile Driver","Coolheaded"],"picked":"Capacitor","floor":24},{"not_picked":["Steam","Conserve Battery"],"picked":"Redo+1","floor":27},{"not_picked":["Multi-Cast","Beam Cell","Darkness+1"],"picked":"SKIP","floor":29},{"not_picked":["Hologram","Turbo"],"picked":"Leap","floor":31},{"not_picked":["Meteor Strike","Buffer"],"picked":"Rainbow","floor":33},{"not_picked":["Rebound","Beam Cell"],"picked":"Ball Lightning","floor":35},{"not_picked":["Consume","Coolheaded+1"],"picked":"Echo Form","floor":37}],"player_experience":568773,"relics_obtained":[{"floor":7.0,"key":"Bag of Preparation"},{"floor":9.0,"key":"Regal Pillow"},{"floor":11,"key":"MawBank"},{"floor":24,"key":"Bronze Scales"},{"floor":26,"key":"Happy Flower"}],"event_choices":[{"damage_healed":0.0,"max_hp_gain":5.0,"max_hp_loss":0.0,"gold_gain":0.0,"event_name":"Big Fish","player_choice":"Donut","floor":4.0,"gold_loss":0.0,"damage_taken":0.0},{"damage_healed":0.0,"max_hp_gain":0.0,"max_hp_loss":0.0,"gold_gain":0.0,"event_name":"Living Wall","player_choice":"Grow","floor":8.0,"gold_loss":0.0,"damage_taken":0.0,"cards_upgraded":["Zap"]},{"damage_healed":0.0,"max_hp_gain":0.0,"max_hp_loss":0.0,"gold_gain":0.0,"event_name":"Golden Idol","player_choice":"Take Wound","floor":10.0,"gold_loss":0.0,"damage_taken":0.0,"relics_obtained":["Golden Idol"],"cards_obtained":["Injury"]},{"damage_healed":0,"gold_gain":0,"player_choice":"Ignored","damage_taken":0,"max_hp_gain":0,"max_hp_loss":0,"event_name":"Ghosts","floor":19,"gold_loss":0},{"damage_healed":0,"gold_gain":0,"player_choice":"Trade","damage_taken":0,"relics_obtained":["SsserpentHead"],"max_hp_gain":0,"max_hp_loss":0,"event_name":"FaceTrader","floor":28,"gold_loss":0},{"cards_removed":["Strike_B"],"damage_healed":0,"gold_gain":0,"player_choice":"Removed Attack","damage_taken":0,"max_hp_gain":0,"max_hp_loss":0,"event_name":"Falling","floor":36,"gold_loss":0},{"damage_healed":0,"gold_gain":0,"player_choice":"Got Potions","damage_taken":0,"max_hp_gain":0,"max_hp_loss":0,"event_name":"Lab","floor":39,"gold_loss":0}],"is_beta":true,"boss_relics":[{"not_picked":["Astrolabe","Black Star"],"picked":"Nuclear Battery"},{"not_picked":["Calling Bell","Coffee Dripper"],"picked":"Velvet Choker"}],"items_purged_floors":[13],"is_endless":false,"potions_floor_spawned":[1,3,11,12,16,18,24,31,33,35],"killed_by":"Nemesis","ascension_level":14}