{"gold_per_floor":[115,40,50,50,62,95,110,110,135,135,152,117,127,147,147,245,245,257,241,166,166,0,0],"floor_reached":23,"playtime":901,"items_purged":[],"score":290,"play_id":"e5f41907-cf18-4718-9dc4-4cd5ae4531cf","local_time":"20190910201548","is_ascension_mode":true,"campfire_choices":[{"data":"Defragment","floor":8.0,"key":"SMITH"},{"floor":10.0,"key":"REST"},{"floor":15.0,"key":"REST"}],"neow_cost":"NONE","seed_source_timestamp":0,"circlet_count":0,"master_deck":["AscendersBane","Strike_B","Strike_B","Strike_B","Strike_B","Defend_B","Defend_B+1","Defend_B+1","Defend_B","Zap","Dualcast","Hologram","Capacitor","Ball Lightning","Beam Cell","Defragment+1","Consume","Sunder","Defragment","Rebound","Creative AI","Stack+1","Conserve Battery","Loop"],"special_seed":0,"relics":["Cracked Core","Regal Pillow","Potion Belt","Cursed Key"],"potions_floor_usage":[16,19,23],"damage_taken":[{"damage":9.0,"enemies":"Jaw Worm","floor":1.0,"turns":3.0},{"damage":6.0,"enemies":"2 Louse","floor":3.0,"turns":2.0},{"damage":0.0,"enemies":"Small Slimes","floor":5.0,"turns":3.0},{"damage":27.0,"enemies":"Lagavulin","floor":6.0,"turns":5.0},{"damage":9.0,"enemies":"Looter","floor":7.0,"turns":3.0},{"damage":21.0,"enemies":"Blue Slaver","floor":11.0,"turns":3.0},{"damage":4.0,"enemies":"3 Louse","floor":13.0,"turns":2.0},{"damage":11.0,"enemies":"Looter","floor":14.0,"turns":3.0},{"damage":52,"enemies":"Hexaghost","floor":16,"turns":10},{"damage":22,"enemies":"Spheric Guardian","floor":18,"turns":4},{"damage":35,"enemies":"2 Thieves","floor":19,"turns":4},{"damage":23,"enemies":"Gremlin Leader","floor":23,"turns":3}],"seed_played":"-8148004790201635720","potions_obtained":[{"floor":5.0,"key":"Poison Potion"},{"floor":6.0,"key":"SkillPotion"},{"floor":11.0,"key":"DuplicationPotion"},{"floor":16,"key":"PowerPotion"},{"floor":18,"key":"Regen Potion"},{"floor":19,"key":"Weak Potion"}],"is_trial":false,"path_per_floor":["M","$","M","?","M","E","M","R","T","R","M","?","M","M","R","B",null,"M","M","$","?","?","E"],"character_chosen":"DEFECT","items_purchased":["Capacitor","Loop"],"campfire_rested":2,"item_purchase_floors":[2,20],"current_hp_per_floor":[66,66,60,44,44,17,8,8,8,47,26,46,42,31,70,18,66,44,23,23,23,23,0],"gold":0,"neow_bonus":"TEN_PERCENT_HP_BONUS","is_prod":false,"is_daily":false,"chose_seed":false,"campfire_upgraded":1,"win_rate":0,"timestamp":1568160948,"path_taken":["M","$","M","?","M","E","M","R","T","R","M","?","M","M","R","BOSS","M","M","$","?","?","E"],"build_version":"2019-09-09v2","purchased_purges":0,"victory":false,"max_hp_per_floor":[82,82,82,82,82,82,82,82,82,82,82,82,82,82,82,82,82,82,82,82,82,82,82],"card_choices":[{"not_picked":["Sweeping Beam","Aggregate"],"picked":"Hologram","floor":1.0},{"not_picked":["All For One","Heatsinks"],"picked":"Ball Lightning","floor":3.0},{"not_picked":["Lockon","Compile Driver"],"picked":"Beam Cell","floor":5.0},{"not_picked":["Rebound","Static Discharge"],"picked":"Defragment","floor":6.0},{"not_picked":["Chaos","Fission"],"picked":"Consume","floor":7.0},{"not_picked":["Leap","Ball Lightning"],"picked":"Sunder","floor":11.0},{"not_picked":["Streamline","Reboot"],"picked":"Defragment","floor":13.0},{"not_picked":["Hologram","Storm"],"picked":"Rebound","floor":14.0},{"not_picked":["Buffer","Amplify"],"picked":"Creative AI","floor":16},{"not_picked":["Scrape","Hologram"],"picked":"Stack+1","floor":18},{"not_picked":["Lockon","Reprogram"],"picked":"Conserve Battery","floor":19}],"player_experience":341191,"relics_obtained":[{"floor":6.0,"key":"Regal Pillow"},{"floor":9.0,"key":"Potion Belt"}],"event_choices":[{"damage_healed":0.0,"max_hp_gain":0.0,"max_hp_loss":0.0,"gold_gain":0.0,"event_name":"Shining Light","player_choice":"Entered Light","floor":4.0,"gold_loss":0.0,"damage_taken":16.0,"cards_upgraded":["Defend_B","Defend_B"]},{"damage_healed":20.0,"max_hp_gain":0.0,"max_hp_loss":0.0,"gold_gain":0.0,"event_name":"The Cleric","player_choice":"Healed","floor":12.0,"gold_loss":35.0,"damage_taken":0.0},{"damage_healed":0,"gold_gain":0,"player_choice":"Ignored","damage_taken":0,"max_hp_gain":0,"max_hp_loss":0,"event_name":"Beggar","floor":21,"gold_loss":0},{"damage_healed":0,"gold_gain":0,"player_choice":"Paid Fearfully","damage_taken":0,"max_hp_gain":0,"max_hp_loss":0,"event_name":"Masked Bandits","floor":22,"gold_loss":166}],"is_beta":true,"boss_relics":[{"not_picked":["Black Star","Inserter"],"picked":"Cursed Key"}],"items_purged_floors":[],"is_endless":false,"potions_floor_spawned":[5,6,11,16,18,19],"killed_by":"Gremlin Leader","ascension_level":10}