{"gold_per_floor":[112,112,128,142,142,142,155,330,405,416,416,436,436,464,464,464],"floor_reached":16,"playtime":589,"items_purged":[],"score":153,"play_id":"5c3cf1dc-8c19-42a5-afbc-07a13d84145c","local_time":"20190905013009","is_ascension_mode":true,"campfire_choices":[{"data":"Chill","floor":6.0,"key":"SMITH"},{"floor":15,"key":"REST"}],"neow_cost":"CURSE","seed_source_timestamp":0,"circlet_count":0,"master_deck":["AscendersBane","Strike_B","Defend_B","Defend_B","Defend_B","Defend_B","Zap+1","Dualcast","Injury","Auto Shields","Melter","BootSequence","Chill+1","Hologram","All For One","Doubt","Redo+1","Self Repair","Aggregate+1","Gash"],"special_seed":0,"relics":["Cracked Core","Toxic Egg 2","Strawberry","Question Card"],"potions_floor_usage":[],"damage_taken":[{"damage":0.0,"enemies":"2 Louse","floor":1.0,"turns":2.0},{"damage":0.0,"enemies":"Jaw Worm","floor":3.0,"turns":3.0},{"damage":0.0,"enemies":"Cultist","floor":4.0,"turns":4.0},{"damage":0.0,"enemies":"Looter","floor":7.0,"turns":3.0},{"damage":0.0,"enemies":"Red Slaver","floor":10.0,"turns":3.0},{"damage":1.0,"enemies":"Blue Slaver","floor":12.0,"turns":3.0},{"damage":32,"enemies":"Lagavulin","floor":14,"turns":6},{"damage":62,"enemies":"The Guardian","floor":16,"turns":9}],"seed_played":"3007795441971819284","potions_obtained":[{"floor":10.0,"key":"Energy Potion"},{"floor":14,"key":"Strength Potion"}],"is_trial":false,"path_per_floor":["M","?","M","M","$","R","M","?","T","M","?","M","?","E","R","B"],"character_chosen":"DEFECT","items_purchased":[],"campfire_rested":1,"item_purchase_floors":[],"current_hp_per_floor":[68,68,68,68,68,68,68,68,68,68,57,56,56,31,55,0],"gold":464,"neow_bonus":"TRANSFORM_TWO_CARDS","is_prod":false,"is_daily":false,"chose_seed":false,"campfire_upgraded":1,"win_rate":0,"timestamp":1567661409,"path_taken":["M","?","M","M","$","R","M","?","T","M","?","M","?","E","R","BOSS"],"build_version":"2019-08-26","purchased_purges":0,"victory":false,"max_hp_per_floor":[75,75,75,75,75,75,75,75,75,75,82,82,82,82,82,82],"card_choices":[{"not_picked":["Stack","Rebound"],"picked":"BootSequence","floor":1.0},{"not_picked":["Rebound","Ball Lightning"],"picked":"Chill","floor":3.0},{"not_picked":["Lockon","Steam"],"picked":"Hologram","floor":4.0},{"not_picked":["Go for the Eyes","Steam Power"],"picked":"All For One","floor":7.0},{"not_picked":["Rebound","Barrage"],"picked":"Redo+1","floor":10.0},{"not_picked":["Rip and Tear","Beam Cell"],"picked":"Self Repair","floor":12.0},{"not_picked":["Sweeping Beam","Scrape"],"picked":"Gash","floor":14}],"player_experience":262262,"relics_obtained":[{"floor":9.0,"key":"Toxic Egg 2"},{"floor":14,"key":"Question Card"}],"event_choices":[{"damage_healed":0.0,"max_hp_gain":0.0,"max_hp_loss":0.0,"gold_gain":0.0,"event_name":"Living Wall","player_choice":"Grow","floor":2.0,"gold_loss":0.0,"damage_taken":0.0,"cards_upgraded":["Zap"]},{"damage_healed":0.0,"max_hp_gain":0.0,"max_hp_loss":0.0,"gold_gain":175.0,"event_name":"Liars Game","player_choice":"AGREE","floor":8.0,"gold_loss":0.0,"damage_taken":0.0,"cards_obtained":["Doubt"]},{"damage_healed":0.0,"max_hp_gain":0.0,"max_hp_loss":0.0,"gold_gain":0.0,"event_name":"Scrap Ooze","player_choice":"Success","floor":11.0,"gold_loss":0.0,"damage_taken":18.0,"relics_obtained":["Strawberry"]},{"damage_healed":0,"gold_gain":0,"cards_transformed":["Strike_B"],"player_choice":"Transformed","damage_taken":0,"max_hp_gain":0,"max_hp_loss":0,"event_name":"Transmorgrifier","floor":13,"gold_loss":0,"cards_obtained":["Aggregate"]}],"is_beta":true,"boss_relics":[],"items_purged_floors":[],"is_endless":false,"potions_floor_spawned":[10,14],"killed_by":"The Guardian","ascension_level":10}