{"gold_per_floor":[117,117,117,117,131,171,121,170,195,235,37,60,78,52,52,52],"floor_reached":16,"playtime":361,"items_purged":[],"score":153,"play_id":"2f674684-4c63-42a8-8497-a75ccb0ab44c","local_time":"20190414183550","is_ascension_mode":true,"campfire_choices":[{"data":"Barricade","floor":15,"key":"SMITH"}],"neow_cost":"NONE","seed_source_timestamp":72411681370500,"circlet_count":0,"master_deck":["Strike_R","Strike_R","Strike_R+1","Strike_R+1","Defend_R","Defend_R+1","Defend_R","Defend_R+1","Bash","Shockwave","Barricade+1","Second Wind","Entrench","Corruption","True Grit"],"relics":["Burning Blood","NeowsBlessing","Singing Bowl","Golden Idol","Bag of Preparation","Bronze Scales","Boot","War Paint","Toolbox"],"potions_floor_usage":[16],"damage_taken":[{"damage":0,"enemies":"2 Louse","floor":1,"turns":1},{"damage":0,"enemies":"Jaw Worm","floor":5,"turns":1},{"damage":0,"enemies":"3 Sentries","floor":6,"turns":2},{"damage":30,"enemies":"Lagavulin","floor":10,"turns":8},{"damage":0,"enemies":"Small Slimes","floor":12,"turns":4},{"damage":7,"enemies":"Exordium Wildlife","floor":13,"turns":4},{"damage":44,"enemies":"The Guardian","floor":16,"turns":9}],"seed_played":"-8481073689071020471","potions_obtained":[{"floor":10,"key":"Energy Potion"},{"floor":13,"key":"Fire Potion"}],"is_trial":false,"path_per_floor":["M","?","?","?","M","E","?","T","T","E","$","M","M","$","R","B"],"character_chosen":"IRONCLAD","items_purchased":["Toolbox","True Grit"],"campfire_rested":0,"item_purchase_floors":[11,14],"current_hp_per_floor":[80,77,57,41,49,55,55,55,55,31,31,37,36,36,36,0],"gold":52,"neow_bonus":"THREE_ENEMY_KILL","is_prod":false,"is_daily":false,"chose_seed":false,"campfire_upgraded":1,"win_rate":0,"timestamp":1555263350,"path_taken":["M","?","?","?","?","E","?","?","T","E","?","M","M","$","R","BOSS"],"build_version":"2019-01-23","purchased_purges":0,"victory":false,"max_hp_per_floor":[80,80,80,80,82,82,82,82,82,82,82,82,82,82,82,82],"card_choices":[{"not_picked":["Clash","Pommel Strike"],"picked":"Shockwave","floor":1},{"not_picked":["Heavy Blade","Armaments","Ghostly Armor"],"picked":"Singing Bowl","floor":5},{"not_picked":["Cleave","Flex"],"picked":"Barricade","floor":6},{"not_picked":["Thunderclap","Clothesline"],"picked":"Second Wind","floor":10},{"not_picked":["Rampage","True Grit"],"picked":"Entrench","floor":12},{"not_picked":["Disarm","Havoc"],"picked":"Corruption","floor":13}],"player_experience":26183,"relics_obtained":[{"floor":6,"key":"Bag of Preparation"},{"floor":8,"key":"Bronze Scales"},{"floor":9,"key":"Boot"},{"floor":10,"key":"War Paint"}],"event_choices":[{"damage_healed":0,"gold_gain":0,"player_choice":"Success","damage_taken":3,"relics_obtained":["Singing Bowl"],"max_hp_gain":0,"max_hp_loss":0,"event_name":"Scrap Ooze","floor":2,"gold_loss":0},{"damage_healed":0,"gold_gain":0,"player_choice":"Take Damage","damage_taken":20,"relics_obtained":["Golden Idol"],"max_hp_gain":0,"max_hp_loss":0,"event_name":"Golden Idol","floor":3,"gold_loss":0},{"damage_healed":0,"gold_gain":0,"player_choice":"Entered Light","damage_taken":16,"max_hp_gain":0,"max_hp_loss":0,"event_name":"Shining Light","floor":4,"gold_loss":0,"cards_upgraded":["Strike_R","Strike_R"]},{"cards_removed":["Strike_R"],"damage_healed":0,"gold_gain":0,"player_choice":"Card Removal","damage_taken":0,"max_hp_gain":0,"max_hp_loss":0,"event_name":"The Cleric","floor":7,"gold_loss":50}],"is_beta":false,"boss_relics":[],"items_purged_floors":[],"is_endless":false,"potions_floor_spawned":[10,13],"killed_by":"The Guardian","ascension_level":3}