{"path_per_floor":["M","M","M","?","$","E","R","M","T","R","E","?","R","M","R","B",null,"M","M","?","M","$","E","R","M","T","R","M","R","M","?","R","B",null,"M","?","M","M","?","R","E","M","T","R","M","M","$","?","R","B"],"character_chosen":"IRONCLAD","items_purchased":["Metallicize","Bronze Scales","Spot Weakness","Sadistic Nature","Inflame"],"gold_per_floor":[114,130,144,319,15,47,47,61,61,61,91,61,61,72,72,167,167,185,197,197,216,45,76,76,94,94,94,113,113,125,40,40,141,141,157,157,171,181,181,181,212,225,255,255,275,294,14,14,14,14],"floor_reached":51,"campfire_rested":1,"playtime":3764,"current_hp_per_floor":[43,47,50,50,50,47,47,46,46,46,23,23,47,43,43,39,80,50,58,58,31,31,30,30,46,46,46,54,54,65,65,65,80,80,78,78,80,80,80,90,80,38,38,38,62,74,74,63,63,33],"items_purged":["Doubt","Normality"],"gold":14,"score":586,"play_id":"cc078921-fd6d-450b-aadf-3d1bcdfce3d1","local_time":"20180304141712","is_prod":false,"is_daily":false,"is_ascension_mode":true,"campfire_upgraded":3,"timestamp":1520140632,"path_taken":["M","M","M","?","$","E","R","?","T","R","E","?","R","M","R","BOSS","M","M","?","?","$","E","R","M","T","R","M","R","M","?","R","BOSS","M","?","M","M","?","R","E","?","T","R","M","?","$","?","R","BOSS"],"build_version":"2018-03-01-PROD1","purchased_purges":3,"victory":true,"master_deck":["Bash","Whirlwind","Rupture+1","Dual Wield+1","Metallicize+1","Combust","Iron Wave","Burning Pact","Sword Boomerang","Reaper","Armaments","Anger","Headbutt","True Grit","Infernal Blade","Thunderclap","Battle Trance","Spot Weakness","Shrug It Off","Spot Weakness","Limit Break","Warcry+1","Iron Wave","Bloodletting","Demon Form","Heavy Blade","Power Through+1","Dark Embrace","Bloodletting","Armaments+1","Pummel+1","Hemokinesis+1","Berserk","Burning Pact","Sadistic Nature","Inflame","Madness","Madness"],"max_hp_per_floor":[80,80,80,80,80,80,80,80,80,80,80,80,80,80,80,80,80,80,80,80,80,80,80,80,80,80,80,80,80,80,80,80,80,80,80,80,80,80,80,90,90,90,90,90,90,90,90,90,90,90],"relics":["Burning Blood","Bird Faced Urn","Bronze Scales","Centennial Puzzle","Prayer Wheel","Oddly Smooth Stone","Pandora\u0027s Box","Shovel","Letter Opener","Blood Vial","Mummified Hand","Paper Frog","Bag of Preparation","Vajra","Bottled Flame","Runic Dome","Pear","Magic Flower","Tiny Chest","Peace Pipe","Ancient Tea Set"],"card_choices":[{"not_picked":["Reckless Charge","Sword Boomerang"],"picked":"Whirlwind"},{"not_picked":["Reckless Charge","Shrug It Off"],"picked":"Rupture"},{"not_picked":["Clash","Pummel"],"picked":"Dual Wield"},{"not_picked":["Anger","Pummel"],"picked":"Combust"},{"not_picked":["Wild Strike","Intimidate"],"picked":"Iron Wave"},{"not_picked":["Searing Blow","Intimidate"],"picked":"Burning Pact"},{"not_picked":["Twin Strike","Pommel Strike"],"picked":"Sword Boomerang"},{"not_picked":["Immolate","Double Tap"],"picked":"Reaper"},{"not_picked":["Feed","Whirlwind"],"picked":"Shrug It Off"},{"not_picked":["Carnage","Armaments"],"picked":"Limit Break"},{"not_picked":["Body Slam","Anger"],"picked":"Warcry"},{"not_picked":["Armaments","Twin Strike"],"picked":"Iron Wave"},{"not_picked":["Carnage","Cleave"],"picked":"Bloodletting"},{"not_picked":["Immolate","Dark Embrace"],"picked":"Demon Form"},{"not_picked":["Warcry","Pommel Strike"],"picked":"Heavy Blade"},{"not_picked":["Cleave","Thunderclap"],"picked":"Power Through"},{"not_picked":["Bloodletting","Uppercut"],"picked":"Armaments"},{"not_picked":["Body Slam","Thunderclap"],"picked":"Pummel"},{"not_picked":["Entrench","Burning Pact"],"picked":"Hemokinesis"},{"not_picked":["Headbutt","Anger"],"picked":"Berserk"},{"not_picked":["True Grit","Iron Wave"],"picked":"Burning Pact"}],"player_experience":61707,"potions_floor_usage":[11,16,21,33,45,50,50,50],"damage_taken":[{"damage":3,"enemies":"2 Louse","floor":1,"turns":3},{"damage":2,"enemies":"Small Slimes","floor":2,"turns":5},{"damage":5,"enemies":"Cultist","floor":3,"turns":4},{"damage":13,"enemies":"3 Sentries","floor":6,"turns":6},{"damage":13,"enemies":"Blue Slaver","floor":8,"turns":4},{"damage":43,"enemies":"Gremlin Nob","floor":11,"turns":7},{"damage":16,"enemies":"Red Slaver","floor":14,"turns":4},{"damage":20,"enemies":"The Guardian","floor":16,"turns":6},{"damage":36,"enemies":"2 Thieves","floor":18,"turns":3},{"damage":4,"enemies":"Shell Parasite","floor":19,"turns":4},{"damage":53,"enemies":"Snecko","floor":21,"turns":6},{"damage":41,"enemies":"Book of Stabbing","floor":23,"turns":5},{"damage":24,"enemies":"Chosen and Byrds","floor":25,"turns":7},{"damage":10,"enemies":"3 Cultists","floor":28,"turns":3},{"damage":23,"enemies":"Slaver and Parasite","floor":30,"turns":4},{"damage":41,"enemies":"Champ","floor":33,"turns":7},{"damage":16,"enemies":"3 Shapes","floor":35,"turns":3},{"damage":14,"enemies":"Orb Walker","floor":37,"turns":4},{"damage":36,"enemies":"Maw","floor":38,"turns":7},{"damage":35,"enemies":"Giant Head","floor":41,"turns":6},{"damage":69,"enemies":"4 Shapes","floor":42,"turns":4},{"damage":35,"enemies":"Sphere and 2 Shapes","floor":45,"turns":5},{"damage":18,"enemies":"3 Darklings","floor":46,"turns":3},{"damage":90,"enemies":"Donu and Deca","floor":50,"turns":7}],"event_choices":[{"event_name":"Liars Game","player_choice":"agreed","floor":4,"damage_taken":0},{"event_name":"The Woman in Blue","player_choice":"Bought 2 Potions","floor":12,"damage_taken":0},{"event_name":"Accursed Blacksmith","player_choice":"Rummage","floor":20,"damage_taken":0},{"event_name":"Addict","player_choice":"Obtained Relic","floor":31,"damage_taken":0},{"event_name":"Match and Keep!","player_choice":"2 cards matched","floor":39,"damage_taken":0},{"event_name":"Winding Halls","player_choice":"Embrace Madness","floor":48,"damage_taken":0}],"boss_relics":[{"not_picked":["Mark of Pain","Tiny House"],"picked":"Pandora\u0027s Box"},{"not_picked":["Black Blood","Velvet Choker"],"picked":"Runic Dome"}],"potions_floor_spawned":[1,11,16,19,23,25,33,38,46],"seed_played":"-1688614153671044435","ascension_level":1,"is_trial":false}