{"gold_per_floor":[109,89,104,115,32,32,32,67,67,67,85,85,115,115,115,193,193,206,221,118,118,118,118,78,78,378,303,62,90,90,106,106,185,185,205,480,500,500,360,360,372,372,372,472,484,21,34,49,49,49],"floor_reached":51,"playtime":9381,"items_purged":["Strike_B","Regret","Regret"],"score":1213,"play_id":"d8948d53-14d9-40ed-b3f5-77201bdbf190","local_time":"20190922011343","is_ascension_mode":true,"campfire_choices":[{"data":"Defragment","floor":6.0,"key":"SMITH"},{"data":"Zap","floor":12.0,"key":"SMITH"},{"floor":15,"key":"REST"},{"floor":23,"key":"REST"},{"data":"Defragment","floor":25,"key":"SMITH"},{"floor":30,"key":"REST"},{"data":"Seek","floor":32,"key":"SMITH"},{"data":"Echo Form","floor":40,"key":"SMITH"},{"floor":42,"key":"REST"},{"floor":49,"key":"REST"}],"neow_cost":"NONE","seed_source_timestamp":0,"circlet_count":0,"master_deck":["AscendersBane","Strike_B","Strike_B","Strike_B","Defend_B","Defend_B","Defend_B","Defend_B","Zap+1","Dualcast","Turbo","Ball Lightning","Conserve Battery","Defragment+1","Redo","Glacier","Seek+1","Doom and Gloom","Capacitor","Ball Lightning","Creative AI","Defragment+1","Capacitor","Ball Lightning","Echo Form+1","Cold Snap","Sweeping Beam+1","Chill","Conserve Battery+1","Cold Snap+1","Biased Cognition","Loop","Sweeping Beam+1"],"special_seed":0,"relics":["Cracked Core","HornCleat","Blood Vial","Ancient Tea Set","Cables","SlaversCollar","Old Coin","Orichalcum","Regal Pillow","Cursed Key","FossilizedHelix","Mango","DataDisk"],"potions_floor_usage":[13,13,33,41,50],"damage_taken":[{"damage":1.0,"enemies":"Cultist","floor":1.0,"turns":3.0},{"damage":0.0,"enemies":"2 Louse","floor":3.0,"turns":3.0},{"damage":2.0,"enemies":"Jaw Worm","floor":4.0,"turns":3.0},{"damage":27.0,"enemies":"Gremlin Nob","floor":8.0,"turns":5.0},{"damage":12.0,"enemies":"Exordium Thugs","floor":11.0,"turns":4.0},{"damage":19,"enemies":"3 Sentries","floor":13,"turns":7},{"damage":5,"enemies":"The Guardian","floor":16,"turns":12},{"damage":0,"enemies":"Shell Parasite","floor":18,"turns":8},{"damage":2,"enemies":"Spheric Guardian","floor":19,"turns":4},{"damage":46,"enemies":"Book of Stabbing","floor":29,"turns":7},{"damage":1,"enemies":"3 Cultists","floor":31,"turns":5},{"damage":13,"enemies":"Automaton","floor":33,"turns":9},{"damage":10,"enemies":"Orb Walker","floor":35,"turns":3},{"damage":16,"enemies":"3 Shapes","floor":37,"turns":5},{"damage":29,"enemies":"Jaw Worm Horde","floor":41,"turns":6},{"damage":0,"enemies":"Mind Bloom Boss Battle","floor":44,"turns":7},{"damage":24,"enemies":"Writhing Mass","floor":45,"turns":7},{"damage":0,"enemies":"Transient","floor":47,"turns":5},{"damage":0,"enemies":"3 Darklings","floor":48,"turns":7},{"damage":12,"enemies":"Donu and Deca","floor":50,"turns":9}],"seed_played":"-1544620786823217268","potions_obtained":[{"floor":1.0,"key":"Ancient Potion"},{"floor":2.0,"key":"PotionOfCapacity"},{"floor":4.0,"key":"FearPotion"},{"floor":11.0,"key":"SteroidPotion"},{"floor":19,"key":"DuplicationPotion"},{"floor":29,"key":"FearPotion"},{"floor":37,"key":"Explosive Potion"},{"floor":41,"key":"Ancient Potion"}],"is_trial":false,"path_per_floor":["M","?","M","M","$","R","?","E","T","$","M","R","E","$","R","B",null,"M","M","$","?","?","R","$","R","T","$","$","E","R","M","R","B",null,"M","?","M","?","$","R","M","R","T","?","M","$","M","M","R","B",null],"character_chosen":"DEFECT","items_purchased":["Defragment","Capacitor","Ball Lightning","Defragment","Orichalcum","Capacitor","Chill","DataDisk","Biased Cognition"],"campfire_rested":5,"item_purchase_floors":[5,20,20,24,28,28,39,46,46],"current_hp_per_floor":[70,70,70,68,68,68,68,41,41,41,31,31,14,14,37,34,67,69,69,69,69,47,71,71,71,71,71,71,27,66,67,67,56,76,68,68,54,83,83,83,54,83,83,97,73,73,75,77,97,85],"gold":49,"neow_bonus":"TEN_PERCENT_HP_BONUS","is_prod":false,"is_daily":false,"chose_seed":false,"campfire_upgraded":5,"win_rate":0,"timestamp":1569129223,"path_taken":["M","?","M","?","$","R","?","E","T","$","M","R","E","$","R","BOSS","M","M","?","?","?","R","$","R","T","?","$","E","R","M","R","BOSS","M","?","?","?","$","R","?","R","T","?","M","$","M","M","R","BOSS"],"build_version":"2019-09-20","purchased_purges":3,"victory":true,"max_hp_per_floor":[78,78,78,78,78,78,78,78,78,78,78,78,78,78,78,78,78,78,78,78,78,83,83,83,83,83,83,83,83,83,83,83,83,83,83,83,83,83,83,83,83,83,83,97,97,97,97,97,97,97],"card_choices":[{"not_picked":["Aggregate","Steam Power"],"picked":"Turbo","floor":1.0},{"not_picked":["Conserve Battery","Hologram"],"picked":"Ball Lightning","floor":3.0},{"not_picked":["Hologram","Heatsinks"],"picked":"Conserve Battery","floor":4.0},{"not_picked":["Barrage","Skim","Reinforced Body"],"picked":"SKIP","floor":8.0},{"not_picked":["Barrage","Tempest"],"picked":"Redo","floor":11.0},{"not_picked":["FTL","Electrodynamics"],"picked":"Glacier","floor":13},{"not_picked":["Machine Learning","Core Surge"],"picked":"Seek","floor":16},{"not_picked":["Streamline","Cold Snap","Stack"],"picked":"SKIP","floor":18},{"not_picked":["Stack+1","Rebound"],"picked":"Doom and Gloom","floor":19},{"not_picked":["Redo","Turbo","Reprogram"],"picked":"SKIP","floor":29},{"not_picked":["Auto Shields","Redo"],"picked":"Ball Lightning","floor":31},{"not_picked":["Rainbow","Amplify"],"picked":"Echo Form","floor":33},{"not_picked":["Blizzard","Leap"],"picked":"Cold Snap","floor":35},{"not_picked":["Conserve Battery","BootSequence"],"picked":"Sweeping Beam+1","floor":37},{"not_picked":["Go for the Eyes","Streamline+1","Cold Snap"],"picked":"SKIP","floor":41},{"not_picked":["Go for the Eyes+1","Heatsinks"],"picked":"Conserve Battery+1","floor":44},{"not_picked":["Gash","Skim"],"picked":"Cold Snap+1","floor":45},{"not_picked":["Turbo","Auto Shields"],"picked":"Loop","floor":47},{"not_picked":["Recycle","Barrage"],"picked":"Sweeping Beam+1","floor":48}],"player_experience":642073,"relics_obtained":[{"floor":8.0,"key":"Blood Vial"},{"floor":9.0,"key":"Ancient Tea Set"},{"floor":13,"key":"Cables"},{"floor":26,"key":"Old Coin"},{"floor":29,"key":"Regal Pillow"},{"floor":43,"key":"FossilizedHelix"},{"floor":44,"key":"Mango"}],"event_choices":[{"damage_healed":0.0,"max_hp_gain":0.0,"max_hp_loss":0.0,"gold_gain":0.0,"event_name":"The Woman in Blue","player_choice":"Bought 1 Potion","floor":2.0,"gold_loss":0.0,"damage_taken":0.0},{"damage_healed":0.0,"max_hp_gain":0.0,"max_hp_loss":0.0,"gold_gain":0.0,"event_name":"WeMeetAgain","player_choice":"Gave Potion","floor":7.0,"gold_loss":0.0,"damage_taken":0.0,"relics_obtained":["HornCleat"]},{"damage_healed":0,"gold_gain":0,"player_choice":"Read","damage_taken":0,"max_hp_gain":0,"max_hp_loss":0,"event_name":"The Library","floor":21,"gold_loss":0,"cards_obtained":["Creative AI"]},{"damage_healed":0,"gold_gain":0,"player_choice":"Shed Blood","damage_taken":27,"max_hp_gain":5,"max_hp_loss":0,"event_name":"Forgotten Altar","floor":22,"gold_loss":0},{"damage_healed":0,"gold_gain":275,"player_choice":"Desecrate","damage_taken":0,"max_hp_gain":0,"max_hp_loss":0,"event_name":"Golden Shrine","floor":36,"gold_loss":0,"cards_obtained":["Regret"]},{"damage_healed":29,"gold_gain":0,"player_choice":"Full Heal","damage_taken":0,"max_hp_gain":0,"max_hp_loss":0,"event_name":"Wheel of Change","floor":38,"gold_loss":0},{"damage_healed":0,"gold_gain":0,"player_choice":"Fight","damage_taken":0,"max_hp_gain":0,"max_hp_loss":0,"event_name":"MindBloom","floor":44,"gold_loss":0}],"is_beta":true,"boss_relics":[{"not_picked":["Black Star","Astrolabe"],"picked":"SlaversCollar"},{"not_picked":["Runic Dome","Calling Bell"],"picked":"Cursed Key"}],"items_purged_floors":[27,39,46],"is_endless":false,"potions_floor_spawned":[1,4,11,19,29,31,37,41,45],"ascension_level":16}