{"path_per_floor":["M","M","M","?","M","E","M","R","T","M","E","?","E","M","R","B",null,"M","?","?","M","$","E","R","?","T","M","M","?","E","M","R","B",null,"M","M","T","$","?","R","E","T","T","E","R","E","R","M","R","B"],"character_chosen":"THE_SILENT","items_purchased":["Dodecahedron","Blade Dance","Shuriken","Tough Bandages","Accuracy"],"gold_per_floor":[118,130,149,224,238,266,279,279,330,346,371,371,397,408,408,503,503,521,771,696,709,392,421,421,336,336,355,371,371,429,448,448,543,543,563,580,605,22,22,22,48,48,48,73,73,102,102,119,119,119],"floor_reached":51,"campfire_rested":4,"playtime":6946,"current_hp_per_floor":[65,54,54,43,43,26,21,42,42,42,36,29,29,31,31,12,70,70,70,70,65,65,22,43,43,43,20,20,20,14,15,29,47,49,49,41,41,41,41,41,16,16,16,23,37,42,42,49,49,31],"items_purged":[],"gold":119,"score":746,"play_id":"448a76b7-fb4c-4250-b525-312ff7ad4c04","is_prod":false,"is_daily":false,"is_ascension_mode":false,"campfire_upgraded":4,"path_taken":["M","M","M","?","M","E","M","R","T","?","E","?","E","M","R","BOSS","M","?","?","M","$","E","R","?","T","M","?","?","E","M","R","BOSS","M","M","?","?","?","R","E","?","T","E","R","E","R","M","R","BOSS"],"build_version":"2018-02-22-PROD2","purchased_purges":0,"victory":true,"master_deck":["Defend_G","Defend_G","Defend_G","Survivor","Neutralize","Finisher+1","Acrobatics+1","Flechettes+1","Dodge and Roll","Endless Agony","Acrobatics","Terror","Outmaneuver+1","Distraction+1","Expertise","Flying Knee","Well Laid Plans","Phantasmal Killer+1","Tools of the Trade","PiercingWail+1","Dodge and Roll+1","Blade Dance+1","Deflect+1","Distraction+1","Escape Plan+1","Bite","Bite","Bite","Bite+1","Bite+1","Leg Sweep+1","Flying Knee","Venomology+1","Regret","Clumsy","Normality","PiercingWail+1","Infinite Blades+1","Accuracy+1","Dagger Throw+1","Deflect+1","Doppelganger+1","Predator+1"],"max_hp_per_floor":[70,70,70,70,70,70,70,70,70,70,70,70,70,70,70,70,70,70,70,70,70,70,70,70,70,70,70,70,49,49,49,49,49,49,49,49,49,49,49,49,49,49,49,49,49,49,49,49,49,49],"relics":["Astrolabe","Bag of Marbles","Bag of Preparation","Bird Faced Urn","Bottled Lightning","Black Star","Dodecahedron","Ninja Scroll","Toxic Egg 2","Gremlin Horn","Vajra","Whetstone","Tiny Chest","Calling Bell","Pen Nib","War Paint","Darkstone Periapt","Orichalcum","Shuriken","Tough Bandages","Blood Vial","Happy Flower","Kunai","Ginger","Sundial","Unceasing Top","Juzu Bracelet","Anchor"],"card_choices":[{"not_picked":["Heel Hook","PiercingWail"],"picked":"Dodge and Roll"},{"not_picked":["Outmaneuver","Deadly Poison"],"picked":"Endless Agony"},{"not_picked":["Envenom","All Out Attack"],"picked":"Acrobatics"},{"not_picked":["Poisoned Stab","Deadly Poison"],"picked":"Terror"},{"not_picked":["Blade Dance","Terror"],"picked":"Outmaneuver"},{"not_picked":["Endless Agony","Escape Plan"],"picked":"Distraction"},{"not_picked":["Catalyst","Underhanded Strike"],"picked":"Expertise"},{"not_picked":["Dodge and Roll","Poisoned Stab"],"picked":"Flying Knee"},{"not_picked":["Outmaneuver","Underhanded Strike"],"picked":"Well Laid Plans"},{"not_picked":["Finisher","Dagger Spray"],"picked":"Phantasmal Killer"},{"not_picked":["Burst","Venomology"],"picked":"Tools of the Trade"},{"not_picked":["Poisoned Stab","All Out Attack"],"picked":"PiercingWail"},{"not_picked":["Deflect","Masterful Stab"],"picked":"Dodge and Roll"},{"not_picked":["Blur","Finisher"],"picked":"Deflect"},{"not_picked":["PiercingWail","Dash"],"picked":"Distraction"},{"not_picked":["Outmaneuver","Quick Slash"],"picked":"Escape Plan"},{"not_picked":["Finisher","Skewer"],"picked":"Leg Sweep"},{"not_picked":["Backflip","Blade Dance"],"picked":"Flying Knee"},{"not_picked":["Phantasmal Killer","Die Die Die"],"picked":"Venomology"},{"not_picked":["Flying Knee","Deadly Poison"],"picked":"PiercingWail"},{"not_picked":["Prepared","Dagger Throw"],"picked":"Infinite Blades"},{"not_picked":["Bouncing Flask","Bane"],"picked":"Dagger Throw"},{"not_picked":["Heel Hook","Flying Knee"],"picked":"Deflect"},{"not_picked":["Deflect","Bane"],"picked":"Doppelganger"},{"not_picked":["Heel Hook","Prepared"],"picked":"Predator"}],"player_experience":20419,"potions_floor_usage":[6,13,16,23,23,30,31,33,36,41,41,44,46,46,50],"damage_taken":[{"damage":5,"enemies":"2 Louse","floor":1,"turns":3},{"damage":11,"enemies":"Jaw Worm","floor":2,"turns":2},{"damage":0,"enemies":"Cultist","floor":3,"turns":3},{"damage":0,"enemies":"Blue Slaver","floor":5,"turns":3},{"damage":17,"enemies":"Gremlin Nob","floor":6,"turns":4},{"damage":5,"enemies":"Looter","floor":7,"turns":2},{"damage":0,"enemies":"Red Slaver","floor":10,"turns":1},{"damage":6,"enemies":"3 Sentries","floor":11,"turns":7},{"damage":0,"enemies":"Gremlin Nob","floor":13,"turns":2},{"damage":0,"enemies":"2 Fungi Beasts","floor":14,"turns":3},{"damage":36,"enemies":"The Guardian","floor":16,"turns":9},{"damage":0,"enemies":"Shell Parasite","floor":18,"turns":2},{"damage":5,"enemies":"Spheric Guardian","floor":21,"turns":3},{"damage":45,"enemies":"Slavers","floor":23,"turns":7},{"damage":27,"enemies":"Chosen and Byrds","floor":27,"turns":6},{"damage":0,"enemies":"Snake Plant","floor":28,"turns":1},{"damage":10,"enemies":"Book of Stabbing","floor":30,"turns":3},{"damage":15,"enemies":"Cultist and Chosen","floor":31,"turns":6},{"damage":16,"enemies":"Champ","floor":33,"turns":15},{"damage":0,"enemies":"Orb Walker","floor":35,"turns":2},{"damage":22,"enemies":"3 Darklings","floor":36,"turns":9},{"damage":38,"enemies":"2 Orb Walkers","floor":41,"turns":5},{"damage":12,"enemies":"Giant Head","floor":44,"turns":7},{"damage":7,"enemies":"2 Orb Walkers","floor":46,"turns":4},{"damage":0,"enemies":"Sphere and 2 Shapes","floor":48,"turns":3},{"damage":27,"enemies":"Time Eater","floor":50,"turns":5}],"event_choices":[{"event_name":"World of Goop","player_choice":"Gather Gold","floor":4,"damage_taken":0},{"event_name":"Golden Wing","player_choice":"Card Removal","floor":12,"damage_taken":0},{"event_name":"Golden Shrine","player_choice":"Desecrate","floor":19,"damage_taken":0},{"event_name":"Beggar","player_choice":"Gave Gold","floor":20,"damage_taken":0},{"event_name":"Addict","player_choice":"Obtained Relic","floor":25,"damage_taken":0},{"event_name":"Vampires","player_choice":"Became a vampire","floor":29,"damage_taken":0},{"event_name":"Purifier","player_choice":"One Purge","floor":39,"damage_taken":0}],"boss_relics":[{"not_picked":["The Specimen","Tiny House"],"picked":"Black Star"},{"not_picked":["Velvet Choker","Runic Dome"],"picked":"Calling Bell"}],"potions_floor_spawned":[2,5,11,13,16,23,28,30,33,36,41,46],"seed_played":"587658827730779118","ascension_level":0,"is_trial":false}