{"gold_per_floor":[114,114,39,39,39,72,72,88,114,114,149,149,177,197,197,298,298,314,333,346,358,358],"floor_reached":22,"playtime":829,"items_purged":["Regret"],"score":298,"play_id":"18cff072-f63b-4c00-8f28-b74d810941b7","local_time":"20190828001258","is_ascension_mode":true,"campfire_choices":[{"data":"Chaos","floor":7,"key":"SMITH"},{"data":"Chill","floor":10,"key":"SMITH"},{"data":"Dualcast","floor":12,"key":"SMITH"},{"data":"Static Discharge","floor":15,"key":"SMITH"}],"neow_cost":"NONE","seed_source_timestamp":87310603913914,"circlet_count":0,"master_deck":["Strike_B","Strike_B","Strike_B","Strike_B","Defend_B","Defend_B","Defend_B","Defend_B","Zap+1","Dualcast+1","Genetic Algorithm+1","Chaos+1","Chill+1","Amplify","Compile Driver","Static Discharge+1","Creative AI","Ball Lightning","Leap","Conserve Battery+1","Go for the Eyes+1"],"relics":["Cracked Core","NeowsBlessing","Omamori","Nunchaku","Potion Belt","Symbiotic Virus","Bag of Preparation","Sozu"],"potions_floor_usage":[16],"damage_taken":[{"damage":0,"enemies":"Cultist","floor":1,"turns":1},{"damage":0,"enemies":"Gremlin Nob","floor":6,"turns":1},{"damage":0,"enemies":"Jaw Worm","floor":8,"turns":1},{"damage":20,"enemies":"3 Sentries","floor":11,"turns":10},{"damage":32,"enemies":"Lagavulin","floor":13,"turns":6},{"damage":0,"enemies":"Small Slimes","floor":14,"turns":2},{"damage":9,"enemies":"Slime Boss","floor":16,"turns":7},{"damage":8,"enemies":"Chosen","floor":18,"turns":4},{"damage":9,"enemies":"3 Byrds","floor":19,"turns":2},{"damage":25,"enemies":"Cultist and Chosen","floor":20,"turns":5},{"damage":8,"enemies":"Chosen and Byrds","floor":21,"turns":6},{"damage":12,"enemies":"Masked Bandits","floor":22,"turns":3}],"seed_played":"-1859086676444324763","potions_obtained":[{"floor":11,"key":"Poison Potion"},{"floor":14,"key":"EssenceOfSteel"}],"is_trial":false,"path_per_floor":["M","?","$","?","?","E","R","M","T","R","E","R","E","M","R","B",null,"M","M","M","M","?"],"character_chosen":"DEFECT","items_purchased":[],"campfire_rested":0,"item_purchase_floors":[],"current_hp_per_floor":[68,68,68,68,68,68,68,68,68,68,48,48,16,16,16,7,58,50,41,16,8,0],"gold":358,"neow_bonus":"THREE_ENEMY_KILL","is_prod":false,"is_daily":false,"chose_seed":false,"campfire_upgraded":4,"win_rate":0,"timestamp":1566965578,"path_taken":["M","?","$","?","?","E","R","M","T","R","E","R","E","M","R","BOSS","M","M","M","?","?"],"build_version":"2019-08-26","purchased_purges":1,"victory":false,"max_hp_per_floor":[75,75,75,75,75,75,75,75,75,75,75,75,75,75,75,75,75,75,75,75,75,75],"card_choices":[{"not_picked":["Rebound","Chill"],"picked":"Genetic Algorithm","floor":1},{"not_picked":["Ball Lightning","Core Surge"],"picked":"Chaos","floor":6},{"not_picked":["Loop","Steam"],"picked":"Chill","floor":8},{"not_picked":["Beam Cell","Conserve Battery"],"picked":"Amplify","floor":11},{"not_picked":["Darkness","Gash"],"picked":"Compile Driver","floor":13},{"not_picked":["Conserve Battery","Fusion"],"picked":"Static Discharge","floor":14},{"not_picked":["Reboot","Multi-Cast"],"picked":"Creative AI","floor":16},{"not_picked":["Sweeping Beam","Barrage"],"picked":"Ball Lightning","floor":18},{"not_picked":["Doom and Gloom","Sweeping Beam"],"picked":"Leap","floor":19},{"not_picked":["Turbo","Leap"],"picked":"Conserve Battery+1","floor":20},{"not_picked":["Turbo+1","Beam Cell"],"picked":"Go for the Eyes+1","floor":21}],"player_experience":116297,"relics_obtained":[{"floor":6,"key":"Nunchaku"},{"floor":9,"key":"Potion Belt"},{"floor":11,"key":"Symbiotic Virus"},{"floor":13,"key":"Bag of Preparation"}],"event_choices":[{"damage_healed":0,"gold_gain":0,"player_choice":"Box","damage_taken":0,"relics_obtained":["Omamori"],"max_hp_gain":0,"max_hp_loss":0,"event_name":"Big Fish","floor":2,"gold_loss":0,"cards_obtained":["Regret"]},{"damage_healed":0,"gold_gain":0,"player_choice":"Grow","damage_taken":0,"max_hp_gain":0,"max_hp_loss":0,"event_name":"Living Wall","floor":4,"gold_loss":0,"cards_upgraded":["Zap"]},{"damage_healed":0,"gold_gain":0,"player_choice":"Upgraded","damage_taken":0,"max_hp_gain":0,"max_hp_loss":0,"event_name":"Upgrade Shrine","floor":5,"gold_loss":0,"cards_upgraded":["Genetic Algorithm"]},{"damage_healed":0,"gold_gain":0,"player_choice":"Fought Bandits","damage_taken":0,"max_hp_gain":0,"max_hp_loss":0,"event_name":"Masked Bandits","floor":22,"gold_loss":0}],"is_beta":true,"boss_relics":[{"not_picked":["Tiny House","Astrolabe"],"picked":"Sozu"}],"items_purged_floors":[3],"is_endless":false,"potions_floor_spawned":[11,14,18],"killed_by":"Masked Bandits","ascension_level":6}