{"path_per_floor":["M","?","?","?","M","E","M","M","T","E","R","E","M","E","R","B",null,"M","$","M","M","?","E","R","M","T","M","$","M","?","T","R","B",null,"M","M","M","?","M","R","?","M","T","R","M","?","$","E","R","B"],"character_chosen":"THE_SILENT","items_purchased":["Shuriken","Matryoshka","Vajra","Dash","Bottled Tornado","Deadly Poison"],"gold_per_floor":[19,194,194,144,155,190,204,221,221,556,556,582,595,624,624,723,723,741,257,268,287,287,313,313,332,332,346,44,61,61,84,84,182,212,223,239,258,258,271,271,319,335,335,335,350,350,63,91,91,91],"floor_reached":51,"campfire_rested":0,"playtime":3072,"item_purchase_floors":[19,19,28,28,47,47],"current_hp_per_floor":[64,64,64,64,64,58,58,57,57,57,57,57,57,57,57,57,70,70,70,70,63,63,47,47,38,38,48,48,48,48,48,48,27,75,75,75,75,75,75,75,75,72,72,72,72,72,72,49,49,48],"items_purged":["Strike_G"],"gold":91,"score":984,"play_id":"d09f7550-daf7-4094-80e3-862ec65fe433","local_time":"20180521032242","is_prod":false,"is_daily":false,"chose_seed":false,"is_ascension_mode":true,"campfire_upgraded":0,"timestamp":1526887362,"campfire_choices":[{"data":"1","floor":11,"key":"LIFT"},{"data":"2","floor":15,"key":"LIFT"},{"data":"3","floor":24,"key":"LIFT"},{"floor":32,"key":"DIG"},{"floor":40,"key":"DIG"},{"floor":44,"key":"DIG"},{"floor":49,"key":"DIG"}],"path_taken":["M","?","?","?","?","E","M","M","T","E","R","E","M","E","R","BOSS","M","$","M","?","?","E","R","M","T","M","?","M","?","?","R","BOSS","M","M","M","?","?","R","?","?","T","R","M","?","?","E","R","BOSS"],"build_version":"2018-05-18","seed_source_timestamp":90161602257632,"purchased_purges":1,"victory":true,"master_deck":["Defend_G","Defend_G","Defend_G","Defend_G","Defend_G","Strike_G","Strike_G+1","Strike_G","Survivor+1","Neutralize","Phantasmal Killer","Dash+1","Die Die Die","Leg Sweep","Heel Hook","Adrenaline+1","Backflip","Backstab","Expertise","Dagger Throw+1","Glass Knife","Riddle With Holes","Envenom","Prepared+1","Dodge and Roll+1","Dash","Leg Sweep","Backstab","Dash","Riddle With Holes","Unload","Footwork","Calculated Gamble+1","Backstab+1","Infinite Blades+1","Dagger Throw","Night Terror","Prepared+1","Flying Knee+1","Deadly Poison","Burst"],"max_hp_per_floor":[70,70,70,70,70,70,70,70,70,70,70,70,70,70,70,70,70,70,70,70,70,70,70,70,70,70,70,70,70,70,70,70,70,75,75,75,75,75,75,75,75,75,75,75,75,75,75,75,75,75],"relics":["Ring of the Snake","Thread and Needle","Girya","Old Coin","Ice Cream","Whetstone","Runic Dome","Shuriken","Matryoshka","Letter Opener","Oddly Smooth Stone","Shovel","Vajra","War Paint","Bronze Scales","Boot","Tiny House","Snake Skull","Calipers","Regal Pillow","Mercury Hourglass","Bottled Tornado","Blue Candle","Torii"],"card_choices":[{"not_picked":["Bullet Time","Adrenaline"],"picked":"Phantasmal Killer","floor":0},{"not_picked":["Slice","Distraction"],"picked":"Dash","floor":1},{"not_picked":["Quick Slash","Dagger Spray"],"picked":"Heel Hook","floor":5},{"not_picked":["Slice","Deadly Poison"],"picked":"Adrenaline","floor":6},{"not_picked":["Underhanded Strike","Catalyst"],"picked":"Backflip","floor":7},{"not_picked":["Malaise","Slice"],"picked":"Backstab","floor":8},{"not_picked":["Riddle With Holes","Dash"],"picked":"Expertise","floor":10},{"not_picked":["Cloak And Dagger","Distraction"],"picked":"Dagger Throw","floor":12},{"not_picked":["Dodge and Roll","Bane"],"picked":"Glass Knife","floor":13},{"not_picked":["Cloak And Dagger","Poisoned Stab"],"picked":"Riddle With Holes","floor":14},{"not_picked":["Venomology","Wraith Form v2"],"picked":"Envenom","floor":16},{"not_picked":["Dagger Spray+1","Dodge and Roll"],"picked":"Prepared+1","floor":18},{"not_picked":["Prepared","Acrobatics"],"picked":"Dodge and Roll+1","floor":20},{"not_picked":["Deadly Poison","Distraction"],"picked":"Dash","floor":21},{"not_picked":["Deflect+1","Eviscerate"],"picked":"Leg Sweep","floor":23},{"not_picked":["Deadly Poison","Choke"],"picked":"Backstab","floor":25},{"not_picked":["Finisher","Quick Slash","Wraith Form v2"],"picked":"SKIP","floor":27},{"not_picked":["Blur","Cloak And Dagger+1"],"picked":"Riddle With Holes","floor":29},{"not_picked":["Corpse Explosion","Venomology"],"picked":"Unload","floor":33},{"not_picked":["Leg Sweep","Poisoned Stab"],"picked":"Footwork","floor":34},{"not_picked":["Dash","Crippling Poison+1"],"picked":"Calculated Gamble+1","floor":35},{"not_picked":["Poisoned Stab+1","Sucker Punch+1"],"picked":"Backstab+1","floor":36},{"not_picked":["Backflip","Prepared+1"],"picked":"Infinite Blades+1","floor":37},{"not_picked":["Acrobatics","Masterful Stab"],"picked":"Dagger Throw","floor":39},{"not_picked":["Slice","All Out Attack"],"picked":"Night Terror","floor":41},{"not_picked":["Slice+1","Deflect"],"picked":"Prepared+1","floor":42},{"not_picked":["Poisoned Stab+1","Acrobatics"],"picked":"Flying Knee+1","floor":45},{"not_picked":["Deadly Poison+1","All Out Attack"],"picked":"Burst","floor":48}],"player_experience":104361,"potions_floor_usage":[16,23,27,50,50,50],"damage_taken":[{"damage":6,"enemies":"Small Slimes","floor":1,"turns":5},{"damage":0,"enemies":"2 Louse","floor":5,"turns":1},{"damage":6,"enemies":"3 Sentries","floor":6,"turns":5},{"damage":0,"enemies":"Cultist","floor":7,"turns":3},{"damage":1,"enemies":"Looter","floor":8,"turns":3},{"damage":0,"enemies":"Gremlin Nob","floor":10,"turns":4},{"damage":0,"enemies":"3 Sentries","floor":12,"turns":7},{"damage":0,"enemies":"Exordium Wildlife","floor":13,"turns":4},{"damage":0,"enemies":"Lagavulin","floor":14,"turns":6},{"damage":0,"enemies":"The Guardian","floor":16,"turns":12},{"damage":0,"enemies":"Shell Parasite","floor":18,"turns":4},{"damage":0,"enemies":"3 Byrds","floor":20,"turns":4},{"damage":7,"enemies":"Centurion and Healer","floor":21,"turns":4},{"damage":16,"enemies":"Book of Stabbing","floor":23,"turns":5},{"damage":9,"enemies":"Snecko","floor":25,"turns":4},{"damage":2,"enemies":"Slaver and Parasite","floor":27,"turns":4},{"damage":0,"enemies":"3 Cultists","floor":29,"turns":3},{"damage":21,"enemies":"Automaton","floor":33,"turns":9},{"damage":0,"enemies":"Flame Bruiser 1 Orb","floor":35,"turns":4},{"damage":0,"enemies":"Orb Walker","floor":36,"turns":3},{"damage":0,"enemies":"Maw","floor":37,"turns":6},{"damage":0,"enemies":"Sphere and 2 Shapes","floor":39,"turns":3},{"damage":0,"enemies":"Mysterious Sphere","floor":41,"turns":3},{"damage":3,"enemies":"Flame Bruiser 2 Orb","floor":42,"turns":4},{"damage":0,"enemies":"3 Darklings","floor":45,"turns":2},{"damage":23,"enemies":"Giant Head","floor":48,"turns":6},{"damage":1,"enemies":"Time Eater","floor":50,"turns":10}],"relics_obtained":[{"floor":6,"key":"Thread and Needle"},{"floor":9,"key":"Girya"},{"floor":10,"key":"Old Coin"},{"floor":12,"key":"Ice Cream"},{"floor":14,"key":"Whetstone"},{"floor":23,"key":"Letter Opener"},{"floor":26,"key":"Oddly Smooth Stone"},{"floor":26,"key":"Shovel"},{"floor":31,"key":"War Paint"},{"floor":31,"key":"Bronze Scales"},{"floor":32,"key":"Boot"},{"floor":40,"key":"Snake Skull"},{"floor":41,"key":"Calipers"},{"floor":43,"key":"Regal Pillow"},{"floor":44,"key":"Mercury Hourglass"},{"floor":48,"key":"Blue Candle"},{"floor":49,"key":"Torii"}],"event_choices":[{"event_name":"Liars Game","player_choice":"agreed","floor":2,"damage_taken":0},{"event_name":"Match and Keep!","player_choice":"2 cards matched","floor":3,"damage_taken":0},{"event_name":"The Cleric","player_choice":"Card Removal","floor":4,"damage_taken":0},{"event_name":"Purifier","player_choice":"One Purge","floor":22,"damage_taken":0},{"event_name":"Drug Dealer","player_choice":"Ignored","floor":30,"damage_taken":0},{"event_name":"The Lab","player_choice":"Got Potions","floor":38,"damage_taken":0},{"event_name":"Mysterious Sphere","player_choice":"Fight","floor":41,"damage_taken":0},{"event_name":"Tomb of Lord Red Mask","player_choice":"Ignored","floor":46,"damage_taken":0}],"boss_relics":[{"not_picked":["Orrery","Ectoplasm"],"picked":"Runic Dome"},{"not_picked":["Velvet Choker","Runic Pyramid"],"picked":"Tiny House"}],"items_purged_floors":[28],"potions_floor_spawned":[6,7,13,18,21,23,29,35,41,45],"seed_played":"8563594335293962283","ascension_level":2,"potions_obtained":[{"floor":6,"key":"EssenceOfSteel"},{"floor":7,"key":"SpeedPotion"},{"floor":13,"key":"Strength Potion"},{"floor":18,"key":"SpeedPotion"},{"floor":21,"key":"Regen Potion"},{"floor":23,"key":"SpeedPotion"},{"floor":29,"key":"EssenceOfSteel"},{"floor":35,"key":"Weak Potion"},{"floor":38,"key":"LiquidBronze"}],"is_trial":false}