{"gold_per_floor":[111,130,140,159,173,199,199,227,227,227],"floor_reached":10,"playtime":450,"items_purged":[],"score":92,"play_id":"4dee5276-7054-4378-ac41-ccc0b403dd1c","local_time":"20190826170103","is_ascension_mode":true,"campfire_choices":[],"neow_cost":"NONE","seed_source_timestamp":966841365774500,"circlet_count":0,"master_deck":["Strike_B","Strike_B","Strike_B","Strike_B","Defend_B","Defend_B","Defend_B","Defend_B","Zap+1","Dualcast","Genetic Algorithm","Sunder","BootSequence","Go for the Eyes","Go for the Eyes","Biased Cognition"],"relics":["Cracked Core","The Courier","Turnip","Pantograph"],"potions_floor_usage":[5,8,8],"damage_taken":[{"damage":1,"enemies":"Cultist","floor":1,"turns":3},{"damage":2,"enemies":"Jaw Worm","floor":2,"turns":4},{"damage":9,"enemies":"Small Slimes","floor":3,"turns":2},{"damage":6,"enemies":"3 Louse","floor":4,"turns":3},{"damage":0,"enemies":"Gremlin Gang","floor":5,"turns":3},{"damage":48,"enemies":"Lagavulin","floor":6,"turns":7},{"damage":13,"enemies":"Gremlin Nob","floor":8,"turns":4},{"damage":15,"enemies":"2 Fungi Beasts","floor":10,"turns":2}],"seed_played":"6869680502771222335","potions_obtained":[{"floor":1,"key":"Dexterity Potion"},{"floor":2,"key":"Strength Potion"},{"floor":4,"key":"Explosive Potion"},{"floor":8,"key":"Dexterity Potion"}],"is_trial":false,"path_per_floor":["M","M","M","M","M","E","?","E","T","M"],"character_chosen":"DEFECT","items_purchased":[],"campfire_rested":0,"item_purchase_floors":[],"current_hp_per_floor":[81,79,70,64,64,16,16,3,3,0],"gold":227,"neow_bonus":"TEN_PERCENT_HP_BONUS","is_prod":false,"is_daily":false,"chose_seed":false,"campfire_upgraded":0,"win_rate":0,"timestamp":1566831663,"path_taken":["M","M","M","M","?","E","?","E","T","M"],"build_version":"2019-07-17","purchased_purges":0,"victory":false,"max_hp_per_floor":[82,82,82,82,82,82,82,82,82,82],"card_choices":[{"not_picked":["White Noise","Turbo","Hello World"],"picked":"SKIP","floor":1},{"not_picked":["Streamline","Steam"],"picked":"Genetic Algorithm","floor":2},{"not_picked":["Compile Driver","Echo Form"],"picked":"Sunder","floor":3},{"not_picked":["Reinforced Body","Steam"],"picked":"BootSequence","floor":4},{"not_picked":["Cold Snap","Hello World"],"picked":"Go for the Eyes","floor":5},{"not_picked":["Fusion","White Noise"],"picked":"Go for the Eyes","floor":6},{"not_picked":["Go for the Eyes","Cold Snap"],"picked":"Biased Cognition","floor":8}],"player_experience":213985,"relics_obtained":[{"floor":6,"key":"The Courier"},{"floor":8,"key":"Turnip"},{"floor":9,"key":"Pantograph"}],"event_choices":[{"damage_healed":0,"gold_gain":0,"player_choice":"Upgraded","damage_taken":0,"max_hp_gain":0,"max_hp_loss":0,"event_name":"Upgrade Shrine","floor":7,"gold_loss":0,"cards_upgraded":["Zap"]}],"is_beta":false,"boss_relics":[],"items_purged_floors":[],"is_endless":false,"potions_floor_spawned":[1,2,4,8],"killed_by":"2 Fungi Beasts","ascension_level":3}