{"gold_per_floor":[109,125,144,144,154,154,119,119,170,183,210,210,220,23,23,122,122,140,155,155,169,183,183,98,98,124,159,159,159,172,172,172,268,268,281,14,114,134,35,66,66,92,92,118,118,151,175,195,195,195],"floor_reached":51,"playtime":2155,"items_purged":[],"score":1419,"play_id":"bc99f222-934c-40bc-94b8-7e210dafca12","local_time":"20190701175815","is_ascension_mode":true,"campfire_choices":[{"data":"Doom and Gloom","floor":6,"key":"SMITH"},{"data":"Conserve Battery","floor":8,"key":"SMITH"},{"floor":12,"key":"REST"},{"data":"White Noise","floor":15,"key":"SMITH"},{"floor":23,"key":"REST"},{"data":"Coolheaded","floor":25,"key":"SMITH"},{"data":"Capacitor","floor":28,"key":"SMITH"},{"floor":32,"key":"REST"},{"data":"Conserve Battery","floor":41,"key":"SMITH"},{"data":"Echo Form","floor":45,"key":"SMITH"},{"data":"Dualcast","floor":49,"key":"SMITH"}],"neow_cost":"NONE","seed_source_timestamp":896453316915100,"circlet_count":0,"master_deck":["AscendersBane","Strike_B+1","Strike_B+1","Defend_B+1","Defend_B+1","Defend_B+1","Defend_B+1","Zap+1","Dualcast+1","Doom and Gloom+1","Conserve Battery+1","Coolheaded+1","Barrage","White Noise+1","BootSequence","Seek+1","Compile Driver","Conserve Battery+1","Consume+1","Capacitor+1","Conserve Battery+1","Rainbow+1","Echo Form+1"],"relics":["FrozenCore","Orichalcum","Potion Belt","Regal Pillow","Runic Capacitor","Sozu","Omamori","Bronze Scales","Boot","Membership Card","Anchor","Dead Branch","Lee\u0027s Waffle","FossilizedHelix","Dodecahedron","Pantograph","DataDisk","Question Card","War Paint"],"potions_floor_usage":[27,50,50,50],"damage_taken":[{"damage":5,"enemies":"Cultist","floor":1,"turns":4},{"damage":3,"enemies":"Small Slimes","floor":2,"turns":3},{"damage":1,"enemies":"2 Louse","floor":3,"turns":2},{"damage":10,"enemies":"Blue Slaver","floor":5,"turns":3},{"damage":2,"enemies":"2 Fungi Beasts","floor":10,"turns":3},{"damage":12,"enemies":"3 Sentries","floor":11,"turns":5},{"damage":10,"enemies":"Large Slime","floor":13,"turns":5},{"damage":38,"enemies":"The Guardian","floor":16,"turns":10},{"damage":6,"enemies":"Shell Parasite","floor":18,"turns":6},{"damage":7,"enemies":"2 Thieves","floor":19,"turns":3},{"damage":16,"enemies":"Snake Plant","floor":21,"turns":5},{"damage":0,"enemies":"Sentry and Sphere","floor":22,"turns":3},{"damage":26,"enemies":"Gremlin Leader","floor":27,"turns":6},{"damage":14,"enemies":"3 Cultists","floor":30,"turns":4},{"damage":32,"enemies":"Collector","floor":33,"turns":8},{"damage":0,"enemies":"Orb Walker","floor":35,"turns":5},{"damage":1,"enemies":"Mind Bloom Boss Battle","floor":37,"turns":7},{"damage":0,"enemies":"3 Shapes","floor":38,"turns":4},{"damage":10,"enemies":"Giant Head","floor":40,"turns":9},{"damage":0,"enemies":"Nemesis","floor":42,"turns":10},{"damage":0,"enemies":"Giant Head","floor":44,"turns":8},{"damage":0,"enemies":"Nemesis","floor":46,"turns":9},{"damage":0,"enemies":"Transient","floor":48,"turns":5},{"damage":0,"enemies":"Time Eater","floor":50,"turns":10}],"seed_played":"-3606301518094952924","potions_obtained":[{"floor":3,"key":"Block Potion"},{"floor":5,"key":"Dexterity Potion"},{"floor":11,"key":"Strength Potion"},{"floor":13,"key":"SteroidPotion"}],"is_trial":false,"path_per_floor":["M","M","M","?","M","R","?","R","T","M","E","R","M","$","R","B",null,"M","M","?","M","M","R","?","R","T","E","R","?","M","?","R","B",null,"M","$","?","M","$","E","R","E","T","E","R","E","T","M","R","B",null],"character_chosen":"DEFECT","items_purchased":["Runic Capacitor","Membership Card","Anchor","Lee\u0027s Waffle"],"campfire_rested":3,"item_purchase_floors":[14,36,36,39],"current_hp_per_floor":[63,60,59,44,34,34,52,52,52,50,38,75,65,65,65,27,63,57,50,50,34,34,71,71,71,71,45,45,45,31,31,68,36,65,65,65,64,64,82,72,72,72,72,72,72,72,72,72,72,82],"gold":195,"neow_bonus":"RANDOM_COMMON_RELIC","is_prod":false,"is_daily":false,"chose_seed":false,"campfire_upgraded":8,"win_rate":0,"timestamp":1562000295,"path_taken":["M","?","M","?","M","R","?","R","T","M","E","R","M","$","R","BOSS","M","M","?","M","M","R","?","R","T","E","R","?","M","?","R","BOSS","M","$","?","M","$","E","R","E","T","E","R","E","?","?","R","BOSS"],"build_version":"2019-01-23","purchased_purges":0,"victory":true,"max_hp_per_floor":[75,75,75,75,75,75,75,75,75,75,75,75,75,75,75,75,75,75,75,75,75,75,75,75,75,75,75,75,75,75,75,75,75,75,75,75,75,75,82,82,82,82,82,82,82,82,82,82,82,82],"card_choices":[{"not_picked":["Coolheaded","Leap"],"picked":"Doom and Gloom","floor":1},{"not_picked":["Streamline","Stack"],"picked":"Conserve Battery","floor":2},{"not_picked":["Turbo","Beam Cell","Tempest"],"picked":"SKIP","floor":3},{"not_picked":["Sweeping Beam","Seek"],"picked":"Coolheaded","floor":5},{"not_picked":["Melter","Cold Snap"],"picked":"Barrage","floor":10},{"not_picked":["Redo","Reprogram"],"picked":"White Noise","floor":11},{"not_picked":["Compile Driver","Beam Cell"],"picked":"BootSequence","floor":13},{"not_picked":["Reboot","Creative AI"],"picked":"Seek","floor":16},{"not_picked":["Coolheaded+1","Streamline+1"],"picked":"Compile Driver","floor":18},{"not_picked":["Beam Cell","Meteor Strike"],"picked":"Conserve Battery+1","floor":19},{"not_picked":["Barrage","Gash","Stack"],"picked":"SKIP","floor":21},{"not_picked":["Aggregate+1","Compile Driver"],"picked":"Consume+1","floor":22},{"not_picked":["Barrage","Rebound"],"picked":"Capacitor","floor":27},{"not_picked":["Redo","Sweeping Beam","Tempest"],"picked":"SKIP","floor":30},{"not_picked":["Auto Shields","Beam Cell+1","Gash+1"],"picked":"SKIP","floor":35},{"not_picked":["Rebound","Heatsinks","Compile Driver+1"],"picked":"SKIP","floor":38},{"not_picked":["Hologram+1","Redo","Beam Cell+1"],"picked":"SKIP","floor":40},{"not_picked":["Ball Lightning","Steam+1"],"picked":"Echo Form","floor":42},{"not_picked":["Chaos","Barrage","Conserve Battery"],"picked":"SKIP","floor":44},{"not_picked":["Gash+1","Steam","Hologram+1"],"picked":"SKIP","floor":46},{"not_picked":["Coolheaded+1","Conserve Battery","Turbo","Hologram"],"picked":"SKIP","floor":48}],"player_experience":176003,"relics_obtained":[{"floor":9,"key":"Potion Belt"},{"floor":11,"key":"Regal Pillow"},{"floor":26,"key":"Bronze Scales"},{"floor":27,"key":"Boot"},{"floor":37,"key":"Dead Branch"},{"floor":40,"key":"FossilizedHelix"},{"floor":42,"key":"Dodecahedron"},{"floor":43,"key":"Pantograph"},{"floor":44,"key":"DataDisk"},{"floor":46,"key":"Question Card"},{"floor":47,"key":"War Paint"}],"event_choices":[{"damage_healed":0,"gold_gain":0,"player_choice":"Entered Light","damage_taken":15,"max_hp_gain":0,"max_hp_loss":0,"event_name":"Shining Light","floor":4,"gold_loss":0,"cards_upgraded":["Zap","Strike_B"]},{"damage_healed":18,"gold_gain":0,"player_choice":"Healed","damage_taken":0,"max_hp_gain":0,"max_hp_loss":0,"event_name":"The Cleric","floor":7,"gold_loss":35},{"damage_healed":0,"gold_gain":0,"player_choice":"Simplicity","damage_taken":0,"max_hp_gain":0,"max_hp_loss":0,"event_name":"Back to Basics","floor":20,"gold_loss":0,"cards_upgraded":["Strike_B","Strike_B","Strike_B","Defend_B","Defend_B","Defend_B","Defend_B"]},{"damage_healed":0,"gold_gain":0,"player_choice":"Obtained Relic","damage_taken":0,"relics_obtained":["Omamori"],"max_hp_gain":0,"max_hp_loss":0,"event_name":"Addict","floor":24,"gold_loss":85},{"damage_healed":0,"gold_gain":0,"cards_transformed":["Strike_B","Strike_B"],"player_choice":"Became Test Subject","damage_taken":0,"max_hp_gain":0,"max_hp_loss":0,"event_name":"Drug Dealer","floor":29,"gold_loss":0,"cards_obtained":["Conserve Battery","Rainbow"]},{"damage_healed":0,"gold_gain":0,"player_choice":"Ignored","damage_taken":0,"max_hp_gain":0,"max_hp_loss":0,"event_name":"Ghosts","floor":31,"gold_loss":0},{"damage_healed":0,"gold_gain":0,"player_choice":"Fight","damage_taken":0,"max_hp_gain":0,"max_hp_loss":0,"event_name":"MindBloom","floor":37,"gold_loss":0}],"is_beta":false,"boss_relics":[{"not_picked":["Tiny House","Coffee Dripper"],"picked":"Sozu"},{"not_picked":["Pandora\u0027s Box","Snecko Eye"],"picked":"FrozenCore"}],"items_purged_floors":[],"is_endless":false,"potions_floor_spawned":[3,5,11,13,19,27,35,38,40,42,46],"ascension_level":11}