{"gold_per_floor":[14,14,89,101,121,149,149,161,161,177,142,142,201,218,218,317,317,328,328,341,341,352,379,379,66,66,83,100,116,116,135,135,239,239,253,46,57,70,21,55,55,83,83,83,116,135,149,478,478,478,478,478,25,58,58],"floor_reached":56,"playtime":3389,"items_purged":["Strike_B"],"score":1506,"play_id":"fc16c28c-8e8f-458b-b779-f8da13f1209d","local_time":"20190505002023","is_ascension_mode":true,"campfire_choices":[{"data":"Zap","floor":7.0,"key":"SMITH"},{"data":"Go for the Eyes","floor":12.0,"key":"SMITH"},{"data":"Glacier","floor":15.0,"key":"SMITH"},{"floor":24.0,"key":"REST"},{"data":"Echo Form","floor":32,"key":"SMITH"},{"floor":41,"key":"RECALL"},{"floor":44,"key":"REST"},{"floor":49,"key":"REST"},{"floor":52,"key":"REST"}],"neow_cost":"NO_GOLD","seed_source_timestamp":33380191702800,"circlet_count":0,"master_deck":["Strike_B","Strike_B+1","Strike_B","Defend_B+1","Defend_B","Defend_B","Defend_B+1","Zap+1","Dualcast","All For One","Undo","BootSequence","Cold Snap+1","Streamline","Go for the Eyes+1","Glacier+1","Echo Form+1","Loop+1","Coolheaded","Defragment+1","Hologram+1","Capacitor","Coolheaded","Panacea","Defragment+1","Parasite","Chill+1","BootSequence+1","Doom and Gloom"],"special_seed":0,"relics":["FrozenCore","Mercury Hourglass","Singing Bowl","Tiny Chest","Bronze Scales","Sundial","Calipers","Bottled Lightning","Fusion Hammer","Pear","Whetstone","Dream Catcher","Old Coin","Art of War","Boot","Happy Flower"],"potions_floor_usage":[33,38,38,46,47,50],"damage_taken":[{"damage":0.0,"enemies":"2 Louse","floor":1.0,"turns":2.0},{"damage":7.0,"enemies":"Small Slimes","floor":4.0,"turns":3.0},{"damage":0.0,"enemies":"Jaw Worm","floor":5.0,"turns":5.0},{"damage":21.0,"enemies":"Gremlin Nob","floor":6.0,"turns":5.0},{"damage":0.0,"enemies":"Looter","floor":8.0,"turns":2.0},{"damage":0.0,"enemies":"2 Fungi Beasts","floor":10.0,"turns":3.0},{"damage":4.0,"enemies":"Lagavulin","floor":13.0,"turns":5.0},{"damage":0.0,"enemies":"3 Louse","floor":14.0,"turns":2.0},{"damage":11.0,"enemies":"Hexaghost","floor":16.0,"turns":10.0},{"damage":9.0,"enemies":"Spheric Guardian","floor":18.0,"turns":5.0},{"damage":21.0,"enemies":"Shell Parasite","floor":20.0,"turns":4.0},{"damage":2.0,"enemies":"Centurion and Healer","floor":22.0,"turns":6.0},{"damage":31.0,"enemies":"Gremlin Leader","floor":23.0,"turns":10.0},{"damage":14.0,"enemies":"Sentry and Sphere","floor":27.0,"turns":6.0},{"damage":5.0,"enemies":"3 Cultists","floor":28.0,"turns":6.0},{"damage":0,"enemies":"Cultist and Chosen","floor":29,"turns":7},{"damage":0,"enemies":"Snecko","floor":31,"turns":5},{"damage":6,"enemies":"Collector","floor":33,"turns":8},{"damage":3,"enemies":"Orb Walker","floor":35,"turns":5},{"damage":0,"enemies":"3 Shapes","floor":37,"turns":9},{"damage":4,"enemies":"Transient","floor":38,"turns":5},{"damage":0,"enemies":"Nemesis","floor":40,"turns":11},{"damage":0,"enemies":"Giant Head","floor":42,"turns":16},{"damage":43,"enemies":"Reptomancer","floor":45,"turns":11},{"damage":2,"enemies":"Writhing Mass","floor":46,"turns":10},{"damage":16,"enemies":"3 Darklings","floor":47,"turns":7},{"damage":5,"enemies":"Nemesis","floor":48,"turns":15},{"damage":31,"enemies":"Donu and Deca","floor":50,"turns":17},{"damage":57,"enemies":"Shield and Spear","floor":54,"turns":13},{"damage":16,"enemies":"The Heart","floor":55,"turns":14}],"seed_played":"-1977459103198001938","potions_obtained":[{"floor":1.0,"key":"Regen Potion"},{"floor":4.0,"key":"Ancient Potion"},{"floor":6.0,"key":"Swift Potion"},{"floor":8.0,"key":"Fire Potion"},{"floor":18.0,"key":"Swift Potion"},{"floor":22.0,"key":"FocusPotion"},{"floor":35,"key":"Weak Potion"},{"floor":37,"key":"Fruit Juice"},{"floor":40,"key":"Strength Potion"}],"is_trial":false,"path_per_floor":["M","?","?","M","M","E","R","M","T","M","?","R","E","M","R","B",null,"M","?","M","?","M","E","R","$","T","M","M","M","?","M","R","B",null,"M","$","M","M","$","E","R","E","T","R","E","M","M","E","R","B",null,"R","$","E","B",null],"character_chosen":"DEFECT","items_purchased":["Calipers","Coolheaded","Capacitor","Coolheaded","Panacea","Block Potion","Doom and Gloom","Art of War","Boot"],"campfire_rested":4,"item_purchase_floors":[25,25,36,36,36,39,53,53,53],"current_hp_per_floor":[75,60,49,42,42,21,21,21,21,23,42,42,40,40,40,29,79,72,72,51,36,36,7,34,34,34,20,31,33,33,35,35,31,98,95,95,97,98,98,110,110,112,112,119,78,78,62,59,98,67,127,127,127,72,56],"gold":58,"neow_bonus":"THREE_RARE_CARDS","is_prod":false,"is_daily":false,"chose_seed":false,"campfire_upgraded":4,"win_rate":0,"timestamp":1557012023,"path_taken":["M","?","?","?","M","E","R","M","T","M","?","R","E","M","R","BOSS","M","?","M","?","M","E","R","$","T","M","M","M","?","?","R","BOSS","M","$","M","?","?","E","R","E","T","R","E","M","M","E","R","BOSS","R","$","E","BOSS"],"build_version":"2019-01-23","purchased_purges":1,"victory":true,"max_hp_per_floor":[75,75,75,75,75,75,75,75,75,77,77,77,79,79,79,79,79,81,81,81,86,88,90,90,90,90,90,92,94,94,96,96,98,98,98,98,100,105,105,117,117,119,119,119,121,123,123,125,127,127,127,127,127,129,129],"card_choices":[{"not_picked":["Meteor Strike","Machine Learning"],"picked":"All For One","floor":0.0},{"not_picked":["Capacitor","Force Field"],"picked":"Undo","floor":1.0},{"not_picked":["Redo","Sunder"],"picked":"BootSequence","floor":4.0},{"not_picked":["Hologram","Scrape"],"picked":"Cold Snap","floor":5.0},{"not_picked":["Heatsinks","Static Discharge"],"picked":"Streamline","floor":6.0},{"not_picked":["Redo","Storm"],"picked":"Go for the Eyes","floor":8.0},{"not_picked":["Compile Driver","Blizzard","Beam Cell"],"picked":"Singing Bowl","floor":10.0},{"not_picked":["Rebound","Static Discharge","Barrage"],"picked":"Singing Bowl","floor":13.0},{"not_picked":["Coolheaded","Streamline"],"picked":"Glacier","floor":14.0},{"not_picked":["Reboot","Seek"],"picked":"Echo Form","floor":16.0},{"not_picked":["Streamline","Conserve Battery+1","Beam Cell"],"picked":"Singing Bowl","floor":18.0},{"not_picked":["Streamline","Glacier"],"picked":"Loop+1","floor":20.0},{"not_picked":["Barrage+1","Steam","Stack"],"picked":"Singing Bowl","floor":22.0},{"not_picked":["Redo","Go for the Eyes","Ball Lightning"],"picked":"Singing Bowl","floor":23.0},{"not_picked":["Sweeping Beam","Static Discharge+1"],"picked":"Defragment","floor":27.0},{"not_picked":["Streamline","Coolheaded+1","Leap"],"picked":"Singing Bowl","floor":28.0},{"not_picked":["Coolheaded","Rip and Tear","Creative AI"],"picked":"Singing Bowl","floor":29},{"not_picked":["Force Field","Compile Driver+1","Coolheaded"],"picked":"Singing Bowl","floor":31},{"not_picked":["All For One","Seek","Reboot"],"picked":"Singing Bowl","floor":33},{"not_picked":["Storm","Stack"],"picked":"Hologram+1","floor":35},{"not_picked":["Coolheaded","Redo","Force Field"],"picked":"Singing Bowl","floor":37},{"not_picked":["Hologram+1","Conserve Battery"],"picked":"Defragment+1","floor":38},{"not_picked":["Cold Snap","Turbo","Coolheaded"],"picked":"Singing Bowl","floor":40},{"not_picked":["Compile Driver","Skim+1","Fission"],"picked":"Singing Bowl","floor":42},{"not_picked":["Steam","Ball Lightning+1","Reinforced Body"],"picked":"Singing Bowl","floor":45},{"not_picked":["Cold Snap","Tempest+1","Redo"],"picked":"Singing Bowl","floor":46},{"not_picked":["Turbo","White Noise"],"picked":"Chill+1","floor":47},{"not_picked":["Lockon+1","Ball Lightning","Gash"],"picked":"Singing Bowl","floor":48},{"not_picked":["Ball Lightning","Reprogram","Compile Driver"],"picked":"Singing Bowl","floor":49},{"not_picked":["Beam Cell+1","Compile Driver"],"picked":"BootSequence+1","floor":52},{"not_picked":["Streamline","Go for the Eyes","Compile Driver+1"],"picked":"Singing Bowl","floor":54}],"player_experience":60843,"relics_obtained":[{"floor":6.0,"key":"Mercury Hourglass"},{"floor":9.0,"key":"Singing Bowl"},{"floor":13.0,"key":"Tiny Chest"},{"floor":23.0,"key":"Sundial"},{"floor":26.0,"key":"Bottled Lightning"},{"floor":40,"key":"Pear"},{"floor":42,"key":"Whetstone"},{"floor":45,"key":"Dream Catcher"},{"floor":48,"key":"Old Coin"},{"floor":54,"key":"Happy Flower"}],"event_choices":[{"damage_healed":0.0,"max_hp_gain":0.0,"max_hp_loss":0.0,"gold_gain":0.0,"event_name":"Shining Light","player_choice":"Entered Light","floor":2.0,"gold_loss":0.0,"damage_taken":15.0,"cards_upgraded":["Defend_B","Defend_B"]},{"damage_healed":0.0,"max_hp_gain":0.0,"max_hp_loss":0.0,"gold_gain":75.0,"event_name":"World of Goop","player_choice":"Gather Gold","floor":3.0,"gold_loss":0.0,"damage_taken":11.0},{"damage_healed":19.0,"max_hp_gain":0.0,"max_hp_loss":0.0,"gold_gain":0.0,"event_name":"The Cleric","player_choice":"Healed","floor":11.0,"gold_loss":35.0,"damage_taken":0.0},{"damage_healed":0.0,"max_hp_gain":0.0,"max_hp_loss":0.0,"gold_gain":0.0,"event_name":"The Mausoleum","player_choice":"Opened","floor":19.0,"gold_loss":0.0,"damage_taken":0.0,"relics_obtained":["Bronze Scales"]},{"damage_healed":0.0,"max_hp_gain":5.0,"max_hp_loss":0.0,"gold_gain":0.0,"event_name":"Forgotten Altar","player_choice":"Shed Blood","floor":21.0,"gold_loss":0.0,"damage_taken":20.0},{"damage_healed":0,"gold_gain":0,"player_choice":"Upgraded","damage_taken":0,"max_hp_gain":0,"max_hp_loss":0,"event_name":"Upgrade Shrine","floor":30,"gold_loss":0,"cards_upgraded":["Defragment"]}],"is_beta":false,"boss_relics":[{"not_picked":["Coffee Dripper","Philosopher\u0027s Stone"],"picked":"FrozenCore"},{"not_picked":["Lizard Tail","Eternal Feather"],"picked":"Fusion Hammer"}],"items_purged_floors":[53],"is_endless":false,"potions_floor_spawned":[1,4,6,8,18,22,23,27,35,37,40,45],"ascension_level":2}