{"gold_per_floor":[13,13,13,13,24,50,50,79,79,92,8,8,19,47,47,147,147,157,172,202,218,102,133,133,146,146,175,30,30,30,43,43,148,148,160,160,174,229,239,239,272,272,272,272,307,307,323,350,350,350],"floor_reached":51,"playtime":4316,"items_purged":["Normality"],"score":992,"play_id":"32c82c1a-9fc4-4c0f-ad28-e088bd60db9f","local_time":"20180714161930","is_ascension_mode":true,"campfire_choices":[{"data":"Redo","floor":7,"key":"SMITH"},{"data":"Sunder","floor":12,"key":"SMITH"},{"data":"Consume","floor":15,"key":"SMITH"},{"data":"Capacitor","floor":24,"key":"SMITH"},{"floor":32,"key":"REST"},{"floor":40,"key":"REST"},{"data":"Apotheosis","floor":42,"key":"SMITH"},{"data":"Seek","floor":44,"key":"SMITH"},{"data":"Creative AI","floor":49,"key":"SMITH"}],"neow_cost":"NO_GOLD","seed_source_timestamp":313239349540993,"circlet_count":0,"master_deck":["Strike_B","Strike_B","Strike_B","Defend_B","Defend_B","Defend_B","Defend_B","Zap","Dualcast","Electrodynamics","Redo+1","Leap","Electrodynamics","Self Repair","Consume+1","Gash","Sunder+1","FTL","Buffer","Cold Snap","Ball Lightning","Glacier","Capacitor+1","FTL","Glacier+1","Leap","Sweeping Beam+1","Reinforced Body","Seek+1","Creative AI+1","Rip and Tear+1","Swift Strike+1","Bandage Up","Apotheosis+1","Defragment+1","Chill+1","Glacier+1","Double Energy+1","Normality","Auto Shields+1","Madness","Madness","Coolheaded","Defragment"],"relics":["Cracked Core","Blue Candle","Strawberry","Bag of Preparation","Shuriken","Art of War","Cursed Key","Red Mask","Vajra","Ancient Tea Set","Molten Egg 2","Nilry\u0027s Codex","Lizard Tail","Dead Branch","Regal Pillow","Ice Cream","Orichalcum","Ornamental Fan"],"potions_floor_usage":[8,14,14,16,20,27,38,50,50],"damage_taken":[{"damage":0,"enemies":"2 Louse","floor":1,"turns":2},{"damage":0,"enemies":"Cultist","floor":5,"turns":3},{"damage":9,"enemies":"3 Sentries","floor":6,"turns":3},{"damage":10,"enemies":"Gremlin Nob","floor":8,"turns":3},{"damage":0,"enemies":"Small Slimes","floor":10,"turns":2},{"damage":15,"enemies":"Exordium Thugs","floor":13,"turns":3},{"damage":30,"enemies":"Lagavulin","floor":14,"turns":5},{"damage":30,"enemies":"The Guardian","floor":16,"turns":9},{"damage":7,"enemies":"2 Thieves","floor":18,"turns":3},{"damage":14,"enemies":"Spheric Guardian","floor":19,"turns":4},{"damage":3,"floor":20,"turns":2},{"damage":0,"enemies":"Snecko","floor":21,"turns":4},{"damage":19,"enemies":"Gremlin Leader","floor":23,"turns":5},{"damage":0,"enemies":"3 Cultists","floor":25,"turns":4},{"damage":23,"enemies":"Book of Stabbing","floor":27,"turns":6},{"damage":16,"enemies":"Centurion and Healer","floor":31,"turns":3},{"damage":28,"enemies":"Champ","floor":33,"turns":11},{"damage":21,"enemies":"3 Darklings","floor":35,"turns":3},{"damage":6,"enemies":"Orb Walker","floor":37,"turns":2},{"damage":64,"floor":38,"turns":7},{"damage":0,"enemies":"Maw","floor":39,"turns":9},{"damage":0,"enemies":"Nemesis","floor":41,"turns":11},{"damage":0,"enemies":"Giant Head","floor":45,"turns":10},{"damage":1,"enemies":"Spire Growth","floor":47,"turns":7},{"damage":6,"enemies":"Nemesis","floor":48,"turns":9},{"damage":0,"enemies":"Donu and Deca","floor":50,"turns":7}],"seed_played":"-6826764131643497646","potions_obtained":[{"floor":5,"key":"Fire Potion"},{"floor":8,"key":"GamblersBrew"},{"floor":10,"key":"Energy Potion"},{"floor":14,"key":"Explosive Potion"},{"floor":19,"key":"GamblersBrew"},{"floor":23,"key":"FearPotion"},{"floor":25,"key":"FearPotion"},{"floor":35,"key":"SkillPotion"},{"floor":47,"key":"Swift Potion"}],"is_trial":false,"path_per_floor":["M","?","$","?","M","E","R","E","T","M","$","R","M","E","R","B",null,"M","M","?","M","$","E","R","M","T","E","$","?","?","M","R","B",null,"M","?","M","?","M","R","E","R","T","R","E","?","M","E","R","B"],"character_chosen":"DEFECT","items_purchased":["Gash","Sunder","Capacitor","FTL","Reinforced Body"],"campfire_rested":2,"item_purchase_floors":[11,11,22,22,28],"current_hp_per_floor":[75,75,75,75,75,73,73,63,63,70,70,70,62,39,39,16,82,75,68,72,79,79,67,67,67,67,51,51,35,62,46,70,49,82,68,58,52,45,49,73,82,82,82,82,82,72,82,82,82,82],"gold":350,"neow_bonus":"THREE_RARE_CARDS","is_prod":false,"is_daily":false,"chose_seed":false,"campfire_upgraded":7,"win_rate":0,"timestamp":1531599570,"path_taken":["M","?","$","?","M","E","R","E","T","M","$","R","M","E","R","BOSS","M","?","?","M","$","E","R","M","T","E","$","?","?","?","R","BOSS","M","?","M","?","?","R","E","R","T","R","E","?","M","E","R","BOSS"],"build_version":"2018-07-12","purchased_purges":1,"victory":true,"max_hp_per_floor":[75,75,75,75,75,82,82,82,82,82,82,82,82,82,82,82,82,82,82,82,82,82,82,82,82,82,82,82,82,82,82,82,82,82,82,82,82,82,82,82,82,82,82,82,82,82,82,82,82,82],"card_choices":[{"not_picked":["Buffer","Hyperbeam"],"picked":"Electrodynamics","floor":0},{"not_picked":["Doom and Gloom","Beam Cell"],"picked":"Redo","floor":1},{"not_picked":["Steam","Beam Cell"],"picked":"Leap","floor":5},{"not_picked":["Steam Power","Rainbow"],"picked":"Electrodynamics","floor":6},{"not_picked":["Steam","Cold Snap"],"picked":"Self Repair","floor":8},{"not_picked":["Compile Driver","Genetic Algorithm"],"picked":"Consume","floor":10},{"not_picked":["Compile Driver","Stack","Melter"],"picked":"SKIP","floor":13},{"not_picked":["Cold Snap","BootSequence"],"picked":"FTL","floor":14},{"not_picked":["All For One","Reboot"],"picked":"Buffer","floor":16},{"not_picked":["Sunder","Hologram"],"picked":"Cold Snap","floor":18},{"not_picked":["Compile Driver","Sunder+1"],"picked":"Ball Lightning","floor":19},{"not_picked":["Auto Shields","Defragment"],"picked":"Glacier","floor":20},{"not_picked":["Undo","Coolheaded","Hologram"],"picked":"SKIP","floor":21},{"not_picked":["Leap","Steam Power"],"picked":"Glacier+1","floor":23},{"not_picked":["Hello World","Conserve Battery"],"picked":"Leap","floor":25},{"not_picked":["BootSequence","Sunder+1"],"picked":"Sweeping Beam+1","floor":27},{"not_picked":["Stack","Coolheaded"],"picked":"Seek","floor":31},{"not_picked":["Rainbow","Seek"],"picked":"Creative AI","floor":33},{"not_picked":["Redo","Steam"],"picked":"Rip and Tear+1","floor":35},{"not_picked":["Good Instincts","Secret Weapon"],"picked":"Swift Strike+1","floor":36},{"not_picked":["Sadistic Nature","Deep Breath"],"picked":"Bandage Up","floor":36},{"not_picked":["Mind Blast+1","Dramatic Entrance+1"],"picked":"Apotheosis","floor":36},{"not_picked":["Hello World","Genetic Algorithm"],"picked":"Defragment+1","floor":37},{"not_picked":["Turbo","Rip and Tear+1"],"picked":"Chill+1","floor":38},{"not_picked":["BootSequence+1","Turbo"],"picked":"Glacier+1","floor":39},{"not_picked":["White Noise+1","Streamline+1"],"picked":"Double Energy+1","floor":41},{"not_picked":["Rebound+1","Ball Lightning+1"],"picked":"Auto Shields+1","floor":45},{"not_picked":["Rip and Tear+1","Sweeping Beam+1"],"picked":"Coolheaded","floor":47},{"not_picked":["Glacier","Blizzard+1"],"picked":"Defragment","floor":48}],"player_experience":218018,"relics_obtained":[{"floor":6,"key":"Strawberry"},{"floor":8,"key":"Bag of Preparation"},{"floor":9,"key":"Shuriken"},{"floor":14,"key":"Art of War"},{"floor":20,"key":"Red Mask"},{"floor":23,"key":"Vajra"},{"floor":26,"key":"Ancient Tea Set"},{"floor":27,"key":"Molten Egg 2"},{"floor":29,"key":"Nilry\u0027s Codex"},{"floor":38,"key":"Dead Branch"},{"floor":41,"key":"Regal Pillow"},{"floor":43,"key":"Ice Cream"},{"floor":45,"key":"Orichalcum"},{"floor":48,"key":"Ornamental Fan"}],"event_choices":[{"event_name":"Purifier","player_choice":"One Purge","floor":2,"damage_taken":0},{"event_name":"Accursed Blacksmith","player_choice":"Rummage","floor":4,"damage_taken":0},{"event_name":"Masked Bandits","player_choice":"Fought over 172 gold","floor":20,"damage_taken":0},{"event_name":"Cursed Tome","player_choice":"Obtained Book","floor":29,"damage_taken":0},{"event_name":"The Library","player_choice":"Heal","floor":30,"damage_taken":0},{"event_name":"SensoryStone","player_choice":"Memory 3","floor":36,"damage_taken":0},{"event_name":"Mysterious Sphere","player_choice":"Fight","floor":38,"damage_taken":0},{"event_name":"Winding Halls","player_choice":"Embrace Madness","floor":46,"damage_taken":0}],"boss_relics":[{"not_picked":["Empty Cage","White Beast Statue"],"picked":"Cursed Key"},{"not_picked":["Pandora\u0027s Box","Runic Pyramid"],"picked":"Lizard Tail"}],"items_purged_floors":[28],"is_endless":false,"potions_floor_spawned":[5,8,10,14,19,23,25,35,47],"ascension_level":3}