{"gold_per_floor":[116,116,132,144,144,144,157,157,157,157,169,169,182,211,211,312,312,328,328,46,60,77,109,109,121,168,183,108,127,127,141,141,141],"floor_reached":33,"playtime":1120,"items_purged":["Strike_R"],"score":323,"play_id":"e20be958-42db-4248-8a43-8b72cab60a64","local_time":"20190414152514","is_ascension_mode":true,"campfire_choices":[{"data":"True Grit","floor":6,"key":"SMITH"},{"data":"Havoc","floor":8,"key":"SMITH"},{"data":"Inflame","floor":12,"key":"SMITH"},{"data":"Whirlwind","floor":15,"key":"SMITH"},{"data":"Ghostly","floor":24,"key":"SMITH"},{"data":"Corruption","floor":32,"key":"SMITH"}],"neow_cost":"TEN_PERCENT_HP_LOSS","seed_source_timestamp":60215544914600,"circlet_count":0,"master_deck":["Strike_R","Strike_R","Defend_R+1","Defend_R","Defend_R","Defend_R","Bash","Inflame+1","Havoc+1","True Grit+1","Thunderclap","Shrug It Off","Cleave","Whirlwind+1","Reaper+1","Carnage","Ghostly+1","Ghostly","Ghostly","Ghostly+1","Ghostly","Corruption+1","Escape Plan","Quick Slash+1","Headbutt+1","Deadly Poison+1","Leap","Finesse"],"relics":["Burning Blood","Nunchaku","FaceOfCleric","Bottled Tornado","Self Forming Clay","Oddly Smooth Stone","Empty Cage","PrismaticShard","Whetstone","War Paint"],"potions_floor_usage":[13,33,33],"damage_taken":[{"damage":14,"enemies":"Jaw Worm","floor":1,"turns":3},{"damage":1,"enemies":"Cultist","floor":3,"turns":3},{"damage":11,"enemies":"2 Louse","floor":4,"turns":3},{"damage":28,"enemies":"Large Slime","floor":7,"turns":7},{"damage":4,"enemies":"2 Fungi Beasts","floor":11,"turns":3},{"damage":9,"enemies":"Lots of Slimes","floor":13,"turns":2},{"damage":4,"enemies":"3 Sentries","floor":14,"turns":5},{"damage":14,"enemies":"Slime Boss","floor":16,"turns":7},{"damage":8,"enemies":"3 Byrds","floor":18,"turns":3},{"damage":2,"enemies":"2 Thieves","floor":21,"turns":4},{"damage":8,"enemies":"Centurion and Healer","floor":22,"turns":7},{"damage":3,"enemies":"Slavers","floor":23,"turns":6},{"damage":19,"enemies":"Shelled Parasite and Fungi","floor":25,"turns":8},{"damage":18,"enemies":"Snake Plant","floor":27,"turns":5},{"damage":3,"enemies":"Cultist and Chosen","floor":29,"turns":6},{"damage":15,"enemies":"Centurion and Healer","floor":31,"turns":8},{"damage":67,"enemies":"Champ","floor":33,"turns":12}],"seed_played":"-135857078420915825","potions_obtained":[{"floor":4,"key":"Fire Potion"},{"floor":7,"key":"Explosive Potion"},{"floor":11,"key":"SpeedPotion"},{"floor":14,"key":"Dexterity Potion"},{"floor":22,"key":"Block Potion"}],"is_trial":false,"path_per_floor":["M","?","M","M","?","R","M","R","T","?","M","R","M","E","R","B",null,"M","?","$","M","M","E","R","M","T","M","$","M","?","M","R","B"],"character_chosen":"IRONCLAD","items_purchased":["Corruption","PrismaticShard"],"campfire_rested":0,"item_purchase_floors":[20,20],"current_hp_per_floor":[64,64,70,66,71,71,50,50,50,50,53,53,51,54,54,47,84,85,42,42,43,44,45,45,38,38,27,27,31,31,42,42,0],"gold":141,"neow_bonus":"ONE_RARE_RELIC","is_prod":false,"is_daily":false,"chose_seed":false,"campfire_upgraded":6,"win_rate":0,"timestamp":1555251914,"path_taken":["M","?","?","M","?","R","M","R","T","?","M","R","M","E","R","BOSS","M","?","$","M","M","E","R","M","T","M","$","M","?","M","R","BOSS"],"build_version":"2019-01-23","purchased_purges":1,"victory":false,"max_hp_per_floor":[72,72,73,74,79,79,80,80,80,80,81,81,82,83,83,84,84,85,42,42,43,44,45,45,46,46,47,47,48,48,49,49,49],"card_choices":[{"not_picked":["Sword Boomerang","Twin Strike"],"picked":"Inflame","floor":1},{"not_picked":["Rupture","Twin Strike"],"picked":"Havoc","floor":3},{"not_picked":["Iron Wave","Heavy Blade"],"picked":"True Grit","floor":4},{"not_picked":["Pommel Strike","Headbutt"],"picked":"Thunderclap","floor":7},{"not_picked":["Berserk","Hemokinesis"],"picked":"Shrug It Off","floor":11},{"not_picked":["Blood for Blood","Twin Strike"],"picked":"Cleave","floor":13},{"not_picked":["Iron Wave","Seeing Red"],"picked":"Whirlwind","floor":14},{"not_picked":["Feed","Fiend Fire"],"picked":"Reaper","floor":16},{"not_picked":["Havoc","Entrench"],"picked":"Carnage","floor":18},{"not_picked":["PiercingWail","Jack Of All Trades+1"],"picked":"Escape Plan","floor":21},{"not_picked":["Barrage","Sucker Punch+1"],"picked":"Quick Slash","floor":22},{"not_picked":["Impatience","Genetic Algorithm"],"picked":"Headbutt+1","floor":23},{"not_picked":["Shrug It Off+1","Body Slam+1"],"picked":"Deadly Poison+1","floor":25},{"not_picked":["Go for the Eyes","Cleave","PanicButton+1"],"picked":"SKIP","floor":27},{"not_picked":["Prepared+1","Riddle With Holes"],"picked":"Leap","floor":29},{"not_picked":["Infernal Blade","Prepared"],"picked":"Finesse","floor":31}],"player_experience":23141,"relics_obtained":[{"floor":9,"key":"Bottled Tornado"},{"floor":14,"key":"Oddly Smooth Stone"},{"floor":23,"key":"Whetstone"},{"floor":26,"key":"War Paint"}],"event_choices":[{"damage_healed":0,"gold_gain":0,"player_choice":"Trade","damage_taken":0,"relics_obtained":["FaceOfCleric"],"max_hp_gain":0,"max_hp_loss":0,"event_name":"FaceTrader","floor":2,"gold_loss":0},{"damage_healed":0,"gold_gain":0,"player_choice":"Donut","damage_taken":0,"max_hp_gain":5,"max_hp_loss":0,"event_name":"Big Fish","floor":5,"gold_loss":0},{"damage_healed":0,"gold_gain":0,"player_choice":"Searched \u00271\u0027 times","damage_taken":0,"relics_obtained":["Self Forming Clay"],"max_hp_gain":0,"max_hp_loss":0,"event_name":"Dead Adventurer","floor":10,"gold_loss":0},{"damage_healed":0,"gold_gain":0,"player_choice":"Became a Ghost","damage_taken":0,"max_hp_gain":0,"max_hp_loss":43,"event_name":"Ghosts","floor":19,"gold_loss":0,"cards_obtained":["Ghostly","Ghostly","Ghostly","Ghostly","Ghostly"]},{"damage_healed":0,"gold_gain":0,"player_choice":"Ignored","damage_taken":0,"max_hp_gain":0,"max_hp_loss":0,"event_name":"N\u0027loth","floor":30,"gold_loss":0}],"is_beta":false,"boss_relics":[{"not_picked":["Tiny House","Runic Pyramid"],"picked":"Empty Cage"}],"items_purged_floors":[28],"is_endless":false,"potions_floor_spawned":[4,7,11,14,16,22,25,27],"killed_by":"Champ","ascension_level":2}