{"path_per_floor":["M","M","?","M","M","E","R","E","T","M","M","R","?","?","R","B",null,"M","M","?","?","?","R","M","R","T","T","R","$","R","E","R","B",null,"M","?","?","?","M","R","E","M","T","R","M","$","?","M","R","B"],"character_chosen":"IRONCLAD","items_purchased":["Dual Wield","Bandage Up","Vajra","Torii","Regen Potion"],"gold_per_floor":[18,33,33,43,55,86,86,114,114,124,136,136,136,88,88,187,187,205,224,224,224,224,224,235,235,314,314,314,77,77,106,106,207,207,226,226,226,226,241,241,276,295,595,595,605,18,18,30,30,30],"floor_reached":51,"campfire_rested":1,"playtime":2595,"current_hp_per_floor":[75,75,75,78,69,56,56,39,39,42,42,42,26,26,50,13,80,53,57,80,80,80,80,67,67,67,67,67,67,67,52,52,80,80,66,66,66,66,72,72,35,42,42,42,69,69,59,78,78,78],"items_purged":["Regret","Strike_R"],"gold":30,"score":578,"play_id":"323d03a7-83f8-4d22-b4d5-675070d778f9","is_prod":false,"is_daily":false,"is_ascension_mode":false,"campfire_upgraded":10,"path_taken":["M","M","?","M","M","E","R","E","T","M","M","R","?","?","R","BOSS","M","M","?","?","?","R","?","R","T","?","R","?","R","E","R","BOSS","M","?","?","?","M","R","E","M","T","R","?","$","?","M","R","BOSS"],"build_version":"2018-02-22-PROD2","purchased_purges":2,"victory":true,"master_deck":["Strike_R+1","Strike_R","Defend_R","Defend_R","Defend_R","Defend_R","Bash+1","Limit Break+1","Headbutt","Inflame+1","Headbutt","Twin Strike","Rupture+1","Combust","Inflame+1","Limit Break+1","Shrug It Off+1","Heavy Blade+1","Reaper","Injury","Dual Wield+1","Bandage Up+1","Sword Boomerang+1","Offering","Sword Boomerang","Power Through+1","Shockwave+1","Armaments+1","Decay","Disarm+1","Madness","Madness","Warcry+1"],"max_hp_per_floor":[80,80,80,80,80,80,80,80,80,80,80,80,80,80,80,80,80,80,80,80,80,80,80,80,80,80,80,80,80,80,80,80,80,80,80,80,80,80,80,80,80,80,80,80,80,80,80,80,80,80],"relics":["Burning Blood","Magic Flower","Centennial Puzzle","Gambling Chip","Cursed Key","Ornamental Fan","Ginger","Bottled Lightning","Lizard Tail","Art of War","Old Coin","Vajra","Torii"],"card_choices":[{"not_picked":["Fiend Fire","Reaper"],"picked":"Limit Break"},{"not_picked":["Body Slam","Hemokinesis"],"picked":"Headbutt"},{"not_picked":["Shrug It Off","Sever Soul"],"picked":"Rampage"},{"not_picked":["Twin Strike","Headbutt"],"picked":"Inflame"},{"not_picked":["Warcry","Iron Wave"],"picked":"Headbutt"},{"not_picked":["Brutality","True Grit"],"picked":"Twin Strike"},{"not_picked":["Carnage","Searing Blow"],"picked":"Rupture"},{"not_picked":["Uppercut","Twin Strike"],"picked":"Combust"},{"not_picked":["Fire Breathing","Pummel"],"picked":"Inflame"},{"not_picked":["Impervious","Dark Embrace"],"picked":"Limit Break"},{"not_picked":["Anger","True Grit"],"picked":"Shrug It Off"},{"not_picked":["Intimidate","Dropkick"],"picked":"Heavy Blade"},{"not_picked":["Perfected Strike","Pommel Strike"],"picked":"Reaper"},{"not_picked":["Anger","Limit Break"],"picked":"Sword Boomerang"},{"not_picked":["Impervious","Bludgeon"],"picked":"Offering"},{"not_picked":["Rampage","Spot Weakness"],"picked":"Sword Boomerang"},{"not_picked":["Headbutt","Anger"],"picked":"Power Through"},{"not_picked":["Perfected Strike","Sword Boomerang"],"picked":"Shockwave"},{"not_picked":["Thunderclap","Pommel Strike"],"picked":"Armaments"},{"not_picked":["Pommel Strike","Shockwave"],"picked":"Disarm"},{"not_picked":["Carnage","Armaments"],"picked":"Warcry"}],"player_experience":49032,"potions_floor_usage":[6,10,16,19,31,39,48,50,50,50],"damage_taken":[{"damage":11,"enemies":"Jaw Worm","floor":1,"turns":2},{"damage":6,"enemies":"Cultist","floor":2,"turns":3},{"damage":3,"enemies":"2 Louse","floor":4,"turns":3},{"damage":15,"enemies":"2 Fungi Beasts","floor":5,"turns":3},{"damage":19,"enemies":"3 Sentries","floor":6,"turns":6},{"damage":26,"enemies":"Lagavulin","floor":8,"turns":6},{"damage":6,"enemies":"Exordium Wildlife","floor":10,"turns":3},{"damage":9,"enemies":"Blue Slaver","floor":11,"turns":3},{"damage":46,"enemies":"The Guardian","floor":16,"turns":7},{"damage":36,"enemies":"3 Byrds","floor":18,"turns":4},{"damage":20,"enemies":"2 Thieves","floor":19,"turns":4},{"damage":22,"enemies":"Sentry and Sphere","floor":24,"turns":4},{"damage":33,"enemies":"Book of Stabbing","floor":31,"turns":4},{"damage":87,"enemies":"Automaton","floor":33,"turns":7},{"damage":23,"enemies":"3 Darklings","floor":35,"turns":3},{"damage":12,"enemies":"Orb Walker","floor":39,"turns":3},{"damage":73,"enemies":"2 Orb Walkers","floor":41,"turns":4},{"damage":11,"enemies":"Sphere and 2 Shapes","floor":42,"turns":2},{"damage":49,"enemies":"Maw","floor":45,"turns":6},{"damage":17,"enemies":"4 Shapes","floor":48,"turns":5},{"damage":136,"enemies":"Awakened One","floor":50,"turns":8}],"event_choices":[{"event_name":"Purifier","player_choice":"One Purge","floor":3,"damage_taken":0},{"event_name":"Shining Light","player_choice":"Entered Light","floor":13,"damage_taken":0},{"event_name":"World of Goop","player_choice":"Left","floor":14,"damage_taken":0},{"event_name":"The Library","player_choice":"Heal","floor":20,"damage_taken":0},{"event_name":"Back to Basics","player_choice":"Elegance","floor":21,"damage_taken":0},{"event_name":"N\u0027loth","player_choice":"Ignored","floor":22,"damage_taken":0},{"event_name":"Mysterious Sphere","player_choice":"Ignore","floor":36,"damage_taken":0},{"event_name":"Tomb of Lord Red Mask","player_choice":"Ignored","floor":37,"damage_taken":0},{"event_name":"Winding Halls","player_choice":"Embrace Madness","floor":47,"damage_taken":0}],"boss_relics":[{"not_picked":["Eternal Feather","Calling Bell"],"picked":"Cursed Key"},{"not_picked":["Runic Pyramid","White Beast Statue"],"picked":"Lizard Tail"}],"potions_floor_spawned":[5,8,10,16,18,24,33,45,48],"seed_played":"1602421712268327405","ascension_level":0,"is_trial":false}