{"gold_per_floor":[110,120,120,49,49,49,49,49,49,64,91,91],"floor_reached":12,"playtime":265,"items_purged":[],"score":99,"play_id":"cd23200b-494c-4d1b-be63-cbaeef2c6c49","local_time":"20190601221308","is_ascension_mode":true,"campfire_choices":[{"data":"Loop","floor":6,"key":"SMITH"},{"data":"Zap","floor":8,"key":"SMITH"}],"neow_cost":"TEN_PERCENT_HP_LOSS","seed_source_timestamp":983461658473000,"circlet_count":0,"master_deck":["Strike_B","Strike_B","Strike_B","Defend_B","Defend_B+1","Defend_B","Defend_B","Zap+1","Dualcast","Fusion+1","Loop+1","Decay","Defragment","Reinforced Body"],"relics":["Cracked Core","Pocketwatch","Question Card","Bottled Flame"],"potions_floor_usage":[],"damage_taken":[{"damage":0,"enemies":"2 Louse","floor":1,"turns":3},{"damage":4,"enemies":"Small Slimes","floor":2,"turns":4},{"damage":0,"enemies":"Cultist","floor":10,"turns":3},{"damage":24,"enemies":"Gremlin Nob","floor":11,"turns":4},{"damage":25,"enemies":"Exordium Thugs","floor":12,"turns":5}],"seed_played":"-888256002889286822","potions_obtained":[{"floor":10,"key":"Dexterity Potion"},{"floor":11,"key":"SkillPotion"}],"is_trial":false,"path_per_floor":["M","M","?","$","?","R","?","R","T","M","E","M"],"character_chosen":"DEFECT","items_purchased":["Loop"],"campfire_rested":0,"item_purchase_floors":[4],"current_hp_per_floor":[68,64,50,50,43,43,43,43,43,43,19,0],"gold":91,"neow_bonus":"ONE_RARE_RELIC","is_prod":false,"is_daily":false,"chose_seed":false,"campfire_upgraded":2,"win_rate":0,"timestamp":1559423588,"path_taken":["M","M","?","$","?","R","?","R","T","M","E","?"],"build_version":"2019-01-23","purchased_purges":0,"victory":false,"max_hp_per_floor":[68,68,68,68,68,68,68,68,68,68,68,68],"card_choices":[{"not_picked":["Turbo","Double Energy"],"picked":"Fusion","floor":1},{"not_picked":["Turbo","Aggregate","Hello World"],"picked":"SKIP","floor":2},{"not_picked":["Recycle","Rebound","Aggregate"],"picked":"Defragment","floor":10},{"not_picked":["Hologram","Genetic Algorithm","Leap"],"picked":"Reinforced Body","floor":11}],"player_experience":123863,"relics_obtained":[{"floor":9,"key":"Question Card"},{"floor":11,"key":"Bottled Flame"}],"event_choices":[{"damage_healed":0,"gold_gain":0,"player_choice":"Entered Light","damage_taken":14,"max_hp_gain":0,"max_hp_loss":0,"event_name":"Shining Light","floor":3,"gold_loss":0,"cards_upgraded":["Fusion","Defend_B"]},{"cards_removed":["Strike_B"],"damage_healed":0,"gold_gain":0,"player_choice":"Card Removal","damage_taken":7,"max_hp_gain":0,"max_hp_loss":0,"event_name":"Golden Wing","floor":5,"gold_loss":0},{"damage_healed":0,"gold_gain":0,"player_choice":"Cursed","damage_taken":0,"max_hp_gain":0,"max_hp_loss":0,"event_name":"Wheel of Change","floor":7,"gold_loss":0,"cards_obtained":["Decay"]}],"is_beta":false,"boss_relics":[],"items_purged_floors":[],"is_endless":false,"potions_floor_spawned":[10,11],"killed_by":"Exordium Thugs","ascension_level":6}