{"gold_per_floor":[117,134,150,163,163,163,179,179,179,193,193,212,212,56,56,129,129,140,65,25,40,57,57,82,82,105,105,105,124,124],"floor_reached":30,"playtime":986,"items_purged":[],"score":411,"play_id":"01eb8c2c-bcea-400a-91f4-d1cfe3ad12eb","local_time":"20190918214707","is_ascension_mode":true,"campfire_choices":[{"data":"Static Discharge","floor":6,"key":"SMITH"},{"data":"Rainbow","floor":8,"key":"SMITH"},{"data":"Streamline","floor":11,"key":"SMITH"},{"floor":13,"key":"REST"},{"data":"Redo","floor":15,"key":"SMITH"},{"floor":23,"key":"REST"},{"floor":25,"key":"REST"},{"floor":27,"key":"REST"}],"neow_cost":"PERCENT_DAMAGE","seed_source_timestamp":0,"circlet_count":0,"master_deck":["AscendersBane","Strike_B","Defend_B","Defend_B","Defend_B","Defend_B","Zap","Dualcast","FTL","Biased Cognition","Go for the Eyes","Leap","Static Discharge+1","Streamline+1","Rainbow+1","Doom and Gloom","Redo+1","Seek","Static Discharge+1","Loop","Genetic Algorithm","Rebound","Glacier","Loop+1"],"special_seed":0,"relics":["Cracked Core","Letter Opener","Membership Card","Fusion Hammer","Frozen Egg 2","Oddly Smooth Stone"],"potions_floor_usage":[16,16,24],"damage_taken":[{"damage":0.0,"enemies":"Cultist","floor":1.0,"turns":3.0},{"damage":7,"enemies":"2 Louse","floor":2,"turns":3},{"damage":0,"enemies":"Jaw Worm","floor":3,"turns":3},{"damage":21,"enemies":"3 Louse","floor":4,"turns":4},{"damage":6,"enemies":"Blue Slaver","floor":7,"turns":3},{"damage":4,"enemies":"Looter","floor":10,"turns":3},{"damage":10,"enemies":"3 Louse","floor":12,"turns":3},{"damage":8,"enemies":"Slime Boss","floor":16,"turns":6},{"damage":7,"enemies":"3 Byrds","floor":18,"turns":2},{"damage":2,"enemies":"Shell Parasite","floor":21,"turns":4},{"damage":25,"enemies":"Centurion and Healer","floor":22,"turns":3},{"damage":23,"enemies":"Gremlin Leader","floor":24,"turns":5},{"damage":24,"enemies":"Colosseum Slavers","floor":28,"turns":3},{"damage":13,"enemies":"Snecko","floor":29,"turns":5},{"damage":43,"enemies":"Masked Bandits","floor":30,"turns":3}],"seed_played":"-7112397850835524665","potions_obtained":[{"floor":4,"key":"Poison Potion"},{"floor":7,"key":"Poison Potion"},{"floor":16,"key":"PowerPotion"},{"floor":29,"key":"FearPotion"}],"is_trial":false,"path_per_floor":["M","M","M","M","?","R","M","R","T","M","R","M","R","$","R","B",null,"M","?","$","M","M","R","E","R","T","R","?","M","?"],"character_chosen":"DEFECT","items_purchased":["Membership Card","Loop"],"campfire_rested":4,"item_purchase_floors":[14,20],"current_hp_per_floor":[46,39,39,18,41,41,35,35,35,31,31,21,42,42,42,34,62,55,55,55,53,28,49,26,47,47,68,44,31,0],"gold":124,"neow_bonus":"TRANSFORM_TWO_CARDS","is_prod":false,"is_daily":false,"chose_seed":false,"campfire_upgraded":4,"win_rate":0,"timestamp":1568857627,"path_taken":["M","?","M","M","?","R","M","R","T","M","R","M","R","$","R","BOSS","M","?","$","M","M","R","E","R","T","R","?","M","?"],"build_version":"2019-09-18","purchased_purges":0,"victory":false,"max_hp_per_floor":[71,71,71,71,71,71,71,71,71,71,71,71,71,71,71,71,71,71,71,71,71,71,71,71,71,71,71,71,71,71],"card_choices":[{"not_picked":["Rebound","Gash"],"picked":"Go for the Eyes","floor":1.0},{"not_picked":["Beam Cell","Force Field"],"picked":"Leap","floor":2},{"not_picked":["Turbo","Cold Snap"],"picked":"Static Discharge","floor":3},{"not_picked":["Aggregate","Turbo"],"picked":"Streamline","floor":4},{"not_picked":["Streamline","Hologram"],"picked":"Rainbow","floor":7},{"not_picked":["Barrage","Streamline"],"picked":"Doom and Gloom","floor":10},{"not_picked":["Force Field","Rip and Tear"],"picked":"Redo","floor":12},{"not_picked":["Thunder Strike","All For One"],"picked":"Seek","floor":16},{"not_picked":["Go for the Eyes","Barrage+1"],"picked":"Static Discharge+1","floor":18},{"not_picked":["Streamline","Barrage"],"picked":"Genetic Algorithm","floor":21},{"not_picked":["Stack","Barrage"],"picked":"Rebound","floor":22},{"not_picked":["Steam","FTL"],"picked":"Glacier","floor":24},{"not_picked":["Beam Cell+1","Steam"],"picked":"Loop+1","floor":29}],"player_experience":562485,"relics_obtained":[{"floor":9,"key":"Letter Opener"},{"floor":24,"key":"Frozen Egg 2"},{"floor":26,"key":"Oddly Smooth Stone"}],"event_choices":[{"damage_healed":23,"gold_gain":0,"player_choice":"Banana","damage_taken":0,"max_hp_gain":0,"max_hp_loss":0,"event_name":"Big Fish","floor":5,"gold_loss":0},{"cards_removed":["Strike_B"],"damage_healed":0,"gold_gain":0,"player_choice":"Gave Gold","damage_taken":0,"max_hp_gain":0,"max_hp_loss":0,"event_name":"Beggar","floor":19,"gold_loss":75},{"damage_healed":0,"gold_gain":0,"player_choice":"Fight","damage_taken":0,"max_hp_gain":0,"max_hp_loss":0,"event_name":"Colosseum","floor":28,"gold_loss":0},{"damage_healed":0,"gold_gain":0,"player_choice":"Fled From Nobs","damage_taken":0,"max_hp_gain":0,"max_hp_loss":0,"event_name":"Colosseum","floor":28,"gold_loss":0},{"damage_healed":0,"gold_gain":0,"player_choice":"Fought Bandits","damage_taken":0,"max_hp_gain":0,"max_hp_loss":0,"event_name":"Masked Bandits","floor":30,"gold_loss":0}],"is_beta":true,"boss_relics":[{"not_picked":["Sozu","SacredBark"],"picked":"Fusion Hammer"}],"items_purged_floors":[],"is_endless":false,"potions_floor_spawned":[4,7,12,16,28,29],"killed_by":"Masked Bandits","ascension_level":14}