{"gold_per_floor":[117,117,117,135,34,34,68,68,93,24,24,41,97,97,97,202,202,214,214,214,16,30,30,44,44,98,113,113,58,71,1,1,99,99,118,118,136,5,25,25,60,460,460,420,420,59,59,71,71,71],"floor_reached":51,"playtime":4340,"items_purged":[],"score":905,"play_id":"c80cc111-d991-4cd4-b37e-5017d0d7f9c7","local_time":"20181028050453","is_ascension_mode":true,"campfire_choices":[{"floor":6,"key":"REST"},{"floor":11,"key":"REST"},{"data":"Footwork","floor":15,"key":"SMITH"},{"floor":23,"key":"REST"},{"floor":28,"key":"REST"},{"floor":32,"key":"REST"},{"floor":40,"key":"REST"},{"floor":45,"key":"REST"},{"floor":49,"key":"REST"}],"neow_cost":"PERCENT_DAMAGE","seed_source_timestamp":1572200318801513,"circlet_count":0,"master_deck":["Defend_G","Defend_G+1","Survivor","Neutralize","Malaise","Underhanded Strike","Riddle With Holes+1","Dodge and Roll","Footwork","Outmaneuver","Footwork+1","A Thousand Cuts","Night Terror+1","Tactician+1","Noxious Fumes+1","Dagger Throw+1","Cloak And Dagger","Terror","Noxious Fumes+1","Night Terror+1","Tools of the Trade","Calculated Gamble","Dash","Phantasmal Killer","Madness","Madness","Dodge and Roll","Deflect","Footwork","Backflip+1","Blur+1","Concentrate","Finesse","Master of Strategy","Underhanded Strike"],"relics":["Ring of the Snake","Singing Bowl","Bronze Scales","Smiling Mask","Ancient Tea Set","Astrolabe","Bag of Preparation","Tiny Chest","Fusion Hammer","Unceasing Top","Old Coin","Centennial Puzzle"],"potions_floor_usage":[7,33,50,50],"damage_taken":[{"damage":3,"enemies":"Small Slimes","floor":1,"turns":4},{"damage":0,"enemies":"2 Louse","floor":4,"turns":3},{"damage":41,"enemies":"Lagavulin","floor":7,"turns":11},{"damage":4,"enemies":"Jaw Worm","floor":12,"turns":4},{"damage":18,"enemies":"Gremlin Nob","floor":13,"turns":6},{"damage":9,"enemies":"The Guardian","floor":16,"turns":15},{"damage":10,"enemies":"Spheric Guardian","floor":18,"turns":5},{"damage":0,"enemies":"3 Byrds","floor":22,"turns":5},{"damage":5,"enemies":"Centurion and Healer","floor":24,"turns":6},{"damage":11,"enemies":"Snake Plant","floor":27,"turns":8},{"damage":24,"enemies":"Chosen and Byrds","floor":30,"turns":5},{"damage":10,"enemies":"Collector","floor":33,"turns":13},{"damage":11,"enemies":"Orb Walker","floor":35,"turns":9},{"damage":9,"enemies":"3 Shapes","floor":37,"turns":7},{"damage":0,"enemies":"Maw","floor":39,"turns":8},{"damage":7,"enemies":"Nemesis","floor":41,"turns":11},{"damage":0,"enemies":"Mind Bloom Boss Battle","floor":42,"turns":9},{"damage":0,"enemies":"4 Shapes","floor":48,"turns":4},{"damage":24,"enemies":"Time Eater","floor":50,"turns":14}],"seed_played":"3488497675770715839","potions_obtained":[{"floor":1,"key":"Swift Potion"},{"floor":7,"key":"SpeedPotion"},{"floor":16,"key":"Fire Potion"},{"floor":27,"key":"Swift Potion"},{"floor":39,"key":"SteroidPotion"},{"floor":41,"key":"SkillPotion"},{"floor":48,"key":"PowerPotion"}],"is_trial":false,"path_per_floor":["M","?","T","M","$","R","E","?","T","$","R","M","?","?","R","B",null,"M","?","?","$","M","R","M","?","T","M","R","?","M","$","R","B",null,"M","?","M","$","M","R","E","?","T","?","R","$","?","M","R","B"],"character_chosen":"THE_SILENT","items_purchased":["Footwork","Outmaneuver","Footwork","Cloak And Dagger","Terror","Noxious Fumes","Dash","Deflect","Footwork","Concentrate","Finesse","Master of Strategy","Underhanded Strike"],"campfire_rested":8,"item_purchase_floors":[5,5,10,21,21,21,31,38,38,46,46,46,46],"current_hp_per_floor":[42,28,28,28,28,49,10,34,34,34,55,53,37,37,37,28,64,54,54,40,40,42,66,63,63,63,52,77,77,53,53,78,68,81,72,61,52,52,52,78,73,73,73,73,89,89,89,91,91,67],"gold":71,"neow_bonus":"TRANSFORM_TWO_CARDS","is_prod":false,"is_daily":false,"chose_seed":false,"campfire_upgraded":1,"win_rate":0,"timestamp":1540717493,"path_taken":["M","?","?","M","$","R","E","?","T","?","R","?","?","?","R","BOSS","M","?","?","?","M","R","?","?","T","M","R","?","M","?","R","BOSS","M","?","?","$","M","R","E","?","T","?","R","$","?","M","R","BOSS"],"build_version":"2018-10-25v2","purchased_purges":0,"victory":true,"max_hp_per_floor":[70,70,70,70,70,70,72,72,72,72,72,74,76,76,76,76,76,76,76,81,81,83,83,85,85,85,85,85,85,85,85,85,85,85,87,87,87,87,87,87,89,89,89,89,89,89,89,91,91,91],"card_choices":[{"not_picked":["Sucker Punch","Calculated Gamble"],"picked":"Riddle With Holes","floor":1},{"not_picked":["Bane","Calculated Gamble"],"picked":"Dodge and Roll","floor":4},{"not_picked":["Dagger Spray","Corpse Explosion","Slice"],"picked":"Singing Bowl","floor":7},{"not_picked":["Well Laid Plans","Accuracy","PiercingWail"],"picked":"Singing Bowl","floor":12},{"not_picked":["Reflex","Predator","Dagger Spray"],"picked":"Singing Bowl","floor":13},{"not_picked":["Bullet Time","Corpse Explosion"],"picked":"A Thousand Cuts","floor":16},{"not_picked":["Sucker Punch+1","Bouncing Flask"],"picked":"Dagger Throw+1","floor":18},{"not_picked":["Tactician+1","Outmaneuver+1","Infinite Blades"],"picked":"Singing Bowl","floor":22},{"not_picked":["Poisoned Stab","Expertise","Flying Knee"],"picked":"Singing Bowl","floor":24},{"not_picked":["Finisher+1","Slice"],"picked":"Tools of the Trade","floor":27},{"not_picked":["Eviscerate","Flying Knee"],"picked":"Calculated Gamble","floor":30},{"not_picked":["Venomology","Wraith Form v2"],"picked":"Phantasmal Killer","floor":33},{"not_picked":["Bane+1","All Out Attack","Accuracy+1"],"picked":"Singing Bowl","floor":35},{"not_picked":["Prepared+1","Setup+1"],"picked":"Dodge and Roll","floor":37},{"not_picked":["Calculated Gamble","Poisoned Stab"],"picked":"Backflip+1","floor":39},{"not_picked":["Wraith Form v2","Heel Hook","Unload"],"picked":"Singing Bowl","floor":41},{"not_picked":["Deadly Poison","Sucker Punch+1"],"picked":"Blur+1","floor":42},{"not_picked":["Flying Knee+1","Calculated Gamble","Expertise+1"],"picked":"Singing Bowl","floor":48}],"player_experience":296545,"relics_obtained":[{"floor":3,"key":"Singing Bowl"},{"floor":7,"key":"Bronze Scales"},{"floor":9,"key":"Smiling Mask"},{"floor":13,"key":"Ancient Tea Set"},{"floor":26,"key":"Bag of Preparation"},{"floor":41,"key":"Unceasing Top"},{"floor":42,"key":"Old Coin"},{"floor":43,"key":"Centennial Puzzle"}],"event_choices":[{"damage_healed":0,"gold_gain":0,"player_choice":"Entered Light","damage_taken":14,"max_hp_gain":0,"max_hp_loss":0,"event_name":"Shining Light","floor":2,"gold_loss":0,"cards_upgraded":["Defend_G","Riddle With Holes"]},{"damage_healed":24,"gold_gain":0,"player_choice":"Banana","damage_taken":0,"max_hp_gain":0,"max_hp_loss":0,"event_name":"Big Fish","floor":8,"gold_loss":0},{"damage_healed":0,"gold_gain":0,"player_choice":"Searched \u00271\u0027 times","damage_taken":0,"max_hp_gain":0,"max_hp_loss":0,"event_name":"Dead Adventurer","floor":13,"gold_loss":0},{"cards_removed":["Strike_G"],"damage_healed":0,"gold_gain":0,"player_choice":"Purged","damage_taken":0,"max_hp_gain":0,"max_hp_loss":0,"event_name":"Purifier","floor":14,"gold_loss":0},{"cards_removed":["Defend_G"],"damage_healed":0,"gold_gain":0,"player_choice":"Elegance","damage_taken":0,"max_hp_gain":0,"max_hp_loss":0,"event_name":"Back to Basics","floor":19,"gold_loss":0},{"damage_healed":0,"gold_gain":0,"player_choice":"Shed Blood","damage_taken":19,"max_hp_gain":5,"max_hp_loss":0,"event_name":"Forgotten Altar","floor":20,"gold_loss":0},{"damage_healed":0,"gold_gain":0,"player_choice":"Copied","damage_taken":0,"max_hp_gain":0,"max_hp_loss":0,"event_name":"Duplicator","floor":25,"gold_loss":0,"cards_obtained":["Night Terror"]},{"damage_healed":0,"gold_gain":0,"player_choice":"Obtained Relic","damage_taken":0,"relics_obtained":["Tiny Chest"],"max_hp_gain":0,"max_hp_loss":0,"event_name":"Addict","floor":29,"gold_loss":85},{"damage_healed":0,"gold_gain":0,"player_choice":"Embrace Madness","damage_taken":11,"max_hp_gain":0,"max_hp_loss":0,"event_name":"Winding Halls","floor":36,"gold_loss":0,"cards_obtained":["Madness","Madness"]},{"damage_healed":0,"gold_gain":0,"player_choice":"Fight","damage_taken":0,"max_hp_gain":0,"max_hp_loss":0,"event_name":"MindBloom","floor":42,"gold_loss":0},{"damage_healed":0,"gold_gain":0,"player_choice":"Upgrade","damage_taken":0,"max_hp_gain":0,"max_hp_loss":0,"event_name":"Designer","floor":44,"gold_loss":40,"cards_upgraded":["Noxious Fumes"]},{"cards_removed":["Defend_G"],"damage_healed":0,"gold_gain":0,"player_choice":"Purged","damage_taken":0,"max_hp_gain":0,"max_hp_loss":0,"event_name":"Purifier","floor":47,"gold_loss":0}],"is_beta":false,"boss_relics":[{"not_picked":["Velvet Choker","Philosopher\u0027s Stone"],"picked":"Astrolabe"},{"not_picked":["HoveringKite","Pandora\u0027s Box"],"picked":"Fusion Hammer"}],"items_purged_floors":[],"is_endless":false,"potions_floor_spawned":[1,7,16,27,30,39,41,48],"ascension_level":6}