{"gold_per_floor":[119,80,92,92,108,108,258,258,306,306,369,369],"floor_reached":12,"playtime":290,"items_purged":[],"score":122,"play_id":"de7b259b-21b2-4dd8-9447-00d99c9cde7d","local_time":"20190922201736","is_ascension_mode":true,"campfire_choices":[{"data":"Defragment","floor":6,"key":"SMITH"},{"data":"Doom and Gloom","floor":8,"key":"SMITH"}],"neow_cost":"NONE","seed_source_timestamp":351978639706514,"circlet_count":0,"master_deck":["AscendersBane","Strike_B","Strike_B","Strike_B+1","Strike_B","Defend_B","Defend_B+1","Defend_B","Defend_B+1","Zap","Dualcast","Doom and Gloom+1","Self Repair+1","Defragment+1","Storm","Doubt","Leap"],"relics":["Velvet Choker","War Paint","Molten Egg 2"],"potions_floor_usage":[],"damage_taken":[{"damage":11,"enemies":"2 Louse","floor":1,"turns":2},{"damage":2,"enemies":"Jaw Worm","floor":3,"turns":5},{"damage":16,"enemies":"Small Slimes","floor":5,"turns":4},{"damage":25,"enemies":"Lagavulin Event","floor":11,"turns":5},{"damage":20,"enemies":"Lagavulin","floor":12,"turns":2}],"seed_played":"-3531022832858139644","potions_obtained":[{"floor":1,"key":"Strength Potion"},{"floor":3,"key":"Dexterity Potion"},{"floor":11,"key":"FocusPotion"}],"is_trial":false,"path_per_floor":["M","$","M","$","M","R","?","R","T","?","?","E"],"character_chosen":"DEFECT","items_purchased":["Self Repair"],"campfire_rested":0,"item_purchase_floors":[2],"current_hp_per_floor":[53,53,58,58,49,49,49,49,49,28,13,0],"gold":369,"neow_bonus":"BOSS_RELIC","is_prod":false,"is_daily":false,"chose_seed":false,"campfire_upgraded":2,"win_rate":0,"timestamp":1569197856,"path_taken":["M","$","M","$","M","R","?","R","T","?","?","E"],"build_version":"2019-09-20","purchased_purges":0,"victory":false,"max_hp_per_floor":[71,71,71,71,71,71,71,71,71,71,71,71],"card_choices":[{"not_picked":["Reinforced Body","Barrage"],"picked":"Doom and Gloom","floor":1},{"not_picked":["Chaos","Streamline"],"picked":"Defragment","floor":3},{"not_picked":["Beam Cell","Turbo"],"picked":"Storm","floor":5},{"not_picked":["Coolheaded","Hyperbeam"],"picked":"Leap","floor":11}],"player_experience":655136,"relics_obtained":[{"floor":9,"key":"War Paint"},{"floor":11,"key":"Molten Egg 2"}],"event_choices":[{"damage_healed":0,"gold_gain":150,"player_choice":"AGREE","damage_taken":0,"max_hp_gain":0,"max_hp_loss":0,"event_name":"Liars Game","floor":7,"gold_loss":0,"cards_obtained":["Doubt"]},{"damage_healed":0,"gold_gain":0,"player_choice":"Entered Light","damage_taken":21,"max_hp_gain":0,"max_hp_loss":0,"event_name":"Shining Light","floor":10,"gold_loss":0,"cards_upgraded":["Self Repair","Strike_B"]},{"damage_healed":0,"gold_gain":0,"player_choice":"Searched \u00272\u0027 times","damage_taken":0,"max_hp_gain":0,"max_hp_loss":0,"event_name":"Dead Adventurer","floor":11,"gold_loss":0}],"is_beta":true,"boss_relics":[],"items_purged_floors":[],"is_endless":false,"potions_floor_spawned":[1,3,11],"killed_by":"Lagavulin","ascension_level":17}