{"gold_per_floor":[119,119,137,137,150,177,177,192,192,192,212,246,262,280,280,376,376,360,28,28,44,64,93,93,125,125,125,145,145,164,193,193,289,289,305,47,65,287,299,299,299,630,630,647,647,17,17],"floor_reached":47,"playtime":4152,"items_purged":["Strike_B","Defend_B"],"score":582,"play_id":"2b4c6963-9316-4b12-b4fd-9d8bb5768f5d","local_time":"20181104011407","is_ascension_mode":false,"campfire_choices":[{"floor":7.0,"key":"REST"},{"floor":10.0,"key":"REST"},{"data":"Streamline","floor":15.0,"key":"SMITH"},{"floor":24,"key":"REST"},{"floor":29,"key":"REST"},{"floor":32,"key":"REST"},{"floor":40,"key":"REST"}],"neow_cost":"NONE","seed_source_timestamp":0,"circlet_count":0,"master_deck":["Defend_B","Defend_B+1","Defend_B","Zap","Dualcast+1","Sunder","Gash","Creative AI","Rebound","White Noise","Cold Snap","Leap","Cold Snap","Doom and Gloom","Streamline+1","Meteor Strike","Double Energy+1","Defragment","Conserve Battery","Meteor Strike","Leap","FTL","Core Surge","Leap","Doom and Gloom+1","Amplify","Tempest","White Noise+1","Stack+1","Core Surge+1","Blizzard+1","Loop","Turbo","Beam Cell+1","Conserve Battery","Leap","Redo+1","Recycle+1","White Noise+1","Force Field","Auto Shields"],"special_seed":0,"relics":["FrozenCore","Regal Pillow","Smiling Mask","Cables","Lantern","Red Mask","Molten Egg 2","Bottled Lightning","Runic Pyramid","Omamori","Old Coin","Ancient Tea Set","SsserpentHead","Cauldron","Kunai"],"potions_floor_usage":[23,28,31,47,47],"damage_taken":[{"damage":9.0,"enemies":"Jaw Worm","floor":1.0,"turns":4.0},{"damage":2.0,"enemies":"2 Louse","floor":3.0,"turns":3.0},{"damage":0.0,"enemies":"Small Slimes","floor":5.0,"turns":3.0},{"damage":34.0,"enemies":"Lagavulin","floor":6.0,"turns":9.0},{"damage":1.0,"enemies":"3 Louse","floor":8.0,"turns":2.0},{"damage":10.0,"enemies":"Large Slime","floor":11.0,"turns":5.0},{"damage":24.0,"enemies":"Gremlin Nob","floor":12.0,"turns":6.0},{"damage":1.0,"enemies":"Exordium Wildlife","floor":13.0,"turns":3.0},{"damage":11.0,"enemies":"Red Slaver","floor":14.0,"turns":2.0},{"damage":12.0,"enemies":"The Guardian","floor":16.0,"turns":11.0},{"damage":2.0,"enemies":"2 Thieves","floor":18.0,"turns":4.0},{"damage":27,"enemies":"Colosseum Slavers","floor":20,"turns":5},{"damage":0,"enemies":"Shell Parasite","floor":21,"turns":8},{"damage":2,"enemies":"Snecko","floor":22,"turns":5},{"damage":31,"enemies":"Gremlin Leader","floor":23,"turns":10},{"damage":0,"enemies":"Masked Bandits","floor":25,"turns":6},{"damage":17,"enemies":"Snake Plant","floor":28,"turns":8},{"damage":10,"enemies":"Sentry and Sphere","floor":30,"turns":6},{"damage":15,"enemies":"Slavers","floor":31,"turns":5},{"damage":28,"enemies":"Champ","floor":33,"turns":8},{"damage":16,"enemies":"Orb Walker","floor":35,"turns":4},{"damage":9,"enemies":"3 Shapes","floor":37,"turns":6},{"damage":9,"enemies":"3 Darklings","floor":39,"turns":8},{"damage":42,"enemies":"Reptomancer","floor":42,"turns":8},{"damage":12,"enemies":"Sphere and 2 Shapes","floor":44,"turns":6},{"damage":24,"enemies":"Writhing Mass","floor":47,"turns":6}],"seed_played":"-588556001980509945","potions_obtained":[{"floor":5.0,"key":"SpeedPotion"},{"floor":8.0,"key":"Poison Potion"},{"floor":11.0,"key":"PowerPotion"},{"floor":12.0,"key":"Dexterity Potion"},{"floor":14.0,"key":"SpeedPotion"},{"floor":16.0,"key":"Block Potion"},{"floor":21,"key":"SpeedPotion"},{"floor":22,"key":"Block Potion"},{"floor":25,"key":"Energy Potion"},{"floor":31,"key":"Poison Potion"},{"floor":39,"key":"EssenceOfSteel"},{"floor":46,"key":"Fruit Juice"},{"floor":46,"key":"Energy Potion"}],"is_trial":false,"path_per_floor":["M","?","M","?","M","E","R","M","T","R","M","E","M","M","R","B",null,"M","$","?","M","M","E","R","?","T","?","M","R","M","E","R","B",null,"M","$","M","?","M","R","T","E","T","M","?","$","M"],"character_chosen":"DEFECT","items_purchased":["Defragment","Conserve Battery","Meteor Strike","Loop","Turbo","Beam Cell+1","Conserve Battery","Cauldron","FocusPotion","Kunai","Force Field","Auto Shields"],"campfire_rested":6,"item_purchase_floors":[19,19,19,36,36,36,36,46,46,46,46,46],"current_hp_per_floor":[66,59,57,42,42,8,45,44,44,75,65,41,40,29,29,17,75,73,73,46,46,44,13,50,50,50,50,33,70,60,45,75,47,75,59,59,50,50,41,75,75,33,33,21,21,21,2],"gold":17,"neow_bonus":"THREE_CARDS","is_prod":false,"is_daily":false,"chose_seed":false,"campfire_upgraded":1,"win_rate":0,"timestamp":1541312047,"path_taken":["M","?","M","?","M","E","R","M","T","R","M","E","M","M","R","BOSS","M","$","?","M","M","E","R","?","T","?","M","R","M","E","R","BOSS","M","$","M","?","M","R","?","E","T","?","?","$","M"],"build_version":"2018-11-01","purchased_purges":2,"victory":false,"max_hp_per_floor":[75,75,75,75,75,75,75,75,75,75,75,75,75,75,75,75,75,75,75,75,75,75,75,75,75,75,75,75,75,75,75,75,75,75,75,75,75,75,75,75,75,75,75,75,75,75,80],"card_choices":[{"not_picked":["Steam","Auto Shields"],"picked":"Sunder","floor":0.0},{"not_picked":["Doom and Gloom","Rebound"],"picked":"Gash","floor":1.0},{"not_picked":["Compile Driver","Hello World"],"picked":"Creative AI","floor":3.0},{"not_picked":["Sunder","Melter"],"picked":"Rebound","floor":5.0},{"not_picked":["Rip and Tear","Steam"],"picked":"White Noise","floor":6.0},{"not_picked":["Double Energy","Steam Power"],"picked":"Cold Snap","floor":8.0},{"not_picked":["Aggregate","Streamline"],"picked":"Leap","floor":11.0},{"not_picked":["Turbo","Steam"],"picked":"Cold Snap","floor":12.0},{"not_picked":["Rebound","Hyperbeam"],"picked":"Doom and Gloom","floor":13.0},{"not_picked":["Aggregate","Redo"],"picked":"Streamline","floor":14.0},{"not_picked":["Multi-Cast","Creative AI"],"picked":"Meteor Strike","floor":16.0},{"not_picked":["Coolheaded","Reprogram"],"picked":"Double Energy+1","floor":18.0},{"not_picked":["Beam Cell","Stack"],"picked":"Leap","floor":21},{"not_picked":["Reprogram","Streamline"],"picked":"FTL","floor":22},{"not_picked":["Meteor Strike","Hello World+1"],"picked":"Core Surge","floor":23},{"not_picked":["Doom and Gloom","Hologram"],"picked":"Leap","floor":25},{"not_picked":["Compile Driver+1","Sweeping Beam+1"],"picked":"Tempest","floor":28},{"not_picked":["Barrage+1","Melter+1"],"picked":"White Noise+1","floor":30},{"not_picked":["Ball Lightning+1","Barrage+1"],"picked":"Stack+1","floor":31},{"not_picked":["Multi-Cast","Meteor Strike+1"],"picked":"Core Surge+1","floor":33},{"not_picked":["Go for the Eyes+1","Hologram+1"],"picked":"Blizzard+1","floor":35},{"not_picked":["Ball Lightning+1","Genetic Algorithm+1"],"picked":"Leap","floor":37},{"not_picked":["Gash+1","Compile Driver+1"],"picked":"Redo+1","floor":39},{"not_picked":["Tempest","Heatsinks+1"],"picked":"Recycle+1","floor":42},{"not_picked":["Ball Lightning+1","Cold Snap+1"],"picked":"White Noise+1","floor":44}],"player_experience":314970,"relics_obtained":[{"floor":6.0,"key":"Regal Pillow"},{"floor":9.0,"key":"Smiling Mask"},{"floor":12.0,"key":"Cables"},{"floor":23,"key":"Lantern"},{"floor":25,"key":"Red Mask"},{"floor":26,"key":"Molten Egg 2"},{"floor":31,"key":"Bottled Lightning"},{"floor":41,"key":"Omamori"},{"floor":42,"key":"Old Coin"},{"floor":43,"key":"Ancient Tea Set"}],"event_choices":[{"cards_removed":["Strike_B"],"damage_healed":0.0,"max_hp_gain":0.0,"max_hp_loss":0.0,"gold_gain":0.0,"event_name":"Golden Wing","player_choice":"Card Removal","floor":2.0,"gold_loss":0.0,"damage_taken":7.0},{"damage_healed":0.0,"max_hp_gain":0.0,"max_hp_loss":0.0,"gold_gain":0.0,"event_name":"Shining Light","player_choice":"Entered Light","floor":4.0,"gold_loss":0.0,"damage_taken":15.0,"cards_upgraded":["Dualcast","Defend_B"]},{"damage_healed":0,"gold_gain":0,"player_choice":"Fight","damage_taken":0,"max_hp_gain":0,"max_hp_loss":0,"event_name":"Colosseum","floor":20,"gold_loss":0},{"damage_healed":0,"gold_gain":0,"player_choice":"Fled From Nobs","damage_taken":0,"max_hp_gain":0,"max_hp_loss":0,"event_name":"Colosseum","floor":20,"gold_loss":0},{"damage_healed":0,"gold_gain":0,"player_choice":"Fought Bandits","damage_taken":0,"max_hp_gain":0,"max_hp_loss":0,"event_name":"Masked Bandits","floor":25,"gold_loss":0},{"damage_healed":0,"gold_gain":0,"cards_transformed":["Strike_B","Strike_B"],"player_choice":"Became Test Subject","damage_taken":0,"max_hp_gain":0,"max_hp_loss":0,"event_name":"Drug Dealer","floor":27,"gold_loss":0,"cards_obtained":["Doom and Gloom","Amplify"]},{"damage_healed":0,"gold_gain":222,"player_choice":"Wore Mask","damage_taken":0,"max_hp_gain":0,"max_hp_loss":0,"event_name":"Tomb of Lord Red Mask","floor":38,"gold_loss":0},{"damage_healed":0,"gold_gain":0,"player_choice":"Trade","damage_taken":0,"relics_obtained":["SsserpentHead"],"max_hp_gain":0,"max_hp_loss":0,"event_name":"FaceTrader","floor":45,"gold_loss":0}],"is_beta":false,"boss_relics":[{"not_picked":["Empty Cage","Lizard Tail"],"picked":"FrozenCore"},{"not_picked":["Astrolabe","Coffee Dripper"],"picked":"Runic Pyramid"}],"items_purged_floors":[19,36],"is_endless":false,"potions_floor_spawned":[5,8,11,12,14,16,20,21,22,25,31,39],"killed_by":"Writhing Mass","ascension_level":0}