{"gold_per_floor":[114,126,138,138,152,187,204,216,216,227,227,240,240,273,273,273],"floor_reached":16,"playtime":865,"items_purged":[],"score":128,"play_id":"a05ce87a-1d11-479b-8a1f-7a164ca3f2c3","local_time":"20190823003310","is_ascension_mode":true,"campfire_choices":[{"floor":11,"key":"REST"},{"data":"Armaments","floor":15,"key":"SMITH"}],"neow_cost":"PERCENT_DAMAGE","seed_source_timestamp":647947276452200,"circlet_count":0,"master_deck":["Strike_R","Strike_R","Defend_R","Defend_R","Defend_R","Defend_R","Bash","Anger","Armaments+1","Heavy Blade","Blood for Blood","Rage","Iron Wave","Berserk","Shrug It Off","Cleave","Headbutt","Purity","Juggernaut"],"relics":["Burning Blood","PreservedInsect","Matryoshka","Centennial Puzzle"],"potions_floor_usage":[14,16],"damage_taken":[{"damage":10,"enemies":"2 Louse","floor":1,"turns":4},{"damage":0,"enemies":"Small Slimes","floor":2,"turns":3},{"damage":0,"enemies":"Cultist","floor":3,"turns":4},{"damage":11,"enemies":"Blue Slaver","floor":5,"turns":4},{"damage":31,"enemies":"Lagavulin","floor":6,"turns":7},{"damage":4,"enemies":"3 Louse","floor":7,"turns":3},{"damage":18,"enemies":"Large Slime","floor":8,"turns":6},{"damage":19,"enemies":"Exordium Thugs","floor":10,"turns":4},{"damage":0,"enemies":"3 Louse","floor":12,"turns":2},{"damage":11,"enemies":"3 Sentries","floor":14,"turns":7},{"damage":65,"enemies":"Slime Boss","floor":16,"turns":5}],"seed_played":"-5318356363811706971","potions_obtained":[{"floor":3,"key":"Weak Potion"},{"floor":5,"key":"Energy Potion"},{"floor":10,"key":"BloodPotion"},{"floor":14,"key":"GamblersBrew"}],"is_trial":false,"path_per_floor":["M","M","M","?","M","E","M","M","T","M","R","M","?","E","R","B"],"character_chosen":"IRONCLAD","items_purchased":[],"campfire_rested":1,"item_purchase_floors":[],"current_hp_per_floor":[52,58,64,64,59,34,36,24,24,11,35,41,41,56,56,0],"gold":273,"neow_bonus":"REMOVE_TWO","is_prod":false,"is_daily":false,"chose_seed":false,"campfire_upgraded":1,"win_rate":0,"timestamp":1566513190,"path_taken":["M","M","M","?","M","E","M","M","T","M","R","M","?","E","R","BOSS"],"build_version":"2019-07-17","purchased_purges":0,"victory":false,"max_hp_per_floor":[80,80,80,80,80,80,80,80,80,80,80,80,80,80,80,80],"card_choices":[{"not_picked":["Warcry","Sword Boomerang"],"picked":"Anger","floor":1},{"not_picked":["Pommel Strike","Anger"],"picked":"Armaments","floor":2},{"not_picked":["Warcry","Power Through"],"picked":"Heavy Blade","floor":3},{"not_picked":["Clash","Rampage"],"picked":"Rage","floor":5},{"not_picked":["Perfected Strike","True Grit"],"picked":"Iron Wave","floor":6},{"not_picked":["Shrug It Off","Flex"],"picked":"Berserk","floor":7},{"not_picked":["Combust","Wild Strike"],"picked":"Shrug It Off","floor":8},{"not_picked":["Anger","Flex"],"picked":"Cleave","floor":10},{"not_picked":["Shrug It Off","Uppercut"],"picked":"Headbutt","floor":12},{"not_picked":["Headbutt","Twin Strike"],"picked":"Juggernaut","floor":14}],"player_experience":148120,"relics_obtained":[{"floor":6,"key":"PreservedInsect"},{"floor":9,"key":"Matryoshka"},{"floor":14,"key":"Centennial Puzzle"}],"event_choices":[{"damage_healed":0,"gold_gain":0,"cards_transformed":["Strike_R"],"player_choice":"Change","damage_taken":0,"max_hp_gain":0,"max_hp_loss":0,"event_name":"Living Wall","floor":4,"gold_loss":0,"cards_obtained":["Blood for Blood"]},{"damage_healed":0,"gold_gain":0,"player_choice":"1 cards matched","damage_taken":0,"max_hp_gain":0,"max_hp_loss":0,"event_name":"Match and Keep!","floor":13,"gold_loss":0,"cards_obtained":["Purity"]}],"is_beta":false,"boss_relics":[],"items_purged_floors":[],"is_endless":false,"potions_floor_spawned":[3,5,10,14],"killed_by":"Slime Boss","ascension_level":2}