{"gold_per_floor":[117,117,132,143,155,155,223,223,223,238,11,11,36,66,66,167,167,183,193,227,245,7,36,47,47,98,197,214,129,146,193,193,297,297,313,47,14,29,42,72,72,104,183,83,98,48,58,58,58,58],"floor_reached":51,"playtime":1792,"items_purged":["Strike_R","Strike_R"],"score":812,"play_id":"92d0f506-f2d9-47a0-a1e3-14691fcc0c3e","local_time":"20190414000051","is_ascension_mode":true,"campfire_choices":[{"data":"Disarm","floor":6.0,"key":"SMITH"},{"data":"Berserk","floor":8.0,"key":"SMITH"},{"data":"Offering","floor":12.0,"key":"SMITH"},{"data":"Clash","floor":15.0,"key":"SMITH"},{"floor":32.0,"key":"REST"},{"data":"Disarm","floor":41,"key":"SMITH"},{"floor":49,"key":"REST"}],"neow_cost":"NONE","seed_source_timestamp":4047017457800,"circlet_count":0,"master_deck":["Strike_R","Strike_R","Strike_R","Defend_R+1","Defend_R","Defend_R+1","Bash","Berserk+1","Pommel Strike","Twin Strike","Iron Wave","Clash+1","Disarm+1","Clash+1","Uppercut+1","Offering+1","Feel No Pain","Demon Form","Panacea","Disarm+1","Rampage+1","Rage","Fiend Fire+1","Feel No Pain","Metallicize","Intimidate+1"],"special_seed":0,"relics":["Burning Blood","Molten Egg 2","Odd Mushroom","Gremlin Horn","Philosopher\u0027s Stone","Red Mask","Question Card","Ancient Tea Set","Unceasing Top","War Paint","Runic Pyramid","Medical Kit","Oddly Smooth Stone","Shuriken","Pantograph"],"potions_floor_usage":[33,33,42,50],"damage_taken":[{"damage":0.0,"enemies":"2 Louse","floor":1.0,"turns":2.0},{"damage":0.0,"enemies":"Cultist","floor":3.0,"turns":2.0},{"damage":10.0,"enemies":"Small Slimes","floor":4.0,"turns":3.0},{"damage":5.0,"enemies":"Looter","floor":5.0,"turns":2.0},{"damage":17.0,"enemies":"Exordium Thugs","floor":10.0,"turns":3.0},{"damage":6.0,"enemies":"The Mushroom Lair","floor":13.0,"turns":3.0},{"damage":6.0,"enemies":"Gremlin Nob","floor":14.0,"turns":2.0},{"damage":32.0,"enemies":"Slime Boss","floor":16.0,"turns":9.0},{"damage":12.0,"enemies":"Shell Parasite","floor":18.0,"turns":4.0},{"damage":7.0,"enemies":"Chosen","floor":19.0,"turns":3.0},{"damage":19.0,"enemies":"Masked Bandits","floor":20.0,"turns":3.0},{"damage":18.0,"enemies":"Snecko","floor":21.0,"turns":3.0},{"damage":21.0,"enemies":"Book of Stabbing","floor":23.0,"turns":6.0},{"damage":21.0,"enemies":"Centurion and Healer","floor":24.0,"turns":4.0},{"damage":0.0,"enemies":"Chosen and Byrds","floor":28.0,"turns":5.0},{"damage":5.0,"enemies":"Cultist and Chosen","floor":30.0,"turns":6.0},{"damage":56,"enemies":"Automaton","floor":33,"turns":7},{"damage":23,"enemies":"3 Darklings","floor":35,"turns":6},{"damage":6,"enemies":"3 Shapes","floor":38,"turns":7},{"damage":6,"enemies":"Maw","floor":39,"turns":6},{"damage":26,"enemies":"Giant Head","floor":40,"turns":8},{"damage":10,"enemies":"Reptomancer","floor":42,"turns":4},{"damage":14,"enemies":"Spire Growth","floor":45,"turns":5},{"damage":15,"enemies":"Transient","floor":47,"turns":5},{"damage":12,"enemies":"Time Eater","floor":50,"turns":9}],"seed_played":"-593160244134859887","potions_obtained":[{"floor":1.0,"key":"Poison Potion"},{"floor":10.0,"key":"BloodPotion"},{"floor":13.0,"key":"AttackPotion"},{"floor":16.0,"key":"SneckoOil"},{"floor":23.0,"key":"PowerPotion"},{"floor":38,"key":"Explosive Potion"},{"floor":40,"key":"EssenceOfSteel"}],"is_trial":false,"path_per_floor":["M","?","M","M","M","R","?","R","T","M","$","R","?","E","R","B",null,"M","M","?","M","$","E","M","$","T","?","M","?","M","T","R","B",null,"M","$","$","M","M","E","R","E","T","$","M","$","M","?","R","B",null],"character_chosen":"IRONCLAD","items_purchased":["Uppercut+1","Offering","Panacea","Disarm","Medical Kit","Feel No Pain","Metallicize","PowerPotion"],"campfire_rested":2,"item_purchase_floors":[11,11,22,22,36,36,37,46],"current_hp_per_floor":[80,80,80,76,77,77,77,77,77,66,66,66,66,66,66,40,80,74,73,60,48,48,33,18,18,18,18,24,24,25,25,49,7,80,63,63,63,63,63,43,43,39,39,39,31,31,22,22,46,65],"gold":58,"neow_bonus":"ONE_RANDOM_RARE_CARD","is_prod":false,"is_daily":false,"chose_seed":false,"campfire_upgraded":5,"win_rate":0,"timestamp":1555196451,"path_taken":["M","?","M","M","?","R","?","R","T","M","$","R","?","E","R","BOSS","M","M","?","M","$","E","M","$","T","?","?","?","M","?","R","BOSS","M","?","$","?","M","E","R","E","T","$","M","$","M","?","R","BOSS"],"build_version":"2019-01-23","purchased_purges":2,"victory":true,"max_hp_per_floor":[80,80,80,80,80,80,80,80,80,80,80,80,80,80,80,80,80,80,80,80,80,80,80,80,80,80,80,80,80,80,80,80,80,80,80,80,80,80,80,80,80,80,80,80,80,80,80,80,80,80],"card_choices":[{"not_picked":["Clash","Shrug It Off"],"picked":"Pommel Strike","floor":1.0},{"not_picked":["Armaments","Clash"],"picked":"Iron Wave","floor":3.0},{"not_picked":["Clothesline","Iron Wave"],"picked":"Clash","floor":4.0},{"not_picked":["Blood for Blood","Armaments"],"picked":"Disarm","floor":5.0},{"not_picked":["Headbutt+1","True Grit"],"picked":"Clash+1","floor":10.0},{"not_picked":["Fiend Fire+1","Pommel Strike+1"],"picked":"Feel No Pain","floor":13.0},{"not_picked":["Sword Boomerang+1","Barricade","Anger+1"],"picked":"SKIP","floor":14.0},{"not_picked":["Dark Embrace","Barricade"],"picked":"Demon Form","floor":16.0},{"not_picked":["True Grit","Entrench","Thunderclap+1"],"picked":"SKIP","floor":18.0},{"not_picked":["Blood for Blood+1","Flame Barrier","Anger+1"],"picked":"SKIP","floor":19.0},{"not_picked":["Searing Blow+1","Pommel Strike+1","Perfected Strike+1"],"picked":"SKIP","floor":21.0},{"not_picked":["Anger+1","Iron Wave+1"],"picked":"Rampage+1","floor":23.0},{"not_picked":["Barricade","Flame Barrier","Clash+1"],"picked":"Rage","floor":24.0},{"not_picked":["Twin Strike+1","Thunderclap+1","Warcry+1","Carnage+1"],"picked":"SKIP","floor":28.0},{"not_picked":["Pommel Strike+1","Spot Weakness","Rupture+1","Shrug It Off"],"picked":"SKIP","floor":30.0},{"not_picked":["Berserk","Feed+1","Juggernaut"],"picked":"Fiend Fire+1","floor":33},{"not_picked":["Flex+1","Shockwave+1","Perfected Strike+1","Second Wind"],"picked":"SKIP","floor":35},{"not_picked":["Clash+1","Perfected Strike+1","Combust","Bloodletting"],"picked":"SKIP","floor":38},{"not_picked":["Intimidate+1","Burning Pact","True Grit","Cleave+1"],"picked":"SKIP","floor":39},{"not_picked":["Burning Pact","True Grit","Cleave+1"],"picked":"Intimidate+1","floor":39},{"not_picked":["Fiend Fire+1","Body Slam+1","True Grit","Sword Boomerang+1"],"picked":"SKIP","floor":40},{"not_picked":["Clothesline+1","Armaments+1","Perfected Strike+1","Thunderclap+1"],"picked":"SKIP","floor":42},{"not_picked":["Inflame","Clash+1","Combust+1","Uppercut+1"],"picked":"SKIP","floor":45},{"not_picked":["Bloodletting+1","Clash+1","Carnage+1","Inflame"],"picked":"SKIP","floor":47}],"player_experience":21349,"relics_obtained":[{"floor":9.0,"key":"Molten Egg 2"},{"floor":13.0,"key":"Odd Mushroom"},{"floor":14.0,"key":"Gremlin Horn"},{"floor":20.0,"key":"Red Mask"},{"floor":23.0,"key":"Question Card"},{"floor":26.0,"key":"Ancient Tea Set"},{"floor":31.0,"key":"War Paint"},{"floor":40,"key":"Oddly Smooth Stone"},{"floor":42,"key":"Shuriken"},{"floor":43,"key":"Pantograph"}],"event_choices":[{"damage_healed":0.0,"max_hp_gain":0.0,"max_hp_loss":0.0,"gold_gain":0.0,"cards_transformed":["Defend_R"],"event_name":"Transmorgrifier","player_choice":"Transformed","floor":2.0,"gold_loss":0.0,"damage_taken":0.0,"cards_obtained":["Twin Strike"]},{"damage_healed":0.0,"max_hp_gain":0.0,"max_hp_loss":0.0,"gold_gain":68.0,"event_name":"Golden Wing","player_choice":"Gained Gold","floor":7.0,"gold_loss":0.0,"damage_taken":0.0},{"damage_healed":0.0,"max_hp_gain":0.0,"max_hp_loss":0.0,"gold_gain":0.0,"event_name":"Mushrooms","player_choice":"Fought Mushrooms","floor":13.0,"gold_loss":0.0,"damage_taken":0.0},{"damage_healed":0.0,"max_hp_gain":0.0,"max_hp_loss":0.0,"gold_gain":0.0,"event_name":"Masked Bandits","player_choice":"Fought Bandits","floor":20.0,"gold_loss":0.0,"damage_taken":0.0},{"damage_healed":0.0,"max_hp_gain":0.0,"max_hp_loss":0.0,"gold_gain":99.0,"event_name":"Nest","player_choice":"Stole From Cult","floor":27.0,"gold_loss":0.0,"damage_taken":0.0},{"damage_healed":0.0,"max_hp_gain":0.0,"max_hp_loss":0.0,"gold_gain":0.0,"event_name":"Addict","player_choice":"Obtained Relic","floor":29.0,"gold_loss":85.0,"damage_taken":0.0,"relics_obtained":["Unceasing Top"]},{"damage_healed":0,"gold_gain":0,"player_choice":"Ignored","damage_taken":0,"max_hp_gain":0,"max_hp_loss":0,"event_name":"Mysterious Sphere","floor":48,"gold_loss":0}],"is_beta":false,"boss_relics":[{"not_picked":["Black Star","Astrolabe"],"picked":"Philosopher\u0027s Stone"},{"not_picked":["Orrery","Coffee Dripper"],"picked":"Runic Pyramid"}],"items_purged_floors":[22,44],"is_endless":false,"potions_floor_spawned":[1,10,13,16,18,20,23,30,38,40],"ascension_level":1}