{"gold_per_floor":[360,360,535,229,194,194,224,224,269,286,319,337,353,17,17,115,115,129,109,126,141,160,160,160],"floor_reached":24,"playtime":1272,"items_purged":["Doubt"],"score":309,"play_id":"2ca595f7-f71f-4eaf-bef3-a5645a834e9d","local_time":"20190620004704","is_ascension_mode":true,"campfire_choices":[{"floor":6,"key":"REST"},{"floor":8,"key":"REST"},{"data":"Defragment","floor":15,"key":"SMITH"},{"floor":23,"key":"REST"}],"neow_cost":"PERCENT_DAMAGE","seed_source_timestamp":546536803438100,"circlet_count":0,"master_deck":["AscendersBane","Strike_B","Strike_B","Strike_B","Strike_B","Defend_B","Defend_B","Defend_B","Defend_B","Zap","Dualcast","Sweeping Beam","Cold Snap","Leap","Auto Shields","Streamline","Coolheaded","Loop","Defragment+1","Go for the Eyes","Coolheaded+1","Chill"],"relics":["Cracked Core","Centennial Puzzle","Vajra","Lantern","Blood Vial","Turnip","Lee\u0027s Waffle","Busted Crown"],"potions_floor_usage":[11,22,24,24],"damage_taken":[{"damage":6,"enemies":"Cultist","floor":1,"turns":4},{"damage":19,"enemies":"3 Sentries","floor":7,"turns":10},{"damage":0,"enemies":"Jaw Worm","floor":10,"turns":2},{"damage":20,"enemies":"Gremlin Nob","floor":11,"turns":4},{"damage":0,"enemies":"2 Louse","floor":12,"turns":2},{"damage":6,"enemies":"Gremlin Gang","floor":13,"turns":6},{"damage":51,"enemies":"Hexaghost","floor":16,"turns":17},{"damage":18,"enemies":"3 Byrds","floor":18,"turns":6},{"damage":6,"enemies":"Shell Parasite","floor":20,"turns":8},{"damage":6,"enemies":"Centurion and Healer","floor":21,"turns":11},{"damage":15,"enemies":"Snake Plant","floor":22,"turns":5},{"damage":111,"enemies":"Gremlin Leader","floor":24,"turns":13}],"seed_played":"8820208236368570290","potions_obtained":[{"floor":1,"key":"Weak Potion"},{"floor":11,"key":"SteroidPotion"},{"floor":13,"key":"Fruit Juice"},{"floor":19,"key":"FairyPotion"},{"floor":20,"key":"Regen Potion"},{"floor":22,"key":"FocusPotion"}],"is_trial":false,"path_per_floor":["M","?","?","$","?","R","E","R","T","M","E","M","M","$","R","B",null,"M","?","M","M","M","R","E"],"character_chosen":"DEFECT","items_purchased":["Vajra","Cold Snap","Leap","Defragment","Lee\u0027s Waffle","Go for the Eyes"],"campfire_rested":3,"item_purchase_floors":[4,4,4,14,14,14],"current_hp_per_floor":[44,11,11,11,11,33,14,36,36,38,20,22,18,82,82,31,69,53,53,49,45,37,63,0],"gold":160,"neow_bonus":"TWO_FIFTY_GOLD","is_prod":false,"is_daily":false,"chose_seed":false,"campfire_upgraded":1,"win_rate":0,"timestamp":1560988024,"path_taken":["M","?","?","$","?","R","E","R","T","M","E","M","M","$","R","BOSS","M","?","?","?","M","R","E"],"build_version":"2019-01-23","purchased_purges":1,"victory":false,"max_hp_per_floor":[75,75,75,75,75,75,75,75,75,75,75,75,75,82,82,82,82,82,82,82,82,87,87,87],"card_choices":[{"not_picked":["Redo","Conserve Battery"],"picked":"Sweeping Beam","floor":1},{"not_picked":["Steam","Hello World"],"picked":"Auto Shields","floor":7},{"not_picked":["Turbo","Lockon"],"picked":"Streamline","floor":10},{"not_picked":["Capacitor","Cold Snap"],"picked":"Coolheaded","floor":11},{"not_picked":["Buffer","Compile Driver"],"picked":"Loop","floor":12},{"not_picked":["Stack","Static Discharge","Compile Driver"],"picked":"SKIP","floor":13},{"not_picked":[],"picked":"Coolheaded+1","floor":18},{"not_picked":["Steam"],"picked":"SKIP","floor":20},{"not_picked":["Hologram"],"picked":"SKIP","floor":21},{"not_picked":[],"picked":"Chill","floor":22}],"player_experience":165871,"relics_obtained":[{"floor":7,"key":"Lantern"},{"floor":9,"key":"Blood Vial"},{"floor":11,"key":"Turnip"}],"event_choices":[{"damage_healed":0,"gold_gain":0,"player_choice":"Success","damage_taken":33,"relics_obtained":["Centennial Puzzle"],"max_hp_gain":0,"max_hp_loss":0,"event_name":"Scrap Ooze","floor":2,"gold_loss":0},{"damage_healed":0,"gold_gain":175,"player_choice":"AGREE","damage_taken":0,"max_hp_gain":0,"max_hp_loss":0,"event_name":"Liars Game","floor":3,"gold_loss":0,"cards_obtained":["Doubt"]},{"damage_healed":0,"gold_gain":0,"player_choice":"Left Gold","damage_taken":0,"max_hp_gain":0,"max_hp_loss":0,"event_name":"World of Goop","floor":5,"gold_loss":35},{"damage_healed":0,"gold_gain":0,"player_choice":"Bought 1 Potion","damage_taken":0,"max_hp_gain":0,"max_hp_loss":0,"event_name":"The Woman in Blue","floor":19,"gold_loss":0}],"is_beta":false,"boss_relics":[{"not_picked":["Tiny House","Lizard Tail"],"picked":"Busted Crown"}],"items_purged_floors":[4],"is_endless":false,"potions_floor_spawned":[1,11,13,20,21,22],"killed_by":"Gremlin Leader","ascension_level":10}