{"path_per_floor":["M","?","?","?","M","R","E","M","T","T","R","M","$","?","R","B",null,"M","?","$","M","M","M","?","?","T"],"character_chosen":"DEFECT","items_purchased":["Apotheosis","Capacitor","Rebound","Leap","Rainbow","Thunder Strike","Blaster"],"gold_per_floor":[116,291,291,291,316,316,357,382,382,406,406,425,9,259,259,382,382,402,327,15,36,51,71,71,71,71,71],"floor_reached":27,"campfire_rested":3,"playtime":1264,"current_hp_per_floor":[70,70,37,37,24,48,4,4,4,4,28,12,12,12,36,27,82,63,63,63,45,39,5,5,5,5,4],"items_purged":["Injury"],"gold":71,"score":211,"play_id":"2e534cc8-70e1-48d9-baab-033366b0de28","local_time":"20180429133024","is_prod":false,"is_daily":false,"chose_seed":false,"is_ascension_mode":false,"campfire_upgraded":0,"timestamp":1524976224,"path_taken":["M","?","?","?","?","R","E","M","T","?","R","M","$","?","R","BOSS","M","?","$","M","M","M","?","?","T","M"],"build_version":"2018-04-27v3","seed_source_timestamp":1431882681281691,"purchased_purges":1,"victory":false,"master_deck":["Strike_B","Strike_B","Strike_B","Strike_B","Defend_B","Defend_B","Defend_B","Defend_B","Zap","Dualcast","Storm","Doubt","Sunder","White Noise","Capacitor","Beam Cell","Apotheosis","Capacitor","Rebound","Leap","Machine Learning","Beam Cell","Sweeping Beam","FTL","Rebound","White Noise","Doom and Gloom","Rainbow+1","Thunder Strike","Blaster","Doom and Gloom","White Noise","Cold Snap"],"max_hp_per_floor":[82,82,82,82,82,82,82,82,82,82,82,82,82,82,82,82,82,82,82,82,82,82,82,82,82,82,82],"relics":["Cracked Core","Mummified Hand","Golden Idol","Juzu Bracelet","Blood Vial","Bag of Marbles","Orrery","Calipers"],"card_choices":[{"not_picked":["Skim","Aggregate"],"picked":"Storm","floor":1},{"not_picked":["Undo","Axe Kick"],"picked":"Sunder","floor":5},{"not_picked":["Chill","Undo"],"picked":"White Noise","floor":7},{"not_picked":["Axe Kick","Steam Power"],"picked":"Capacitor","floor":8},{"not_picked":["FTL","Impulse"],"picked":"Beam Cell","floor":12},{"not_picked":["Prime","Reboot"],"picked":"Machine Learning","floor":16},{"not_picked":["Capacitor","Barrage"],"picked":"Beam Cell","floor":17},{"not_picked":["Leap","Reprogram"],"picked":"Sweeping Beam","floor":17},{"not_picked":["Impulse","Rip and Tear"],"picked":"FTL","floor":17},{"not_picked":["Leap","Barrage"],"picked":"Rebound","floor":17},{"not_picked":["Leap","Sweeping Beam"],"picked":"White Noise","floor":17},{"not_picked":["Leap","FTL"],"picked":"Doom and Gloom","floor":18},{"not_picked":["Cold Snap","Skim"],"picked":"Doom and Gloom","floor":21},{"not_picked":["Blaster","Impulse"],"picked":"White Noise","floor":22},{"not_picked":["Doom and Gloom","Ball Lightning"],"picked":"Cold Snap","floor":23}],"player_experience":9304,"potions_floor_usage":[16,16,23,27,27],"damage_taken":[{"damage":12,"enemies":"Small Slimes","floor":1,"turns":4},{"damage":13,"enemies":"Jaw Worm","floor":5,"turns":4},{"damage":44,"enemies":"3 Sentries","floor":7,"turns":7},{"damage":0,"enemies":"Cultist","floor":8,"turns":3},{"damage":18,"enemies":"Large Slime","floor":12,"turns":7},{"damage":11,"enemies":"Slime Boss","floor":16,"turns":5},{"damage":19,"enemies":"Spheric Guardian","floor":18,"turns":5},{"damage":34,"enemies":"Shell Parasite","floor":21,"turns":6},{"damage":15,"enemies":"Snecko","floor":22,"turns":3},{"damage":36,"enemies":"Snake Plant","floor":23,"turns":5},{"damage":3,"enemies":"Slaver and Parasite","floor":27,"turns":2}],"event_choices":[{"event_name":"Liars Game","player_choice":"agreed","floor":2,"damage_taken":0},{"event_name":"Scrap Ooze","player_choice":"success","floor":3,"damage_taken":33},{"event_name":"Golden Idol","player_choice":"Take Wound","floor":4,"damage_taken":0},{"event_name":"Golden Shrine","player_choice":"Desecrate","floor":14,"damage_taken":0},{"event_name":"Beggar","player_choice":"Gave Gold","floor":19,"damage_taken":0},{"event_name":"Upgrade Shrine","player_choice":"Upgraded","floor":24,"damage_taken":0},{"event_name":"Cursed Tome","player_choice":"Ignored","floor":25,"damage_taken":0}],"boss_relics":[{"not_picked":["Tiny House","Snecko Eye"],"picked":"Orrery"}],"potions_floor_spawned":[7,8,12,16,22,23],"seed_played":"2099430284103640823","killed_by":"Slaver and Parasite","ascension_level":0,"is_trial":false}