{"gold_per_floor":[114,129,144,144,144,212,250,0,50,50,88,107,145,220,220,345,345,364,289,289,38,57,95,133,171,171,190,190,115,115,153,153,278,278,297,297,643,390,390,428,466,485,485,523,542,580,580,599,599,599],"floor_reached":51,"playtime":1803,"items_purged":[],"score":1092,"play_id":"1dc6815f-091a-47e1-99fb-c3000ca87dac","local_time":"20190612220846","daily_mods":["Insanity","Flight","Terminal"],"is_ascension_mode":false,"campfire_choices":[{"data":"Spot Weakness","floor":10.0,"key":"SMITH"},{"data":"Metallicize","floor":15.0,"key":"SMITH"},{"floor":28.0,"key":"REST"},{"floor":30.0,"key":"REST"},{"floor":32.0,"key":"REST"},{"floor":49.0,"key":"REST"}],"neow_cost":"","seed_source_timestamp":0,"circlet_count":0,"master_deck":["Shrug It Off","Spot Weakness+1","Sentinel","Shrug It Off","Warcry","Headbutt","Uppercut","Anger","Flex","Thunderclap","Heavy Blade","Heavy Blade","Clothesline","Sentinel","Heavy Blade","Sever Soul","Perfected Strike","Burning Pact","Pummel","Warcry","Whirlwind","Disarm+1","Body Slam","Metallicize+1","Rupture","Perfected Strike","Perfected Strike","Warcry","Clash","Perfected Strike+1","Anger","Perfected Strike","Body Slam","Perfected Strike","Fire Breathing","Anger","Perfected Strike","Sword Boomerang","Pummel","Warcry","Burning Pact","Combust","Pommel Strike","Clothesline+1","Sword Boomerang","Body Slam","Anger","Body Slam","Disarm","Seeing Red","Battle Trance","Reaper","Perfected Strike","Reaper","Reaper","Twin Strike+1","Iron Wave","Shrug It Off","Perfected Strike","Pommel Strike+1","Shrug It Off","Perfected Strike+1","Flame Barrier","Perfected Strike+1","Impervious","Perfected Strike+1","Battle Trance","Seeing Red","Shrug It Off","Pommel Strike+1","Whirlwind+1","Reaper+1","Wild Strike+1"],"special_seed":18059,"relics":["Black Blood","Golden Idol","Tiny Chest","Bag of Marbles","Bottled Lightning","PreservedInsect","Du-Vu Doll","Bottled Tornado","Fusion Hammer","Lee\u0027s Waffle","Molten Egg 2","Red Skull","Dodecahedron","Centennial Puzzle","Mango","Old Coin","Whetstone","Orichalcum","Oddly Smooth Stone","Bottled Flame","Pen Nib","Sundial","Letter Opener"],"potions_floor_usage":[50,50,50],"damage_taken":[{"damage":6.0,"enemies":"Jaw Worm","floor":1.0,"turns":2.0},{"damage":0.0,"enemies":"2 Louse","floor":2.0,"turns":2.0},{"damage":0.0,"enemies":"Cultist","floor":3.0,"turns":2.0},{"damage":24.0,"enemies":"Lagavulin","floor":6.0,"turns":4.0},{"damage":3.0,"enemies":"3 Sentries","floor":7.0,"turns":5.0},{"damage":3.0,"enemies":"Gremlin Nob","floor":11.0,"turns":3.0},{"damage":6.0,"enemies":"Blue Slaver","floor":12.0,"turns":3.0},{"damage":1.0,"enemies":"3 Sentries","floor":13.0,"turns":4.0},{"damage":6.0,"enemies":"Hexaghost","floor":16.0,"turns":9.0},{"damage":8.0,"enemies":"2 Thieves","floor":18.0,"turns":3.0},{"damage":3.0,"enemies":"Shell Parasite","floor":22.0,"turns":2.0},{"damage":5.0,"enemies":"Slavers","floor":23.0,"turns":3.0},{"damage":28.0,"enemies":"Book of Stabbing","floor":24.0,"turns":4.0},{"damage":15.0,"enemies":"Slavers","floor":25.0,"turns":3.0},{"damage":8.0,"enemies":"Centurion and Healer","floor":27.0,"turns":3.0},{"damage":13.0,"enemies":"Book of Stabbing","floor":31.0,"turns":3.0},{"damage":61.0,"enemies":"Automaton","floor":33.0,"turns":8.0},{"damage":1.0,"enemies":"Orb Walker","floor":35.0,"turns":2.0},{"damage":0.0,"enemies":"2 Orb Walkers","floor":37.0,"turns":4.0},{"damage":40.0,"enemies":"Nemesis","floor":40.0,"turns":5.0},{"damage":33.0,"enemies":"Giant Head","floor":41.0,"turns":7.0},{"damage":1.0,"enemies":"3 Darklings","floor":42.0,"turns":5.0},{"damage":26.0,"enemies":"Nemesis","floor":44.0,"turns":3.0},{"damage":9.0,"enemies":"Jaw Worm Horde","floor":45.0,"turns":4.0},{"damage":16.0,"enemies":"Reptomancer","floor":46.0,"turns":4.0},{"damage":0.0,"enemies":"Sphere and 2 Shapes","floor":48.0,"turns":3.0},{"damage":67,"enemies":"Awakened One","floor":50,"turns":11}],"seed_played":"3787380663282676201","potions_obtained":[{"floor":2.0,"key":"Explosive Potion"},{"floor":6.0,"key":"PowerPotion"},{"floor":11.0,"key":"SkillPotion"},{"floor":13.0,"key":"Swift Potion"},{"floor":37.0,"key":"PowerPotion"}],"is_trial":false,"path_per_floor":["M","M","M","?","?","E","E","$","T","R","E","M","E","?","R","B",null,"M","?","?","$","M","E","E","E","T","M","R","$","R","E","R","B",null,"M","$","?","$","?","E","E","M","T","E","M","E","T","M","R","B",null],"character_chosen":"IRONCLAD","items_purchased":["Bottled Lightning","Lee\u0027s Waffle","Shrug It Off","Flame Barrier","Whetstone","Seeing Red","Shrug It Off"],"campfire_rested":4,"item_purchase_floors":[8,21,21,29,38,38,38],"current_hp_per_floor":[78,77,76,57,57,39,42,42,42,42,45,53,58,47,47,51,62,61,60,59,65,64,63,49,40,40,38,55,55,56,63,68,32,66,65,64,63,62,71,41,25,53,53,37,56,62,62,62,61,27],"gold":599,"neow_bonus":"","is_prod":false,"is_daily":true,"chose_seed":false,"campfire_upgraded":2,"win_rate":0,"timestamp":1560373726,"path_taken":["M","M","M","?","?","E","E","$","T","R","E","?","E","?","R","BOSS","M","?","?","$","?","E","E","E","T","?","R","?","R","E","R","BOSS","M","$","?","$","?","E","E","?","T","E","M","E","?","M","R","BOSS"],"build_version":"2019-01-23","purchased_purges":0,"victory":true,"max_hp_per_floor":[78,77,76,75,74,73,72,71,70,69,68,67,66,65,64,63,62,61,60,59,65,64,63,62,61,60,59,58,57,56,69,68,67,66,65,64,63,62,71,70,69,68,67,66,65,64,63,62,61,60],"card_choices":[{"not_picked":["Clothesline","Burning Pact","Flex"],"picked":"SKIP","floor":1.0},{"not_picked":["Armaments","Body Slam"],"picked":"Disarm","floor":2.0},{"not_picked":["Sentinel","Second Wind"],"picked":"Seeing Red","floor":3.0},{"not_picked":["Seeing Red","Armaments"],"picked":"Battle Trance","floor":6.0},{"not_picked":["Flex","Bloodletting"],"picked":"Reaper","floor":7.0},{"not_picked":["Flex","Wild Strike"],"picked":"Perfected Strike","floor":11.0},{"not_picked":["Iron Wave","Cleave","Body Slam"],"picked":"SKIP","floor":12.0},{"not_picked":["Anger","Second Wind"],"picked":"Reaper","floor":13.0},{"not_picked":["Feed","Berserk"],"picked":"Reaper","floor":16.0},{"not_picked":["Battle Trance","Pommel Strike"],"picked":"Twin Strike+1","floor":18.0},{"not_picked":["Whirlwind","Armaments"],"picked":"Perfected Strike","floor":22.0},{"not_picked":["Heavy Blade+1","Fire Breathing"],"picked":"Pommel Strike","floor":23.0},{"not_picked":["Searing Blow+1","Warcry"],"picked":"Shrug It Off","floor":24.0},{"not_picked":["Burning Pact","Havoc"],"picked":"Barricade","floor":25.0},{"not_picked":["Spot Weakness","Uppercut+1"],"picked":"Perfected Strike+1","floor":27.0},{"not_picked":["Pommel Strike+1","Anger+1"],"picked":"Perfected Strike+1","floor":31.0},{"not_picked":["Exhume","Double Tap"],"picked":"Impervious","floor":33.0},{"not_picked":["Havoc","Wild Strike+1"],"picked":"Perfected Strike+1","floor":35.0},{"not_picked":["Reckless Charge+1","True Grit+1"],"picked":"Battle Trance","floor":37.0},{"not_picked":["True Grit","Flex+1"],"picked":"Pommel Strike+1","floor":40.0},{"not_picked":["True Grit","Dark Embrace","Armaments"],"picked":"SKIP","floor":41.0},{"not_picked":["Cleave+1","Evolve"],"picked":"Whirlwind+1","floor":42.0},{"not_picked":["Warcry+1","Anger+1","Clash+1"],"picked":"SKIP","floor":44.0},{"not_picked":["Pommel Strike+1","Body Slam+1"],"picked":"Reaper+1","floor":45.0},{"not_picked":["Shrug It Off","Headbutt+1"],"picked":"Wild Strike+1","floor":46.0},{"not_picked":["Body Slam+1","Cleave+1","Armaments+1"],"picked":"SKIP","floor":48.0}],"player_experience":148453,"relics_obtained":[{"floor":6.0,"key":"Tiny Chest"},{"floor":7.0,"key":"Bag of Marbles"},{"floor":9.0,"key":"PreservedInsect"},{"floor":11.0,"key":"Du-Vu Doll"},{"floor":13.0,"key":"Bottled Tornado"},{"floor":23.0,"key":"Molten Egg 2"},{"floor":24.0,"key":"Red Skull"},{"floor":25.0,"key":"Dodecahedron"},{"floor":26.0,"key":"Centennial Puzzle"},{"floor":31.0,"key":"Mango"},{"floor":37.0,"key":"Old Coin"},{"floor":40.0,"key":"Orichalcum"},{"floor":41.0,"key":"Oddly Smooth Stone"},{"floor":43.0,"key":"Bottled Flame"},{"floor":44.0,"key":"Pen Nib"},{"floor":46.0,"key":"Sundial"},{"floor":47.0,"key":"Letter Opener"}],"event_choices":[{"damage_healed":0.0,"max_hp_gain":0.0,"max_hp_loss":0.0,"gold_gain":0.0,"event_name":"Golden Idol","player_choice":"Take Damage","floor":4.0,"gold_loss":0.0,"damage_taken":19.0,"relics_obtained":["Golden Idol"]},{"damage_healed":0.0,"max_hp_gain":0.0,"max_hp_loss":0.0,"gold_gain":0.0,"event_name":"Upgrade Shrine","player_choice":"Upgraded","floor":5.0,"gold_loss":0.0,"damage_taken":0.0,"cards_upgraded":["Disarm"]},{"damage_healed":0.0,"max_hp_gain":0.0,"max_hp_loss":0.0,"gold_gain":75.0,"event_name":"World of Goop","player_choice":"Gather Gold","floor":14.0,"gold_loss":0.0,"damage_taken":11.0},{"cards_removed":["Wild Strike"],"damage_healed":0.0,"max_hp_gain":0.0,"max_hp_loss":0.0,"gold_gain":0.0,"event_name":"Beggar","player_choice":"Gave Gold","floor":19.0,"gold_loss":75.0,"damage_taken":0.0},{"damage_healed":0.0,"max_hp_gain":0.0,"max_hp_loss":0.0,"gold_gain":0.0,"cards_transformed":["Reckless Charge"],"event_name":"Transmorgrifier","player_choice":"Transformed","floor":20.0,"gold_loss":0.0,"damage_taken":0.0,"cards_obtained":["Iron Wave"]},{"damage_healed":0.0,"max_hp_gain":0.0,"max_hp_loss":0.0,"gold_gain":0.0,"event_name":"Mysterious Sphere","player_choice":"Fight","floor":37.0,"gold_loss":0.0,"damage_taken":0.0},{"cards_removed":["Barricade"],"damage_healed":0.0,"max_hp_gain":10.0,"max_hp_loss":0.0,"gold_gain":0.0,"event_name":"Bonfire Elementals","player_choice":"Offered Rare","floor":39.0,"gold_loss":0.0,"damage_taken":0.0}],"is_beta":false,"boss_relics":[{"not_picked":["Calling Bell","Empty Cage"],"picked":"Fusion Hammer"},{"not_picked":["Orrery","White Beast Statue"],"picked":"Black Blood"}],"items_purged_floors":[],"is_endless":false,"potions_floor_spawned":[2,6,11,13,25,27,31,33,35,37,40,44,48],"ascension_level":0}