{"gold_per_floor":[118,118,68,79,96,126,126,137,206,26,26,26,26,43,43,146,146,135,149,184,194,205,205,233,244,244,244],"floor_reached":27,"playtime":1099,"items_purged":["Strike_B"],"score":235,"play_id":"d63c19d7-247e-450f-9549-19c6b6a4d831","local_time":"20190423000824","is_ascension_mode":false,"campfire_choices":[{"data":"Buffer","floor":7,"key":"SMITH"},{"data":"White Noise","floor":11,"key":"SMITH"},{"data":"Zap","floor":15,"key":"SMITH"},{"floor":23,"key":"REST"}],"neow_cost":"NONE","seed_source_timestamp":782844275538500,"circlet_count":0,"master_deck":["Strike_B","Defend_B","Defend_B+1","Defend_B+1","Zap+1","Dualcast","Buffer+1","Compile Driver","Streamline","Static Discharge","Coolheaded","White Noise+1","Skim","Loop","Hello World","Beam Cell","Electrodynamics","Glacier","Buffer","Conserve Battery","FTL","Steam","Leap"],"relics":["Cracked Core","Darkstone Periapt","Dream Catcher","Blue Candle","Inserter","Red Mask","War Paint","Boot"],"potions_floor_usage":[16,16,22,22,24,24],"damage_taken":[{"damage":0,"enemies":"Cultist","floor":1,"turns":5},{"damage":0,"enemies":"Jaw Worm","floor":4,"turns":3},{"damage":0,"enemies":"2 Louse","floor":5,"turns":2},{"damage":26,"enemies":"3 Sentries","floor":6,"turns":7},{"damage":0,"enemies":"Blue Slaver","floor":8,"turns":4},{"damage":0,"enemies":"2 Fungi Beasts","floor":14,"turns":4},{"damage":2,"enemies":"The Guardian","floor":16,"turns":10},{"damage":18,"enemies":"2 Thieves","floor":18,"turns":4},{"damage":5,"enemies":"Chosen","floor":19,"turns":5},{"damage":32,"enemies":"Masked Bandits","floor":20,"turns":3},{"damage":14,"enemies":"Snake Plant","floor":21,"turns":6},{"damage":0,"enemies":"Centurion and Healer","floor":22,"turns":6},{"damage":3,"enemies":"Book of Stabbing","floor":24,"turns":7},{"damage":10,"enemies":"3 Cultists","floor":25,"turns":3},{"damage":29,"enemies":"Colosseum Slavers","floor":27,"turns":4}],"seed_played":"6698816491698855908","potions_obtained":[{"floor":4,"key":"GamblersBrew"},{"floor":6,"key":"LiquidBronze"},{"floor":8,"key":"LiquidBronze"},{"floor":18,"key":"Dexterity Potion"},{"floor":20,"key":"Energy Potion"},{"floor":22,"key":"Dexterity Potion"}],"is_trial":false,"path_per_floor":["M","T","?","M","M","E","R","M","T","$","R","?","$","M","R","B",null,"M","M","?","M","M","R","E","M","T","?"],"character_chosen":"DEFECT","items_purchased":["Skim","Loop"],"campfire_rested":1,"item_purchase_floors":[10,10],"current_hp_per_floor":[75,75,75,75,75,49,49,49,49,49,49,49,49,49,49,47,75,57,52,20,6,6,28,25,15,15,0],"gold":244,"neow_bonus":"TRANSFORM_CARD","is_prod":false,"is_daily":false,"chose_seed":false,"campfire_upgraded":3,"win_rate":0.0,"timestamp":1555974504,"path_taken":["M","?","?","?","M","E","R","M","T","$","R","?","?","M","R","BOSS","M","M","?","M","M","R","E","M","T","?"],"build_version":"2019-01-23","purchased_purges":1,"victory":false,"max_hp_per_floor":[75,75,75,75,75,75,75,75,75,75,75,75,75,75,75,75,75,75,75,75,75,75,75,75,75,75,75],"card_choices":[{"not_picked":["Conserve Battery","Steam Power"],"picked":"Compile Driver","floor":1},{"not_picked":["Force Field","Steam"],"picked":"Streamline","floor":4},{"not_picked":["Stack","Undo"],"picked":"Static Discharge","floor":5},{"not_picked":["Lockon","Conserve Battery"],"picked":"Coolheaded","floor":6},{"not_picked":["Redo","All For One"],"picked":"White Noise","floor":8},{"not_picked":["Barrage","Hello World"],"picked":"Beam Cell","floor":14},{"not_picked":["Fission","Creative AI"],"picked":"Electrodynamics","floor":16},{"not_picked":["Beam Cell+1","Gash+1"],"picked":"Glacier","floor":18},{"not_picked":["Redo+1","Ball Lightning","Compile Driver"],"picked":"SKIP","floor":19},{"not_picked":["Streamline","Go for the Eyes"],"picked":"Buffer","floor":20},{"not_picked":["Streamline+1","Hologram"],"picked":"Conserve Battery","floor":21},{"not_picked":["Blizzard","Ball Lightning"],"picked":"FTL","floor":22},{"not_picked":["Storm","Ball Lightning"],"picked":"Steam","floor":23},{"not_picked":["Conserve Battery","Streamline"],"picked":"Leap","floor":24},{"not_picked":["Ball Lightning","Beam Cell","Steam"],"picked":"SKIP","floor":25}],"player_experience":49159,"relics_obtained":[{"floor":2,"key":"Darkstone Periapt"},{"floor":6,"key":"Dream Catcher"},{"floor":9,"key":"Blue Candle"},{"floor":20,"key":"Red Mask"},{"floor":24,"key":"War Paint"},{"floor":26,"key":"Boot"}],"event_choices":[{"cards_removed":["Strike_B"],"damage_healed":0,"gold_gain":0,"player_choice":"Card Removal","damage_taken":0,"max_hp_gain":0,"max_hp_loss":0,"event_name":"The Cleric","floor":3,"gold_loss":50},{"damage_healed":0,"gold_gain":0,"cards_transformed":["Defend_B"],"player_choice":"Transformed","damage_taken":0,"max_hp_gain":0,"max_hp_loss":0,"event_name":"Transmorgrifier","floor":12,"gold_loss":0,"cards_obtained":["Hello World"]},{"damage_healed":0,"gold_gain":0,"player_choice":"Fought Bandits","damage_taken":0,"max_hp_gain":0,"max_hp_loss":0,"event_name":"Masked Bandits","floor":20,"gold_loss":0},{"damage_healed":0,"gold_gain":0,"player_choice":"Fight","damage_taken":0,"max_hp_gain":0,"max_hp_loss":0,"event_name":"Colosseum","floor":27,"gold_loss":0}],"is_beta":false,"boss_relics":[{"not_picked":["Lizard Tail","Nuclear Battery"],"picked":"Inserter"}],"items_purged_floors":[10],"is_endless":false,"potions_floor_spawned":[4,6,8,18,20,22],"killed_by":"Colosseum Slavers","ascension_level":0}