{"gold_per_floor":[109,109,159,159,172,172,201,201,249,260,260,295,220,252,252,352,352,364,364,364,92,108,108,137,137,215,227,3,3,19,50,50,145,145,157,157,1156,1156,562,562,597,597,645,645,645,49,80,80,80,80,80,80,4,4],"floor_reached":54,"playtime":2334,"items_purged":["Strike_B","Normality"],"score":1287,"play_id":"59b78b6b-81bd-4f9c-8613-549391f0d908","local_time":"20190620012611","is_ascension_mode":true,"campfire_choices":[{"data":"Glacier","floor":6,"key":"SMITH"},{"data":"Cold Snap","floor":8,"key":"SMITH"},{"data":"Conserve Battery","floor":11,"key":"SMITH"},{"data":"Compile Driver","floor":15,"key":"SMITH"},{"data":"Mayhem","floor":23,"key":"SMITH"},{"data":"Reboot","floor":25,"key":"SMITH"},{"data":"Biased Cognition","floor":32,"key":"SMITH"},{"data":"Normality","floor":40,"key":"PURGE"},{"data":"Buffer","floor":42,"key":"SMITH"},{"data":"White Noise","floor":44,"key":"SMITH"},{"floor":49,"key":"RECALL"},{"data":"Seek","floor":52,"key":"SMITH"}],"neow_cost":"NONE","seed_source_timestamp":547821462447400,"circlet_count":0,"master_deck":["AscendersBane","Strike_B+1","Defend_B+1","Defend_B+1","Defend_B+1","Defend_B+1","Zap+1","Dualcast","Glacier+1","Cold Snap+1","BootSequence","Conserve Battery+1","Seek+1","Compile Driver+1","Biased Cognition+1","Gash","Lockon","Mayhem+1","Gash","Reboot+1","White Noise+1","Chill","Ghostly","Ghostly","Ghostly","Ghostly","Ghostly","Gash","Storm","Buffer+1","Panache","White Noise+1","Electrodynamics","Gash","Dark Shackles"],"relics":["FrozenCore","Bronze Scales","Pen Nib","Dream Catcher","Sundial","Orichalcum","Whetstone","Gremlin Horn","Blue Candle","Pear","Bag of Preparation","Peace Pipe","Inserter","Potion Belt","Bag of Marbles","Kunai","Sling","Vajra"],"potions_floor_usage":[12,16],"damage_taken":[{"damage":10,"enemies":"Small Slimes","floor":1,"turns":3},{"damage":1,"enemies":"Jaw Worm","floor":5,"turns":4},{"damage":5,"enemies":"3 Sentries","floor":7,"turns":7},{"damage":0,"enemies":"2 Louse","floor":10,"turns":2},{"damage":15,"enemies":"Gremlin Nob","floor":12,"turns":6},{"damage":1,"enemies":"3 Sentries","floor":14,"turns":9},{"damage":18,"enemies":"Hexaghost","floor":16,"turns":10},{"damage":0,"enemies":"3 Byrds","floor":18,"turns":3},{"damage":0,"enemies":"Spheric Guardian","floor":22,"turns":5},{"damage":0,"enemies":"Book of Stabbing","floor":24,"turns":7},{"damage":6,"enemies":"Cultist and Chosen","floor":27,"turns":7},{"damage":0,"enemies":"3 Cultists","floor":30,"turns":6},{"damage":12,"enemies":"Gremlin Leader","floor":31,"turns":6},{"damage":62,"enemies":"Champ","floor":33,"turns":20},{"damage":0,"enemies":"3 Shapes","floor":35,"turns":5},{"damage":0,"enemies":"Nemesis","floor":41,"turns":9},{"damage":0,"enemies":"Reptomancer","floor":47,"turns":6},{"damage":28,"enemies":"Awakened One","floor":50,"turns":19},{"damage":37,"enemies":"Shield and Spear","floor":54,"turns":6}],"seed_played":"4447194888264818256","potions_obtained":[{"floor":1,"key":"Regen Potion"},{"floor":5,"key":"FearPotion"},{"floor":7,"key":"FairyPotion"},{"floor":16,"key":"Explosive Potion"},{"floor":47,"key":"SpeedPotion"}],"is_trial":false,"path_per_floor":["M","?","T","?","M","R","E","R","T","M","R","E","$","E","R","B",null,"M","?","?","$","M","R","E","R","T","M","$","?","M","E","R","B",null,"M","?","?","?","$","R","E","R","T","R","?","$","E","?","R","B",null,"R","$","E"],"character_chosen":"DEFECT","items_purchased":["Mayhem","Ancient Potion","Bag of Preparation","Chill","Panache","White Noise","Potion Belt","FocusPotion","Kunai","Gash","Dark Shackles","Sling","FocusPotion"],"campfire_rested":0,"item_purchase_floors":[21,21,28,28,39,39,39,39,46,46,46,46,53],"current_hp_per_floor":[58,58,58,40,39,39,34,34,34,34,34,34,34,33,33,15,60,60,60,60,60,60,60,60,60,70,64,64,42,42,30,30,4,33,33,33,33,33,33,33,33,33,33,33,33,33,33,33,33,5,31,31,31,0],"gold":4,"neow_bonus":"RANDOM_COMMON_RELIC","is_prod":false,"is_daily":false,"chose_seed":false,"campfire_upgraded":10,"win_rate":0,"timestamp":1560990371,"path_taken":["M","?","?","?","M","R","E","R","T","M","R","E","?","E","R","BOSS","M","?","?","$","M","R","E","R","T","?","?","?","M","E","R","BOSS","M","?","?","?","$","R","E","R","T","R","?","$","E","?","R","BOSS","R","$","E"],"build_version":"2019-01-23","purchased_purges":2,"victory":false,"max_hp_per_floor":[75,75,75,75,75,75,75,75,75,75,75,75,75,75,75,75,75,75,75,75,75,75,75,75,75,85,85,85,42,42,42,42,42,42,42,42,42,42,42,42,42,42,42,42,42,42,42,40,40,40,40,40,40,40],"card_choices":[{"not_picked":["Reprogram","Hello World"],"picked":"Glacier","floor":1},{"not_picked":["Leap","Glacier"],"picked":"Cold Snap","floor":5},{"not_picked":["Beam Cell","Coolheaded"],"picked":"BootSequence","floor":7},{"not_picked":["Hologram","Skim"],"picked":"Conserve Battery","floor":10},{"not_picked":["Streamline","Hologram"],"picked":"Seek","floor":12},{"not_picked":["Double Energy","Steam Power"],"picked":"Compile Driver","floor":14},{"not_picked":["Machine Learning","Meteor Strike"],"picked":"Biased Cognition","floor":16},{"not_picked":["Double Energy","Cold Snap"],"picked":"Gash","floor":18},{"not_picked":["Cold Snap","Rebound"],"picked":"Gash","floor":22},{"not_picked":["Go for the Eyes","Compile Driver+1"],"picked":"Reboot","floor":24},{"not_picked":["Rebound","Coolheaded"],"picked":"White Noise+1","floor":27},{"not_picked":["Steam Power","Hologram"],"picked":"Gash","floor":30},{"not_picked":["Steam+1","Barrage"],"picked":"Storm","floor":31},{"not_picked":["Seek","Fission"],"picked":"Buffer","floor":33},{"not_picked":["Steam","Leap","Fusion+1"],"picked":"SKIP","floor":35},{"not_picked":["Biased Cognition","Barrage"],"picked":"Electrodynamics","floor":41},{"not_picked":["Sweeping Beam","Stack+1","Heatsinks+1"],"picked":"SKIP","floor":47}],"player_experience":167143,"relics_obtained":[{"floor":3,"key":"Pen Nib"},{"floor":7,"key":"Sundial"},{"floor":9,"key":"Orichalcum"},{"floor":12,"key":"Whetstone"},{"floor":14,"key":"Gremlin Horn"},{"floor":24,"key":"Blue Candle"},{"floor":26,"key":"Pear"},{"floor":31,"key":"Peace Pipe"},{"floor":41,"key":"Bag of Marbles"},{"floor":47,"key":"Vajra"}],"event_choices":[{"damage_healed":0,"gold_gain":0,"player_choice":"Grow","damage_taken":0,"max_hp_gain":0,"max_hp_loss":0,"event_name":"Living Wall","floor":2,"gold_loss":0,"cards_upgraded":["Zap"]},{"damage_healed":0,"gold_gain":0,"player_choice":"Success","damage_taken":18,"relics_obtained":["Dream Catcher"],"max_hp_gain":0,"max_hp_loss":0,"event_name":"Scrap Ooze","floor":4,"gold_loss":0},{"damage_healed":0,"gold_gain":0,"player_choice":"Simplicity","damage_taken":0,"max_hp_gain":0,"max_hp_loss":0,"event_name":"Back to Basics","floor":19,"gold_loss":0,"cards_upgraded":["Strike_B","Defend_B","Defend_B","Defend_B","Defend_B"]},{"damage_healed":0,"gold_gain":0,"cards_transformed":["Strike_B"],"player_choice":"Transformed","damage_taken":0,"max_hp_gain":0,"max_hp_loss":0,"event_name":"Transmorgrifier","floor":20,"gold_loss":0,"cards_obtained":["Lockon"]},{"damage_healed":0,"gold_gain":0,"player_choice":"Became a Ghost","damage_taken":0,"max_hp_gain":0,"max_hp_loss":43,"event_name":"Ghosts","floor":29,"gold_loss":0,"cards_obtained":["Ghostly","Ghostly","Ghostly","Ghostly","Ghostly"]},{"damage_healed":0,"gold_gain":0,"player_choice":"Memory 1","damage_taken":0,"max_hp_gain":0,"max_hp_loss":0,"event_name":"SensoryStone","floor":36,"gold_loss":0},{"damage_healed":0,"gold_gain":999,"player_choice":"Gold","damage_taken":0,"max_hp_gain":0,"max_hp_loss":0,"event_name":"MindBloom","floor":37,"gold_loss":0,"cards_obtained":["Normality","Normality"]},{"cards_removed":["Strike_B"],"damage_healed":0,"gold_gain":0,"player_choice":"Removed Attack","damage_taken":0,"max_hp_gain":0,"max_hp_loss":0,"event_name":"Falling","floor":38,"gold_loss":0},{"damage_healed":0,"gold_gain":0,"player_choice":"Ignored","damage_taken":0,"max_hp_gain":0,"max_hp_loss":0,"event_name":"Tomb of Lord Red Mask","floor":45,"gold_loss":0},{"damage_healed":0,"gold_gain":0,"player_choice":"Max HP","damage_taken":0,"max_hp_gain":0,"max_hp_loss":2,"event_name":"Winding Halls","floor":48,"gold_loss":0}],"is_beta":false,"boss_relics":[{"not_picked":["Calling Bell","Empty Cage"],"picked":"FrozenCore"},{"not_picked":["Orrery","Philosopher\u0027s Stone"],"picked":"Inserter"}],"items_purged_floors":[13,39],"is_endless":false,"potions_floor_spawned":[1,5,7,16,27,31,47],"killed_by":"Shield and Spear","ascension_level":10}