{"gold_per_floor":[119,78,78,78,78,78,113,123,174,199,215,215,215,226,226,303,303,284,303,320,245,262,262,297,314,361,361,361,361],"floor_reached":29,"playtime":1871,"items_purged":["Strike_B"],"score":590,"play_id":"e5cf4e27-c4a4-4493-85ae-d49ace79b4b1","local_time":"20190921173016","is_ascension_mode":true,"campfire_choices":[{"data":"Static Discharge","floor":6,"key":"SMITH"},{"data":"Defragment","floor":12,"key":"SMITH"},{"data":"Rainbow","floor":15,"key":"SMITH"},{"data":"Stack","floor":23,"key":"SMITH"},{"floor":28,"key":"REST"}],"neow_cost":"NONE","seed_source_timestamp":259534534859890,"circlet_count":0,"master_deck":["AscendersBane","Strike_B","Strike_B","Strike_B","Defend_B","Defend_B","Defend_B","Defend_B","Zap","Dualcast","White Noise","Static Discharge+1","Glacier","Defragment+1","Ball Lightning","Auto Shields","Rainbow+1","Echo Form","Double Energy","Cold Snap","Stack+1","Redo+1","Defragment"],"relics":["Cracked Core","NeowsBlessing","Blue Candle","Pocketwatch","MealTicket","DataDisk","Ice Cream","Cables","Inserter","Singing Bowl","Anchor"],"potions_floor_usage":[],"damage_taken":[{"damage":0,"enemies":"2 Louse","floor":1,"turns":1},{"damage":0,"enemies":"3 Sentries","floor":7,"turns":1},{"damage":0,"enemies":"Jaw Worm","floor":8,"turns":1},{"damage":11,"enemies":"Gremlin Nob","floor":10,"turns":5},{"damage":1,"enemies":"Cultist","floor":11,"turns":2},{"damage":2,"enemies":"Looter","floor":14,"turns":2},{"damage":0,"enemies":"Slime Boss","floor":16,"turns":10},{"damage":2,"enemies":"2 Thieves","floor":18,"turns":5},{"damage":7,"enemies":"Spheric Guardian","floor":19,"turns":4},{"damage":0,"enemies":"Snecko","floor":20,"turns":5},{"damage":13,"enemies":"Snake Plant","floor":22,"turns":3},{"damage":36,"enemies":"Gremlin Leader","floor":24,"turns":5},{"damage":15,"enemies":"Sentry and Sphere","floor":25,"turns":4},{"damage":44,"enemies":"Slavers","floor":29,"turns":2}],"seed_played":"40967427479227974","potions_obtained":[{"floor":14,"key":"FearPotion"},{"floor":16,"key":"Swift Potion"}],"is_trial":false,"path_per_floor":["M","$","?","T","$","R","E","M","T","E","M","R","?","M","R","B",null,"M","M","M","$","M","R","E","M","T","?","R","E"],"character_chosen":"DEFECT","items_purchased":["Static Discharge"],"campfire_rested":1,"item_purchase_floors":[2],"current_hp_per_floor":[64,64,53,53,53,53,53,53,53,42,41,41,41,39,39,39,63,61,54,54,69,56,56,20,7,7,22,43,0],"gold":361,"neow_bonus":"THREE_ENEMY_KILL","is_prod":false,"is_daily":false,"chose_seed":false,"campfire_upgraded":4,"win_rate":0,"timestamp":1569101416,"path_taken":["M","$","?","?","?","R","E","?","T","E","M","R","?","?","R","BOSS","M","M","?","$","M","R","E","M","T","?","R","E"],"build_version":"2019-09-20","purchased_purges":1,"victory":false,"max_hp_per_floor":[71,71,71,71,71,71,71,71,71,71,71,71,71,71,71,71,71,71,71,71,71,71,71,71,73,73,73,73,73],"card_choices":[{"not_picked":["Beam Cell","Coolheaded"],"picked":"White Noise","floor":1},{"not_picked":["Sweeping Beam","Beam Cell"],"picked":"Glacier","floor":7},{"not_picked":["Double Energy","Beam Cell"],"picked":"Defragment","floor":8},{"not_picked":["Storm","Redo"],"picked":"Ball Lightning","floor":10},{"not_picked":["Force Field","Beam Cell"],"picked":"Auto Shields","floor":11},{"not_picked":["Darkness","Go for the Eyes"],"picked":"Rainbow","floor":14},{"not_picked":["Multi-Cast","Thunder Strike"],"picked":"Echo Form","floor":16},{"not_picked":["Go for the Eyes","Lockon"],"picked":"Double Energy","floor":18},{"not_picked":["Coolheaded","Undo"],"picked":"Cold Snap","floor":19},{"not_picked":["Hello World","Tempest"],"picked":"Stack","floor":20},{"not_picked":["Barrage","Conserve Battery"],"picked":"Redo+1","floor":22},{"not_picked":["Hello World","Skim"],"picked":"Defragment","floor":24},{"not_picked":["BootSequence","Rip and Tear","Melter"],"picked":"Singing Bowl","floor":25}],"player_experience":627957,"relics_obtained":[{"floor":4,"key":"Pocketwatch"},{"floor":7,"key":"MealTicket"},{"floor":9,"key":"DataDisk"},{"floor":10,"key":"Ice Cream"},{"floor":13,"key":"Cables"},{"floor":24,"key":"Singing Bowl"},{"floor":26,"key":"Anchor"}],"event_choices":[{"damage_healed":0,"gold_gain":0,"player_choice":"Success","damage_taken":11,"relics_obtained":["Blue Candle"],"max_hp_gain":0,"max_hp_loss":0,"event_name":"Scrap Ooze","floor":3,"gold_loss":0},{"damage_healed":0,"gold_gain":0,"player_choice":"Relic","damage_taken":0,"max_hp_gain":0,"max_hp_loss":0,"event_name":"Wheel of Change","floor":13,"gold_loss":0},{"damage_healed":15,"gold_gain":0,"player_choice":"Heal","damage_taken":0,"max_hp_gain":0,"max_hp_loss":0,"event_name":"The Library","floor":27,"gold_loss":0}],"is_beta":true,"boss_relics":[{"not_picked":["Velvet Choker","Snecko Eye"],"picked":"Inserter"}],"items_purged_floors":[21],"is_endless":false,"potions_floor_spawned":[14,16,20,22,24],"killed_by":"Slavers","ascension_level":16}