{"gold_per_floor":[118,43,43,118,131,131,81,81,157,182,182,209,209,237,237,342,342,355,99,99,24,38,71,71,71,71,83,110,110,110,110,110,110],"floor_reached":33,"playtime":1262,"items_purged":["Strike_B"],"score":354,"play_id":"b4e2a7e5-9999-4465-a03d-e23066565384","local_time":"20190915225452","is_ascension_mode":true,"campfire_choices":[{"data":"Go for the Eyes","floor":6,"key":"SMITH"},{"data":"Dualcast","floor":8,"key":"SMITH"},{"data":"Scrape","floor":11,"key":"SMITH"},{"data":"Zap","floor":13,"key":"SMITH"},{"floor":15,"key":"REST"},{"floor":24,"key":"REST"},{"floor":30,"key":"REST"},{"floor":32,"key":"REST"}],"neow_cost":"NONE","seed_source_timestamp":116356587554300,"circlet_count":0,"master_deck":["Strike_B","Defend_B","Defend_B","Zap+1","Dualcast+1","Go for the Eyes+1","Scrape+1","Gash+1"],"relics":["Cracked Core","Ornamental Fan","Blood Vial","Molten Egg 2","Gambling Chip","Empty Cage","Kunai","Juzu Bracelet","Dodecahedron","FossilizedHelix","Cables"],"potions_floor_usage":[10,16,33,33,33],"damage_taken":[{"damage":2,"enemies":"2 Louse","floor":1,"turns":3},{"damage":0,"enemies":"Jaw Worm","floor":5,"turns":3},{"damage":16,"enemies":"3 Sentries","floor":10,"turns":8},{"damage":5,"enemies":"Gremlin Nob","floor":12,"turns":3},{"damage":31,"enemies":"3 Sentries","floor":14,"turns":8},{"damage":39,"enemies":"Hexaghost","floor":16,"turns":8},{"damage":15,"enemies":"2 Thieves","floor":18,"turns":4},{"damage":15,"enemies":"Shell Parasite","floor":22,"turns":5},{"damage":54,"enemies":"Slavers","floor":23,"turns":7},{"damage":2,"enemies":"Chosen and Byrds","floor":27,"turns":4},{"damage":34,"enemies":"Gremlin Leader","floor":28,"turns":5},{"damage":70,"enemies":"Collector","floor":33,"turns":7}],"seed_played":"2626906518226661662","potions_obtained":[{"floor":1,"key":"PowerPotion"},{"floor":5,"key":"LiquidBronze"},{"floor":16,"key":"Dexterity Potion"},{"floor":18,"key":"LiquidBronze"},{"floor":28,"key":"EssenceOfSteel"}],"is_trial":false,"path_per_floor":["M","$","?","?","M","R","?","R","T","E","R","E","R","E","R","B",null,"M","$","?","?","M","E","R","$","T","M","E","?","R","T","R","B"],"character_chosen":"DEFECT","items_purchased":["Kunai"],"campfire_rested":4,"item_purchase_floors":[19],"current_hp_per_floor":[80,80,85,74,74,74,74,74,74,58,58,55,55,26,52,15,87,72,72,72,72,59,7,33,33,33,33,1,1,27,27,53,0],"gold":110,"neow_bonus":"TEN_PERCENT_HP_BONUS","is_prod":false,"is_daily":false,"chose_seed":false,"campfire_upgraded":4,"win_rate":0,"timestamp":1568580892,"path_taken":["M","$","?","?","M","R","?","R","T","E","R","E","R","E","R","BOSS","M","$","?","?","M","E","R","?","T","M","E","?","R","?","R","BOSS"],"build_version":"2019-09-12","purchased_purges":1,"victory":false,"max_hp_per_floor":[82,82,87,87,87,87,87,87,87,87,87,87,87,87,87,87,87,87,87,87,87,87,87,87,87,87,87,87,87,87,87,87,87],"card_choices":[{"not_picked":["Hologram","Compile Driver"],"picked":"Go for the Eyes","floor":1},{"not_picked":["Sunder","Sweeping Beam","Stack"],"picked":"SKIP","floor":5},{"not_picked":["Static Discharge","Redo"],"picked":"Scrape","floor":10},{"not_picked":["Tempest","FTL","Chill"],"picked":"SKIP","floor":12},{"not_picked":["Ball Lightning+1","Coolheaded","Stack"],"picked":"SKIP","floor":14},{"not_picked":["Conserve Battery","Cold Snap+1","Turbo"],"picked":"SKIP","floor":18},{"not_picked":["Beam Cell+1","Steam"],"picked":"Gash+1","floor":22},{"not_picked":["Force Field","Scrape+1","Barrage+1"],"picked":"SKIP","floor":23},{"not_picked":["Leap+1","Machine Learning","Static Discharge"],"picked":"SKIP","floor":27},{"not_picked":["Stack","Sweeping Beam+1","Skim+1"],"picked":"SKIP","floor":28}],"player_experience":249734,"relics_obtained":[{"floor":9,"key":"Ornamental Fan"},{"floor":10,"key":"Blood Vial"},{"floor":12,"key":"Molten Egg 2"},{"floor":14,"key":"Gambling Chip"},{"floor":23,"key":"Juzu Bracelet"},{"floor":26,"key":"Dodecahedron"},{"floor":28,"key":"FossilizedHelix"},{"floor":31,"key":"Cables"}],"event_choices":[{"damage_healed":0,"gold_gain":0,"player_choice":"Donut","damage_taken":0,"max_hp_gain":5,"max_hp_loss":0,"event_name":"Big Fish","floor":3,"gold_loss":0},{"damage_healed":0,"gold_gain":75,"player_choice":"Gather Gold","damage_taken":11,"max_hp_gain":0,"max_hp_loss":0,"event_name":"World of Goop","floor":4,"gold_loss":0},{"cards_removed":["Strike_B"],"damage_healed":0,"gold_gain":0,"player_choice":"Card Removal","damage_taken":0,"max_hp_gain":0,"max_hp_loss":0,"event_name":"The Cleric","floor":7,"gold_loss":50},{"damage_healed":0,"gold_gain":0,"player_choice":"Ignored","damage_taken":0,"max_hp_gain":0,"max_hp_loss":0,"event_name":"Ghosts","floor":20,"gold_loss":0},{"cards_removed":["Strike_B"],"damage_healed":0,"gold_gain":0,"player_choice":"Gave Gold","damage_taken":0,"max_hp_gain":0,"max_hp_loss":0,"event_name":"Beggar","floor":21,"gold_loss":75},{"damage_healed":0,"gold_gain":0,"player_choice":"Ignored","damage_taken":0,"max_hp_gain":0,"max_hp_loss":0,"event_name":"Cursed Tome","floor":29,"gold_loss":0}],"is_beta":true,"boss_relics":[{"not_picked":["Sozu","Pandora\u0027s Box"],"picked":"Empty Cage"}],"items_purged_floors":[2],"is_endless":false,"potions_floor_spawned":[1,5,16,18,28],"killed_by":"Collector","ascension_level":4}