{"path_per_floor":["M","M","?","?","M","R","E","M","T","R","T","R","M","M","R","B",null,"M","M","$","M","?","R","M","R","T","?","$","R","M","E","R","B",null,"M","T","$","?","M","R"],"character_chosen":"THE_SILENT","items_purchased":["Bronze Scales","PiercingWail","Noxious Fumes","Backflip","Malaise","Catalyst"],"gold_per_floor":[114,124,154,154,167,167,194,207,233,233,233,233,246,264,264,361,361,381,354,84,94,94,94,113,113,139,139,12,12,23,58,58,162,162,181,205,88,88,107,107,107],"floor_reached":41,"campfire_rested":4,"playtime":2316,"current_hp_per_floor":[65,65,65,65,63,63,42,42,42,42,42,42,42,33,54,18,70,53,41,41,34,57,57,46,67,67,67,67,67,61,39,60,12,70,51,51,51,51,1,22,10],"items_purged":["Pain"],"gold":107,"score":483,"play_id":"d5dd488c-e6b2-4fe5-9d96-8215ecc45172","local_time":"20180328161453","is_prod":false,"is_daily":false,"is_ascension_mode":true,"campfire_upgraded":5,"timestamp":1522221293,"path_taken":["M","M","?","?","M","R","E","M","T","R","?","R","M","M","R","BOSS","M","M","$","M","?","R","M","R","T","?","?","R","M","E","R","BOSS","M","?","$","?","M","R","E"],"build_version":"2018-03-22v2","purchased_purges":2,"victory":false,"master_deck":["Defend_G","Defend_G","Defend_G","Defend_G","Defend_G","Strike_G","Strike_G+1","Strike_G","Strike_G","Strike_G","Survivor","Neutralize+1","Crippling Poison+1","Deadly Poison+1","Flying Knee","Catalyst+1","Distraction","Doubt","Acrobatics","Burst+1","Dash","Catalyst","PiercingWail","Prepared","Writhe","Noxious Fumes+1","Backflip","Footwork+1","Poisoned Stab+1","Tools of the Trade","Poisoned Stab","Poisoned Stab","Footwork+1","PiercingWail","Noxious Fumes","Acrobatics+1","Injury","Malaise","Catalyst","Dodge and Roll","Jack Of All Trades","Acrobatics+1"],"max_hp_per_floor":[70,70,70,70,70,70,70,70,70,70,70,70,70,70,70,70,70,70,70,70,70,70,70,70,70,70,70,70,70,70,70,70,70,70,70,70,70,70,70,70,70],"relics":["Cursed Key","Tiny Chest","Juzu Bracelet","Blood Vial","Whetstone","Lizard Tail","Bronze Scales","Oddly Smooth Stone","Ancient Tea Set","Orrery","Vajra"],"card_choices":[{"not_picked":["Endless Agony","Escape Plan"],"picked":"Crippling Poison","floor":1},{"not_picked":["Choke","Backflip"],"picked":"Deadly Poison","floor":2},{"not_picked":["Sucker Punch","After Image"],"picked":"Flying Knee","floor":5},{"not_picked":["Flying Knee","Accuracy"],"picked":"Catalyst","floor":7},{"not_picked":["Riddle With Holes","Bane"],"picked":"Distraction","floor":8},{"not_picked":["Deflect","Underhanded Strike"],"picked":"Acrobatics","floor":14},{"not_picked":["Tools of the Trade","Unload"],"picked":"Burst","floor":16},{"not_picked":["Infinite Blades","PiercingWail"],"picked":"Dash","floor":18},{"not_picked":["Flying Knee","Dash"],"picked":"Catalyst","floor":19},{"not_picked":["Poisoned Stab","Masterful Stab"],"picked":"Prepared","floor":21},{"not_picked":["Poisoned Stab","Quick Slash"],"picked":"Footwork","floor":30},{"not_picked":["PiercingWail","Leg Sweep"],"picked":"Poisoned Stab","floor":31},{"not_picked":["Venomology","Bullet Time"],"picked":"Tools of the Trade","floor":33},{"not_picked":["PiercingWail","Setup"],"picked":"Poisoned Stab","floor":34},{"not_picked":["Quick Slash","Backflip"],"picked":"Poisoned Stab","floor":34},{"not_picked":["Dagger Throw","Backstab"],"picked":"Footwork","floor":34},{"not_picked":["Riddle With Holes","Phantasmal Killer"],"picked":"PiercingWail","floor":34},{"not_picked":["Dagger Throw","Prepared"],"picked":"Noxious Fumes","floor":34},{"not_picked":["Backflip","Eviscerate"],"picked":"Acrobatics","floor":35},{"not_picked":["Sucker Punch","Prepared"],"picked":"Acrobatics","floor":39}],"player_experience":93698,"potions_floor_usage":[5,7,13,16,19,24,33,33,33,41],"damage_taken":[{"damage":5,"enemies":"Small Slimes","floor":1,"turns":5},{"damage":0,"enemies":"Jaw Worm","floor":2,"turns":5},{"damage":2,"enemies":"Cultist","floor":5,"turns":3},{"damage":21,"enemies":"3 Sentries","floor":7,"turns":11},{"damage":0,"enemies":"3 Louse","floor":8,"turns":4},{"damage":11,"enemies":"Looter","floor":13,"turns":3},{"damage":11,"enemies":"Gremlin Gang","floor":14,"turns":6},{"damage":38,"enemies":"The Guardian","floor":16,"turns":7},{"damage":17,"enemies":"Shell Parasite","floor":18,"turns":4},{"damage":14,"enemies":"2 Thieves","floor":19,"turns":5},{"damage":9,"enemies":"Snake Plant","floor":21,"turns":4},{"damage":13,"enemies":"3 Cultists","floor":24,"turns":6},{"damage":8,"enemies":"Centurion and Healer","floor":30,"turns":6},{"damage":24,"enemies":"Book of Stabbing","floor":31,"turns":5},{"damage":50,"enemies":"Collector","floor":33,"turns":8},{"damage":19,"enemies":"Orb Walker","floor":35,"turns":5},{"damage":52,"enemies":"3 Shapes","floor":39,"turns":4},{"damage":14,"enemies":"2 Orb Walkers","floor":41,"turns":2}],"event_choices":[{"event_name":"Big Fish","player_choice":"Box","floor":3,"damage_taken":0},{"event_name":"The Lab","player_choice":"Got Potions","floor":4,"damage_taken":0},{"event_name":"The Library","player_choice":"Heal","floor":22,"damage_taken":0},{"event_name":"Back to Basics","player_choice":"Elegance","floor":27,"damage_taken":0},{"event_name":"Match and Keep!","player_choice":"2 cards matched","floor":38,"damage_taken":0}],"boss_relics":[{"not_picked":["Snecko Eye","Eternal Feather"],"picked":"Lizard Tail"},{"not_picked":["Calling Bell","Black Star"],"picked":"Orrery"}],"potions_floor_spawned":[1,5,8,18,24,30,39],"seed_played":"-9024691036788939430","killed_by":"2 Orb Walkers","ascension_level":1,"is_trial":false}