{"gold_per_floor":[367,367,386,238,253,253,266,277,277,277,296,296,296,310,310,310],"floor_reached":16,"playtime":591,"items_purged":[],"score":140,"play_id":"81e8ecf4-8ea5-4c0e-838f-26d20869e0fe","local_time":"20190904040603","is_ascension_mode":true,"campfire_choices":[{"data":"All For One","floor":6,"key":"SMITH"},{"floor":10,"key":"REST"},{"floor":15,"key":"REST"}],"neow_cost":"TEN_PERCENT_HP_LOSS","seed_source_timestamp":0,"circlet_count":0,"master_deck":["AscendersBane","Strike_B","Strike_B","Strike_B","Strike_B","Defend_B","Defend_B","Defend_B","Defend_B","Zap","Dualcast","Compile Driver","Melter","All For One+1","FTL","Gash","Loop","Loop"],"special_seed":0,"relics":["Cracked Core","Dodecahedron","Golden Idol","Spirit Poop"],"potions_floor_usage":[14,14,16],"damage_taken":[{"damage":2.0,"enemies":"Jaw Worm","floor":1.0,"turns":3.0},{"damage":7,"enemies":"2 Louse","floor":3,"turns":3},{"damage":1,"enemies":"Cultist","floor":5,"turns":3},{"damage":45,"enemies":"Exordium Thugs","floor":7,"turns":6},{"damage":10,"enemies":"Exordium Wildlife","floor":8,"turns":2},{"damage":8,"enemies":"Blue Slaver","floor":11,"turns":3},{"damage":0,"enemies":"Lots of Slimes","floor":14,"turns":3},{"damage":48,"enemies":"Hexaghost","floor":16,"turns":7}],"seed_played":"-9019595133193211465","potions_obtained":[{"floor":5,"key":"GamblersBrew"},{"floor":7,"key":"Fire Potion"},{"floor":8,"key":"Poison Potion"},{"floor":11,"key":"Fire Potion"},{"floor":14,"key":"Block Potion"}],"is_trial":false,"path_per_floor":["M","?","M","$","M","R","M","M","T","R","M","?","?","M","R","B"],"character_chosen":"DEFECT","items_purchased":["All For One"],"campfire_rested":2,"item_purchase_floors":[4],"current_hp_per_floor":[66,71,64,64,63,63,18,8,8,29,21,21,21,21,42,0],"gold":310,"neow_bonus":"TWO_FIFTY_GOLD","is_prod":false,"is_daily":false,"chose_seed":false,"campfire_upgraded":1,"win_rate":0,"timestamp":1567584363,"path_taken":["M","?","M","$","M","R","M","M","T","R","M","?","?","?","R","BOSS"],"build_version":"2019-08-26","purchased_purges":0,"victory":false,"max_hp_per_floor":[68,73,73,73,73,73,73,73,73,73,73,73,73,73,73,73],"card_choices":[{"not_picked":["Stack","Gash"],"picked":"Compile Driver","floor":1.0},{"not_picked":["Hologram","Blizzard"],"picked":"Melter","floor":3},{"not_picked":["Hologram","Streamline"],"picked":"FTL","floor":5},{"not_picked":["Barrage","Hologram","Tempest"],"picked":"SKIP","floor":7},{"not_picked":["Conserve Battery","Redo"],"picked":"Gash","floor":8},{"not_picked":["Streamline","All For One"],"picked":"Loop","floor":11},{"not_picked":["Compile Driver","Sweeping Beam"],"picked":"Loop","floor":14}],"player_experience":254797,"relics_obtained":[{"floor":9,"key":"Dodecahedron"}],"event_choices":[{"damage_healed":0,"gold_gain":0,"player_choice":"Donut","damage_taken":0,"max_hp_gain":5,"max_hp_loss":0,"event_name":"Big Fish","floor":2,"gold_loss":0},{"damage_healed":0,"gold_gain":0,"player_choice":"Take Wound","damage_taken":0,"relics_obtained":["Golden Idol"],"max_hp_gain":0,"max_hp_loss":0,"event_name":"Golden Idol","floor":12,"gold_loss":0,"cards_obtained":["Injury"]},{"cards_removed":["Injury"],"damage_healed":0,"gold_gain":0,"player_choice":"Offered Curse","damage_taken":0,"relics_obtained":["Spirit Poop"],"max_hp_gain":0,"max_hp_loss":0,"event_name":"Bonfire Elementals","floor":13,"gold_loss":0}],"is_beta":true,"boss_relics":[],"items_purged_floors":[],"is_endless":false,"potions_floor_spawned":[5,7,8,11,14],"killed_by":"Hexaghost","ascension_level":10}