{"gold_per_floor":[18,38,213,213,213,213,231,271,271,290,290],"floor_reached":11,"playtime":499,"items_purged":[],"score":84,"play_id":"cf3f566e-e6db-4aa3-8429-8c1260d3b41f","local_time":"20190825150756","is_ascension_mode":true,"campfire_choices":[{"data":"Neutralize","floor":6,"key":"SMITH"}],"neow_cost":"NO_GOLD","seed_source_timestamp":873605113994200,"circlet_count":0,"master_deck":["Strike_G","Strike_G","Strike_G","Strike_G","Defend_G","Defend_G","Defend_G","Defend_G","Survivor","Neutralize+1","Backflip","Leg Sweep","Doubt","Adrenaline","Prepared"],"relics":["Ring of the Snake","Golden Idol","Incense Burner","Singing Bowl"],"potions_floor_usage":[],"damage_taken":[{"damage":1,"enemies":"Jaw Worm","floor":1,"turns":4},{"damage":0,"enemies":"2 Louse","floor":2,"turns":3},{"damage":3,"enemies":"Small Slimes","floor":7,"turns":4},{"damage":47,"enemies":"3 Sentries","floor":8,"turns":18},{"damage":2,"enemies":"Looter","floor":10,"turns":4},{"damage":10,"enemies":"Large Slime","floor":11,"turns":3}],"seed_played":"6618744655821475117","potions_obtained":[{"floor":8,"key":"Strength Potion"}],"is_trial":false,"path_per_floor":["M","M","?","?","?","R","M","E","T","M","M"],"character_chosen":"THE_SILENT","items_purchased":[],"campfire_rested":0,"item_purchase_floors":[],"current_hp_per_floor":[69,69,69,74,56,56,53,6,6,6,0],"gold":290,"neow_bonus":"REMOVE_TWO","is_prod":false,"is_daily":false,"chose_seed":false,"campfire_upgraded":1,"win_rate":0,"timestamp":1566738476,"path_taken":["M","M","?","?","?","R","M","E","T","M","M"],"build_version":"2019-07-17","purchased_purges":0,"victory":false,"max_hp_per_floor":[70,70,70,75,75,75,75,75,75,77,77],"card_choices":[{"not_picked":["Slice","Outmaneuver"],"picked":"Backflip","floor":1},{"not_picked":["Eviscerate","Distraction"],"picked":"Leg Sweep","floor":2},{"not_picked":["Flying Knee","Outmaneuver"],"picked":"Adrenaline","floor":7},{"not_picked":["Underhanded Strike","Concentrate"],"picked":"Prepared","floor":8},{"not_picked":["Blade Dance","Slice","Cloak And Dagger"],"picked":"Singing Bowl","floor":10}],"player_experience":196464,"relics_obtained":[{"floor":8,"key":"Incense Burner"},{"floor":9,"key":"Singing Bowl"}],"event_choices":[{"damage_healed":0,"gold_gain":175,"player_choice":"AGREE","damage_taken":0,"max_hp_gain":0,"max_hp_loss":0,"event_name":"Liars Game","floor":3,"gold_loss":0,"cards_obtained":["Doubt"]},{"damage_healed":0,"gold_gain":0,"player_choice":"Donut","damage_taken":0,"max_hp_gain":5,"max_hp_loss":0,"event_name":"Big Fish","floor":4,"gold_loss":0},{"damage_healed":0,"gold_gain":0,"player_choice":"Take Damage","damage_taken":18,"relics_obtained":["Golden Idol"],"max_hp_gain":0,"max_hp_loss":0,"event_name":"Golden Idol","floor":5,"gold_loss":0}],"is_beta":false,"boss_relics":[],"items_purged_floors":[],"is_endless":false,"potions_floor_spawned":[8],"killed_by":"Large Slime","ascension_level":3}