{"gold_per_floor":[119,84,46,66,85,85,101,130,130,130,130,163,83,93,93,192,192,207,207,207,62,62,62,24,24,48,81,8,23,122,133,133,235,235,252,177,452,463,57,91,111,111,163,177,30,30,30,30,30,30],"floor_reached":51,"playtime":4771,"items_purged":["Strike_B","Regret"],"score":1045,"play_id":"4ddc29f0-9fe7-43ed-bd3c-dd75b50d8dfb","local_time":"20190912211453","is_ascension_mode":true,"campfire_choices":[{"data":"Gash","floor":6.0,"key":"SMITH"},{"data":"Self Repair","floor":11.0,"key":"SMITH"},{"data":"Static Discharge","floor":15.0,"key":"SMITH"},{"data":"Biased Cognition","floor":23.0,"key":"SMITH"},{"data":"Chaos","floor":25.0,"key":"SMITH"},{"data":"Defragment","floor":32.0,"key":"SMITH"},{"floor":42,"key":"REST"},{"floor":46,"key":"REST"},{"data":"Go for the Eyes","floor":49,"key":"SMITH"}],"neow_cost":"PERCENT_DAMAGE","seed_source_timestamp":0,"circlet_count":0,"master_deck":["AscendersBane","Strike_B","Strike_B","Strike_B","Defend_B","Defend_B+1","Defend_B","Defend_B+1","Zap","Dualcast+1","Redo","Self Repair+1","Gash+1","BootSequence","Hello World","Static Discharge+1","Ball Lightning","Biased Cognition+1","Leap","Chaos+1","Go for the Eyes+1","Defragment+1","Barrage+1","Cold Snap+1","Ball Lightning+1","Beam Cell+1"],"special_seed":0,"relics":["Cracked Core","Ice Cream","Bag of Preparation","Bag of Marbles","Blue Candle","Busted Crown","Symbiotic Virus","Enchiridion","Runic Capacitor","Lantern","War Paint","Runic Pyramid","FossilizedHelix","Question Card","Orichalcum","Boot"],"potions_floor_usage":[40],"damage_taken":[{"damage":1.0,"enemies":"Small Slimes","floor":1.0,"turns":4.0},{"damage":9.0,"enemies":"Jaw Worm","floor":4.0,"turns":3.0},{"damage":1.0,"enemies":"Cultist","floor":5.0,"turns":4.0},{"damage":1.0,"enemies":"Looter","floor":7.0,"turns":3.0},{"damage":20.0,"enemies":"Lagavulin","floor":8.0,"turns":7.0},{"damage":32.0,"enemies":"3 Sentries","floor":12.0,"turns":8.0},{"damage":7.0,"enemies":"Large Slime","floor":14.0,"turns":6.0},{"damage":13.0,"enemies":"Hexaghost","floor":16.0,"turns":8.0},{"damage":2.0,"enemies":"Chosen","floor":18.0,"turns":4.0},{"damage":0.0,"enemies":"Book of Stabbing","floor":27.0,"turns":5.0},{"damage":11.0,"enemies":"Spheric Guardian","floor":29.0,"turns":3.0},{"damage":0.0,"enemies":"Centurion and Healer","floor":31.0,"turns":4.0},{"damage":49.0,"enemies":"Collector","floor":33.0,"turns":6.0},{"damage":0.0,"enemies":"3 Darklings","floor":35.0,"turns":6.0},{"damage":10,"enemies":"Orb Walker","floor":38,"turns":3},{"damage":71,"enemies":"Reptomancer","floor":40,"turns":5},{"damage":0,"enemies":"Maw","floor":41,"turns":6},{"damage":13,"enemies":"Transient","floor":44,"turns":5},{"damage":55,"enemies":"Time Eater","floor":50,"turns":7}],"seed_played":"-1713503544317921242","potions_obtained":[{"floor":4.0,"key":"Fire Potion"},{"floor":5.0,"key":"SpeedPotion"},{"floor":14.0,"key":"Swift Potion"},{"floor":33.0,"key":"SmokeBomb"},{"floor":40,"key":"SpeedPotion"}],"is_trial":false,"path_per_floor":["M","?","$","M","M","R","M","E","T","?","R","E","$","M","R","B",null,"M","?","?","$","?","R","$","R","T","E","$","M","?","M","R","B",null,"M","$","?","M","$","E","M","R","T","M","$","R","$","?","R","B",null],"character_chosen":"DEFECT","items_purchased":["Self Repair","Static Discharge","Runic Capacitor","Chaos","Defragment","FossilizedHelix","Boot"],"campfire_rested":2,"item_purchase_floors":[3,13,21,24,28,39,45],"current_hp_per_floor":[49,67,67,65,71,71,75,62,62,47,47,25,25,28,28,25,63,71,71,55,55,55,55,55,55,55,65,65,64,64,74,74,35,65,75,75,75,75,75,14,24,46,46,53,53,75,75,75,75,30],"gold":30,"neow_bonus":"ONE_RARE_RELIC","is_prod":false,"is_daily":false,"chose_seed":false,"campfire_upgraded":7,"win_rate":0,"timestamp":1568337293,"path_taken":["M","?","$","M","M","R","M","E","T","?","R","E","?","M","R","BOSS","M","?","?","$","?","R","$","R","T","E","?","M","?","M","R","BOSS","M","$","?","M","$","E","M","R","T","M","$","R","?","?","R","BOSS"],"build_version":"2019-09-11v2","purchased_purges":2,"victory":true,"max_hp_per_floor":[75,75,75,75,75,75,75,75,75,75,75,75,75,75,75,75,75,75,75,75,75,75,75,75,75,75,75,75,75,75,75,75,75,75,75,75,75,75,75,75,75,75,75,75,75,75,75,75,75,75],"card_choices":[{"not_picked":["Barrage","Turbo"],"picked":"Redo","floor":1.0},{"not_picked":["Leap","Skim"],"picked":"Auto Shields","floor":4.0},{"not_picked":["Go for the Eyes","Barrage"],"picked":"Gash","floor":5.0},{"not_picked":["Hologram","Redo"],"picked":"BootSequence","floor":7.0},{"not_picked":["Turbo","Tempest","Doom and Gloom"],"picked":"SKIP","floor":8.0},{"not_picked":["Barrage","Meteor Strike"],"picked":"Hello World","floor":12.0},{"not_picked":["Auto Shields","Compile Driver"],"picked":"Ball Lightning","floor":14.0},{"not_picked":["Hyperbeam","Buffer"],"picked":"Biased Cognition","floor":16.0},{"not_picked":[],"picked":"Leap","floor":18.0},{"not_picked":[],"picked":"Go for the Eyes","floor":27.0},{"not_picked":["Steam"],"picked":"SKIP","floor":29.0},{"not_picked":["Hologram"],"picked":"SKIP","floor":31.0},{"not_picked":[],"picked":"Barrage+1","floor":35.0},{"not_picked":[],"picked":"Cold Snap+1","floor":38},{"not_picked":[],"picked":"Ball Lightning+1","floor":40},{"not_picked":["Streamline","Stack"],"picked":"SKIP","floor":41},{"not_picked":["Chaos"],"picked":"Beam Cell+1","floor":44}],"player_experience":379772,"relics_obtained":[{"floor":8.0,"key":"Bag of Preparation"},{"floor":9.0,"key":"Bag of Marbles"},{"floor":12.0,"key":"Blue Candle"},{"floor":20.0,"key":"Enchiridion"},{"floor":26.0,"key":"Lantern"},{"floor":27.0,"key":"War Paint"},{"floor":40,"key":"Question Card"},{"floor":43,"key":"Orichalcum"}],"event_choices":[{"damage_healed":18.0,"max_hp_gain":0.0,"max_hp_loss":0.0,"gold_gain":0.0,"event_name":"The Cleric","player_choice":"Healed","floor":2.0,"gold_loss":35.0,"damage_taken":0.0},{"damage_healed":0.0,"max_hp_gain":0.0,"max_hp_loss":0.0,"gold_gain":0.0,"event_name":"Shining Light","player_choice":"Entered Light","floor":10.0,"gold_loss":0.0,"damage_taken":15.0,"cards_upgraded":["Defend_B","Dualcast"]},{"damage_healed":0.0,"max_hp_gain":0.0,"max_hp_loss":0.0,"gold_gain":0.0,"event_name":"The Mausoleum","player_choice":"Opened","floor":19.0,"gold_loss":0.0,"damage_taken":0.0,"relics_obtained":["Symbiotic Virus"]},{"damage_healed":0.0,"max_hp_gain":0.0,"max_hp_loss":0.0,"gold_gain":0.0,"event_name":"Cursed Tome","player_choice":"Obtained Book","floor":20.0,"gold_loss":0.0,"damage_taken":16.0},{"damage_healed":0.0,"max_hp_gain":0.0,"max_hp_loss":0.0,"gold_gain":0.0,"event_name":"Ghosts","player_choice":"Ignored","floor":22.0,"gold_loss":0.0,"damage_taken":0.0},{"damage_healed":0.0,"max_hp_gain":0.0,"max_hp_loss":0.0,"gold_gain":99.0,"event_name":"Nest","player_choice":"Stole From Cult","floor":30.0,"gold_loss":0.0,"damage_taken":0.0},{"damage_healed":0,"gold_gain":275,"player_choice":"Desecrate","damage_taken":0,"max_hp_gain":0,"max_hp_loss":0,"event_name":"Golden Shrine","floor":37,"gold_loss":0,"cards_obtained":["Regret"]},{"cards_removed":["Auto Shields"],"damage_healed":0,"gold_gain":0,"player_choice":"Removed Skill","damage_taken":0,"max_hp_gain":0,"max_hp_loss":0,"event_name":"Falling","floor":48,"gold_loss":0}],"is_beta":true,"boss_relics":[{"not_picked":["Pandora\u0027s Box","SacredBark"],"picked":"Busted Crown"},{"not_picked":["Fusion Hammer","Coffee Dripper"],"picked":"Runic Pyramid"}],"items_purged_floors":[36,39],"is_endless":false,"potions_floor_spawned":[4,5,8,14,27,33,40,44],"ascension_level":11}