{"gold_per_floor":[115,47,65,84,34,60,93,93,147,162,162,179,12,23,23,120,120,140,159,259,272,284,284],"floor_reached":23,"playtime":749,"items_purged":["Strike_B"],"score":293,"play_id":"1011c0bc-cd80-4e4e-9492-aba0e13d8477","local_time":"20190618221152","is_ascension_mode":true,"campfire_choices":[{"floor":11,"key":"REST"},{"data":"Zap","floor":15,"key":"SMITH"}],"neow_cost":"NONE","seed_source_timestamp":451347401003400,"circlet_count":0,"master_deck":["AscendersBane","Strike_B","Strike_B","Strike_B","Defend_B","Defend_B","Defend_B","Defend_B","Zap+1","Dualcast","Undo","Loop","Leap","Gash","Barrage","Ball Lightning","Capacitor","Compile Driver","Gash","Hologram","BootSequence","All For One","Self Repair+1","Scrape+1","Machine Learning"],"relics":["Cracked Core","NeowsBlessing","Potion Belt","Letter Opener","Bag of Preparation","Philosopher\u0027s Stone"],"potions_floor_usage":[7,16,22,23,23,23,23],"damage_taken":[{"damage":0,"enemies":"Cultist","floor":1,"turns":1},{"damage":0,"enemies":"Small Slimes","floor":3,"turns":1},{"damage":0,"enemies":"Jaw Worm","floor":4,"turns":1},{"damage":27,"enemies":"Gremlin Nob","floor":7,"turns":5},{"damage":15,"enemies":"Lots of Slimes","floor":10,"turns":3},{"damage":7,"enemies":"Large Slime","floor":12,"turns":6},{"damage":13,"enemies":"Exordium Thugs","floor":14,"turns":5},{"damage":16,"enemies":"The Guardian","floor":16,"turns":11},{"damage":0,"enemies":"Chosen","floor":18,"turns":4},{"damage":26,"enemies":"3 Byrds","floor":19,"turns":3},{"damage":20,"enemies":"3 Cultists","floor":21,"turns":5},{"damage":6,"enemies":"Chosen and Byrds","floor":22,"turns":6},{"damage":41,"enemies":"Gremlin Leader","floor":23,"turns":3}],"seed_played":"-7081134258967654256","potions_obtained":[{"floor":1,"key":"PowerPotion"},{"floor":7,"key":"Block Potion"},{"floor":10,"key":"LiquidBronze"},{"floor":14,"key":"AttackPotion"},{"floor":16,"key":"Fruit Juice"},{"floor":21,"key":"Fire Potion"},{"floor":22,"key":"Explosive Potion"}],"is_trial":false,"path_per_floor":["M","$","M","M","$","T","E","?","T","M","R","M","$","M","R","B",null,"M","M","?","M","M","E"],"character_chosen":"DEFECT","items_purchased":["Loop","Barrage","Gash","Hologram"],"campfire_rested":1,"item_purchase_floors":[2,5,13,13],"current_hp_per_floor":[68,68,68,68,68,68,41,46,46,31,55,48,48,35,35,19,65,65,39,39,29,33,0],"gold":284,"neow_bonus":"THREE_ENEMY_KILL","is_prod":false,"is_daily":false,"chose_seed":false,"campfire_upgraded":1,"win_rate":0,"timestamp":1560892312,"path_taken":["M","$","M","?","$","?","E","?","T","M","R","M","?","M","R","BOSS","M","?","?","M","M","E"],"build_version":"2019-01-23","purchased_purges":1,"victory":false,"max_hp_per_floor":[75,75,75,75,75,75,75,80,80,80,80,80,80,80,80,80,80,80,80,80,80,80,85],"card_choices":[{"not_picked":["Consume","Hello World"],"picked":"Undo","floor":1},{"not_picked":["Steam","Reprogram"],"picked":"Leap","floor":3},{"not_picked":["Steam","Self Repair"],"picked":"Gash","floor":4},{"not_picked":["Turbo","Recycle"],"picked":"Ball Lightning","floor":7},{"not_picked":["Rebound","Fission"],"picked":"Capacitor","floor":10},{"not_picked":["Reinforced Body","Stack"],"picked":"Compile Driver","floor":12},{"not_picked":["Compile Driver","Go for the Eyes"],"picked":"BootSequence","floor":14},{"not_picked":["Core Surge","Thunder Strike"],"picked":"All For One","floor":16},{"not_picked":["Rebound","Leap+1"],"picked":"Self Repair+1","floor":18},{"not_picked":["Compile Driver","Barrage"],"picked":"Scrape+1","floor":19},{"not_picked":["Rip and Tear","Redo","Tempest"],"picked":"SKIP","floor":21},{"not_picked":["Steam","Go for the Eyes+1"],"picked":"Machine Learning","floor":22}],"player_experience":160723,"relics_obtained":[{"floor":6,"key":"Potion Belt"},{"floor":7,"key":"Letter Opener"},{"floor":9,"key":"Bag of Preparation"}],"event_choices":[{"damage_healed":0,"gold_gain":0,"player_choice":"Donut","damage_taken":0,"max_hp_gain":5,"max_hp_loss":0,"event_name":"Big Fish","floor":8,"gold_loss":0},{"damage_healed":0,"gold_gain":100,"player_choice":"Pray","damage_taken":0,"max_hp_gain":0,"max_hp_loss":0,"event_name":"Golden Shrine","floor":20,"gold_loss":0}],"is_beta":false,"boss_relics":[{"not_picked":["Velvet Choker","Astrolabe"],"picked":"Philosopher\u0027s Stone"}],"items_purged_floors":[13],"is_endless":false,"potions_floor_spawned":[1,7,10,14,16,21,22],"killed_by":"Gremlin Leader","ascension_level":10}