{"gold_per_floor":[113,132,152,152,171,204,204,234,234,234],"floor_reached":10,"playtime":814,"items_purged":[],"score":148,"play_id":"bd2ddd27-13d3-48fb-aca8-4eff07e1f6e1","local_time":"20190925024547","is_ascension_mode":true,"campfire_choices":[{"floor":7.0,"key":"REST"}],"neow_cost":"NONE","seed_source_timestamp":1400165506289210,"circlet_count":0,"master_deck":["AscendersBane","Strike_B","Strike_B","Strike_B","Strike_B","Defend_B","Defend_B","Defend_B","Defend_B","Zap","Dualcast","Self Repair","Defragment+1","Chill","Barrage"],"special_seed":0,"relics":["Cracked Core","Omamori","Letter Opener","Sundial"],"potions_floor_usage":[10],"damage_taken":[{"damage":2.0,"enemies":"Jaw Worm","floor":1.0,"turns":3.0},{"damage":1.0,"enemies":"Cultist","floor":2.0,"turns":3.0},{"damage":2.0,"enemies":"2 Louse","floor":3.0,"turns":4.0},{"damage":4.0,"enemies":"Gremlin Gang","floor":5.0,"turns":5.0},{"damage":50.0,"enemies":"3 Sentries","floor":6.0,"turns":8.0},{"damage":22.0,"enemies":"Lagavulin","floor":8.0,"turns":6.0},{"damage":38,"enemies":"Gremlin Nob","floor":10,"turns":4}],"seed_played":"-4994293292720889641","potions_obtained":[{"floor":3.0,"key":"Fire Potion"},{"floor":8.0,"key":"Weak Potion"}],"is_trial":false,"path_per_floor":["M","M","M","?","M","E","R","E","T","E"],"character_chosen":"DEFECT","items_purchased":[],"campfire_rested":1,"item_purchase_floors":[],"current_hp_per_floor":[69,68,73,73,76,33,56,34,34,0],"gold":234,"neow_bonus":"TEN_PERCENT_HP_BONUS","is_prod":false,"is_daily":false,"chose_seed":false,"campfire_upgraded":0,"win_rate":0,"timestamp":1569393947,"path_taken":["M","M","M","?","M","E","R","E","T","E"],"build_version":"2019-07-17","purchased_purges":0,"victory":false,"max_hp_per_floor":[78,78,78,78,78,78,78,78,78,78],"card_choices":[{"not_picked":["Stack","Scrape","Chaos"],"picked":"SKIP","floor":1.0},{"not_picked":["Darkness","Conserve Battery"],"picked":"Self Repair","floor":2.0},{"not_picked":["Barrage","Tempest"],"picked":"Defragment","floor":3.0},{"not_picked":["Leap","Self Repair","Core Surge"],"picked":"SKIP","floor":5.0},{"not_picked":["Fission","Double Energy"],"picked":"Chill","floor":6.0},{"not_picked":["Auto Shields","Consume"],"picked":"Barrage","floor":8.0}],"player_experience":408511,"relics_obtained":[{"floor":6.0,"key":"Omamori"},{"floor":8.0,"key":"Letter Opener"},{"floor":9.0,"key":"Sundial"}],"event_choices":[{"damage_healed":0.0,"max_hp_gain":0.0,"max_hp_loss":0.0,"gold_gain":0.0,"event_name":"Upgrade Shrine","player_choice":"Upgraded","floor":4.0,"gold_loss":0.0,"damage_taken":0.0,"cards_upgraded":["Defragment"]}],"is_beta":false,"boss_relics":[],"items_purged_floors":[],"is_endless":false,"potions_floor_spawned":[3,8],"killed_by":"Gremlin Nob","ascension_level":18}