{"path_per_floor":["M","M","?","M","M","E","M","E","T","R","?","M","$","M","R","B",null,"M","?","M","M","?","R","M","E","T","M","M","R","M","T","R","B",null,"M","?","T","$","M","E","R","$","T","R","$","M","T","?","R","B"],"character_chosen":"THE_SILENT","items_purchased":["Dash","Bottled Flame","Tough Bandages","Predator","Vajra","Accuracy","Block Potion","Swift Potion","Noxious Fumes"],"gold_per_floor":[113,132,207,227,243,277,296,326,326,326,326,345,58,70,70,175,175,194,194,205,222,222,222,234,268,291,308,321,321,331,388,388,484,484,498,498,798,482,494,521,521,293,293,293,122,136,163,163,163,163],"floor_reached":51,"campfire_rested":3,"playtime":3247,"current_hp_per_floor":[70,67,56,56,48,27,23,10,10,31,31,31,31,31,31,31,70,64,51,39,24,8,30,30,17,17,17,11,11,11,11,33,20,75,75,75,75,75,75,67,67,67,67,67,67,67,67,67,67,20],"items_purged":[],"gold":163,"score":634,"play_id":"ef3cd11f-3e4f-4f3e-be04-aad8714f5d24","is_prod":false,"is_daily":false,"is_ascension_mode":false,"campfire_upgraded":5,"path_taken":["M","M","?","M","M","E","M","E","T","R","?","M","$","M","R","BOSS","M","?","M","?","?","R","M","E","T","M","?","R","M","?","R","BOSS","M","?","?","?","M","E","R","$","T","R","$","M","?","?","R","BOSS"],"build_version":"2018-02-22-PROD2","purchased_purges":0,"victory":true,"master_deck":["Defend_G","Defend_G","Defend_G","Defend_G+1","Strike_G","Strike_G","Strike_G","Strike_G","Survivor","Neutralize","Eviscerate+1","Infinite Blades","Underhanded Strike","Catalyst","Footwork+1","Choke+1","Dagger Spray","Leg Sweep","Dash","Storm of Steel+1","Leg Sweep","Footwork","Finisher+1","Accuracy+1","Dash","Envenom","Underhanded Strike","Parasite","Predator","Tools of the Trade","Footwork","Accuracy+1","Injury","Noxious Fumes","Underhanded Strike+1","Parasite"],"max_hp_per_floor":[70,70,70,70,70,70,70,70,70,70,70,70,70,70,70,70,70,70,75,75,75,75,75,75,75,75,75,75,75,75,75,75,75,75,75,75,75,75,75,75,75,75,75,75,75,75,75,75,75,75],"relics":["Snecko Eye","War Paint","Bag of Preparation","Torii","Bottled Flame","Philosopher\u0027s Stone","Enchiridion","Matryoshka","Oddly Smooth Stone","Pen Nib","Bronze Scales","Tiny Chest","Cursed Key","Shuriken","Old Coin","Tough Bandages","Toolbox","Vajra","Peace Pipe","Whetstone"],"card_choices":[{"not_picked":["Flechettes","Phantasmal Killer"],"picked":"Eviscerate"},{"not_picked":["Reflex","Deadly Poison"],"picked":"Infinite Blades"},{"not_picked":["Dagger Spray","Escape Plan"],"picked":"Underhanded Strike"},{"not_picked":["Crippling Poison","Acrobatics"],"picked":"Catalyst"},{"not_picked":["Poisoned Stab","Dagger Throw"],"picked":"Footwork"},{"not_picked":["Flying Knee","Blur"],"picked":"Choke"},{"not_picked":["Slice","Corpse Explosion"],"picked":"Leg Sweep"},{"not_picked":["After Image","Corpse Explosion"],"picked":"Storm of Steel"},{"not_picked":["Backflip","Flying Knee"],"picked":"Leg Sweep"},{"not_picked":["Prepared","Deflect"],"picked":"Footwork"},{"not_picked":["Outmaneuver","Dagger Throw"],"picked":"Finisher"},{"not_picked":["Quick Slash","Prepared"],"picked":"Accuracy"},{"not_picked":["Deflect","Masterful Stab"],"picked":"Dash"},{"not_picked":["Doppelganger","Wraith Form"],"picked":"Envenom"},{"not_picked":["PiercingWail","Distraction"],"picked":"Underhanded Strike"},{"not_picked":["Leg Sweep","Deadly Poison"],"picked":"Tools of the Trade"},{"not_picked":["Flying Knee","PiercingWail"],"picked":"Footwork"},{"not_picked":["Dodge and Roll","Sucker Punch"],"picked":"Underhanded Strike"}],"player_experience":38833,"potions_floor_usage":[7,16,16,24,25,28,30,33,40,40,50,50,50],"damage_taken":[{"damage":0,"enemies":"Cultist","floor":1,"turns":4},{"damage":3,"enemies":"Small Slimes","floor":2,"turns":4},{"damage":0,"enemies":"2 Louse","floor":4,"turns":3},{"damage":8,"enemies":"Exordium Wildlife","floor":5,"turns":3},{"damage":21,"enemies":"Gremlin Nob","floor":6,"turns":5},{"damage":13,"enemies":"Red Slaver","floor":7,"turns":5},{"damage":13,"enemies":"Lagavulin","floor":8,"turns":8},{"damage":0,"enemies":"3 Louse","floor":12,"turns":2},{"damage":0,"enemies":"Looter","floor":14,"turns":2},{"damage":0,"enemies":"Slime Boss","floor":16,"turns":6},{"damage":6,"enemies":"Shell Parasite","floor":18,"turns":2},{"damage":12,"enemies":"Spheric Guardian","floor":20,"turns":4},{"damage":15,"enemies":"Cultist and Chosen","floor":21,"turns":5},{"damage":0,"enemies":"Centurion and Healer","floor":24,"turns":5},{"damage":13,"enemies":"Book of Stabbing","floor":25,"turns":8},{"damage":0,"enemies":"Snecko","floor":27,"turns":5},{"damage":6,"enemies":"Sentry and Sphere","floor":28,"turns":4},{"damage":0,"enemies":"Centurion and Healer","floor":30,"turns":6},{"damage":13,"enemies":"Champ","floor":33,"turns":8},{"damage":0,"enemies":"Orb Walker","floor":35,"turns":2},{"damage":0,"enemies":"3 Darklings","floor":39,"turns":3},{"damage":8,"enemies":"2 Orb Walkers","floor":40,"turns":4},{"damage":0,"enemies":"Maw","floor":46,"turns":5},{"damage":47,"enemies":"Time Eater","floor":50,"turns":10}],"event_choices":[{"event_name":"World of Goop","player_choice":"Gather Gold","floor":3,"damage_taken":0},{"event_name":"Living Wall","player_choice":"Change","floor":11,"damage_taken":0},{"event_name":"Forgotten Altar","player_choice":"Shed Blood","floor":19,"damage_taken":0},{"event_name":"Cursed Tome","player_choice":"Obtained Book","floor":22,"damage_taken":0},{"event_name":"Accursed Blacksmith","player_choice":"Rummage","floor":36,"damage_taken":0}],"boss_relics":[{"not_picked":["The Specimen","Eternal Feather"],"picked":"Philosopher\u0027s Stone"},{"not_picked":["Astrolabe","Runic Pyramid"],"picked":"Cursed Key"}],"potions_floor_spawned":[1,2,4,12,18,20,24,27,35,39,40],"seed_played":"2349748518719041198","ascension_level":0,"is_trial":false}