{"gold_per_floor":[110,37,37,2,19,19,83,83,83,100,133,147,158,14,14,114,114,134,150,81,81,81,81,98,118,145,145,145],"floor_reached":28,"playtime":1175,"items_purged":[],"score":455,"play_id":"fc12c30c-6f99-4f6a-86ed-da01a64155d3","local_time":"20190903023906","is_ascension_mode":true,"campfire_choices":[{"data":"Defragment","floor":6.0,"key":"SMITH"},{"data":"Chaos","floor":15.0,"key":"SMITH"},{"floor":23,"key":"REST"}],"neow_cost":"NONE","seed_source_timestamp":0,"circlet_count":0,"master_deck":["AscendersBane","Zap","Dualcast","Go for the Eyes","Defragment+1","Glacier","Leap+1","Creative AI","Coolheaded","Ball Lightning","Compile Driver","Defragment","Chaos+1","Core Surge","Amplify","Lockon","Steam","Recycle","Core Surge","Static Discharge","Force Field","Leap","Hologram","Chaos+1","Capacitor","Ball Lightning"],"special_seed":0,"relics":["Cracked Core","NeowsBlessing","Tiny Chest","Ginger","WingedGreaves","Pandora\u0027s Box","Nilry\u0027s Codex","PreservedInsect"],"potions_floor_usage":[24,25,28,28,28],"damage_taken":[{"damage":0.0,"enemies":"Cultist","floor":1.0,"turns":1.0},{"damage":0.0,"enemies":"2 Louse","floor":5.0,"turns":1.0},{"damage":0.0,"enemies":"Lagavulin","floor":7.0,"turns":2.0},{"damage":0.0,"enemies":"Small Slimes","floor":10.0,"turns":3.0},{"damage":24.0,"enemies":"Gremlin Nob","floor":11.0,"turns":5.0},{"damage":5.0,"enemies":"Blue Slaver","floor":12.0,"turns":4.0},{"damage":3.0,"enemies":"Red Slaver","floor":13.0,"turns":4.0},{"damage":0.0,"enemies":"The Guardian","floor":16.0,"turns":10.0},{"damage":0,"enemies":"Spheric Guardian","floor":18,"turns":3},{"damage":15,"enemies":"3 Byrds","floor":19,"turns":6},{"damage":14,"enemies":"Cultist and Chosen","floor":24,"turns":4},{"damage":40,"enemies":"Centurion and Healer","floor":25,"turns":6},{"damage":18,"enemies":"3 Cultists","floor":28,"turns":4}],"seed_played":"-3995706860723611236","potions_obtained":[{"floor":7.0,"key":"Poison Potion"},{"floor":10.0,"key":"Swift Potion"},{"floor":11.0,"key":"SpeedPotion"},{"floor":13.0,"key":"Dexterity Potion"},{"floor":24,"key":"EssenceOfSteel"},{"floor":25,"key":"Energy Potion"}],"is_trial":false,"path_per_floor":["M","$","?","?","M","R","E","?","T","M","E","M","M","$","R","B",null,"M","M","$","?","$","R","M","M","T","$","M"],"character_chosen":"DEFECT","items_purchased":["Defragment","Defragment","Chaos","Capacitor"],"campfire_rested":1,"item_purchase_floors":[2,14,14,20],"current_hp_per_floor":[68,68,73,80,80,80,80,64,64,64,40,35,32,32,32,32,68,68,53,53,37,37,61,47,7,7,7,0],"gold":145,"neow_bonus":"THREE_ENEMY_KILL","is_prod":false,"is_daily":false,"chose_seed":false,"campfire_upgraded":2,"win_rate":0,"timestamp":1567492746,"path_taken":["M","?","?","?","M","R","E","?","T","M","E","M","?","$","R","BOSS","M","M","?","?","$","R","M","M","T","$","?"],"build_version":"2019-08-26","purchased_purges":0,"victory":false,"max_hp_per_floor":[75,75,80,80,80,80,80,80,80,80,80,80,80,80,80,80,80,80,80,80,80,80,80,80,80,80,80,80],"card_choices":[{"not_picked":["Hologram","Gash"],"picked":"Go for the Eyes","floor":1.0},{"not_picked":["Storm","Rebound"],"picked":"Glacier","floor":5.0},{"not_picked":["Gash","Recycle"],"picked":"Leap","floor":7.0},{"not_picked":["Rip and Tear","Hologram"],"picked":"Creative AI","floor":10.0},{"not_picked":["Barrage","Storm"],"picked":"Coolheaded","floor":11.0},{"not_picked":["Tempest","Barrage"],"picked":"Ball Lightning","floor":12.0},{"not_picked":["Darkness","Cold Snap"],"picked":"Compile Driver","floor":13.0},{"not_picked":["Hyperbeam","All For One"],"picked":"Core Surge","floor":16.0},{"not_picked":["Coolheaded","Tempest"],"picked":"Hologram","floor":18},{"not_picked":["Reinforced Body","Genetic Algorithm"],"picked":"Chaos+1","floor":19},{"not_picked":["Sweeping Beam","Doom and Gloom"],"picked":"Ball Lightning","floor":24},{"not_picked":["Gash","Rebound","Storm"],"picked":"SKIP","floor":25}],"player_experience":239965,"relics_obtained":[{"floor":7.0,"key":"Tiny Chest"},{"floor":9.0,"key":"Ginger"},{"floor":11.0,"key":"WingedGreaves"},{"floor":21,"key":"Nilry\u0027s Codex"},{"floor":26,"key":"PreservedInsect"}],"event_choices":[{"damage_healed":0.0,"max_hp_gain":5.0,"max_hp_loss":0.0,"gold_gain":0.0,"event_name":"Big Fish","player_choice":"Donut","floor":3.0,"gold_loss":0.0,"damage_taken":0.0},{"damage_healed":20.0,"max_hp_gain":0.0,"max_hp_loss":0.0,"gold_gain":0.0,"event_name":"The Cleric","player_choice":"Healed","floor":4.0,"gold_loss":35.0,"damage_taken":0.0},{"damage_healed":0.0,"max_hp_gain":0.0,"max_hp_loss":0.0,"gold_gain":0.0,"event_name":"Shining Light","player_choice":"Entered Light","floor":8.0,"gold_loss":0.0,"damage_taken":16.0,"cards_upgraded":["Leap","Defend_B"]},{"damage_healed":0,"gold_gain":0,"player_choice":"Obtained Book","damage_taken":16,"max_hp_gain":0,"max_hp_loss":0,"event_name":"Cursed Tome","floor":21,"gold_loss":0}],"is_beta":true,"boss_relics":[{"not_picked":["White Beast Statue","Tiny House"],"picked":"Pandora\u0027s Box"}],"items_purged_floors":[],"is_endless":false,"potions_floor_spawned":[7,10,11,13,18,24,25],"killed_by":"3 Cultists","ascension_level":10}