{"gold_per_floor":[415,434,451,64,75,75,75,100,100,100,129,142,176,189,189,291,291,305,31,41,51,71,71,88,113,113,28,43,43,43,53,53,155,155,165,165,0,0,18,18,30,48,48,82,101,116,116,133,133,133],"floor_reached":51,"playtime":4305,"items_purged":[],"score":790,"play_id":"aba34958-6365-429f-870d-36f7aa54d7fb","local_time":"20181101020935","is_ascension_mode":false,"campfire_choices":[{"data":"Glass Knife","floor":6.0,"key":"SMITH"},{"data":"Footwork","floor":15.0,"key":"SMITH"},{"floor":23.0,"key":"REST"},{"floor":32.0,"key":"REST"},{"floor":40.0,"key":"DIG"},{"floor":47,"key":"DIG"},{"floor":49,"key":"REST"}],"neow_cost":"NONE","seed_source_timestamp":0,"circlet_count":0,"master_deck":["Defend_G","Defend_G","Defend_G+1","Defend_G","Defend_G+1","Strike_G","Survivor","Neutralize","Doubt","Normality","Writhe","Backflip+1","Prepared+1","Prepared+1","Footwork+1","Slice","PiercingWail+1","Glass Knife+1","Terror+1","Blade Dance+1","Infinite Blades","Slice","Tactician+1","Blade Dance+1","Burst+1","Reflex+1","Venomology+1","Outmaneuver+1","Slice+1","Riddle With Holes","Underhanded Strike","Footwork","Sucker Punch","Dodge and Roll+1","Acrobatics+1","Sucker Punch","Burst+1","Decay","Blade Dance+1","Storm of Steel+1","Crippling Poison+1","Master of Strategy+1","Dark Shackles+1","Chrysalis+1","Backflip+1","Footwork+1","Bouncing Flask+1","Dagger Spray+1","Backflip+1","Blade Dance+1","Footwork+1"],"special_seed":0,"relics":["Calling Bell","War Paint","Toxic Egg 2","Old Coin","Paper Crane","Odd Mushroom","Calipers","Pantograph","The Courier","Bag of Marbles","Astrolabe","Pear","Shovel","Shuriken","Smiling Mask","MutagenicStrength","WristBlade","Red Mask","Ninja Scroll","Anchor","Matryoshka","StoneCalendar","The Specimen"],"potions_floor_usage":[46,50],"damage_taken":[{"damage":7.0,"enemies":"Jaw Worm","floor":1.0,"turns":8.0},{"damage":0.0,"enemies":"Small Slimes","floor":2.0,"turns":6.0},{"damage":1.0,"enemies":"Cultist","floor":3.0,"turns":5.0},{"damage":0.0,"enemies":"Looter","floor":5.0,"turns":4.0},{"damage":1.0,"enemies":"The Mushroom Lair","floor":8.0,"turns":6.0},{"damage":4.0,"enemies":"Lagavulin","floor":11.0,"turns":8.0},{"damage":1.0,"enemies":"3 Louse","floor":12.0,"turns":3.0},{"damage":4.0,"enemies":"3 Sentries","floor":13.0,"turns":10.0},{"damage":0.0,"enemies":"2 Fungi Beasts","floor":14.0,"turns":4.0},{"damage":12.0,"enemies":"Hexaghost","floor":16.0,"turns":10.0},{"damage":0.0,"enemies":"Spheric Guardian","floor":18.0,"turns":3.0},{"damage":14.0,"enemies":"Shell Parasite","floor":20.0,"turns":5.0},{"damage":23.0,"enemies":"Cultist and Chosen","floor":21.0,"turns":10.0},{"damage":30.0,"enemies":"Shelled Parasite and Fungi","floor":22.0,"turns":5.0},{"damage":1.0,"enemies":"Snake Plant","floor":24.0,"turns":5.0},{"damage":12.0,"enemies":"Book of Stabbing","floor":25.0,"turns":7.0},{"damage":6.0,"enemies":"Centurion and Healer","floor":28.0,"turns":8.0},{"damage":22.0,"enemies":"Shelled Parasite and Fungi","floor":31.0,"turns":5.0},{"damage":32.0,"enemies":"Automaton","floor":33.0,"turns":11.0},{"damage":13.0,"enemies":"3 Shapes","floor":35.0,"turns":4.0},{"damage":2.0,"enemies":"Orb Walker","floor":39.0,"turns":2.0},{"damage":0.0,"enemies":"Jaw Worm Horde","floor":41.0,"turns":2.0},{"damage":0.0,"enemies":"Sphere and 2 Shapes","floor":42.0,"turns":1.0},{"damage":22.0,"enemies":"Nemesis","floor":44.0,"turns":11.0},{"damage":0,"enemies":"Transient","floor":45,"turns":5},{"damage":0,"enemies":"Spire Growth","floor":46,"turns":3},{"damage":0,"enemies":"Jaw Worm Horde","floor":48,"turns":2},{"damage":32,"enemies":"Donu and Deca","floor":50,"turns":8}],"seed_played":"-5617986607866341960","potions_obtained":[{"floor":1.0,"key":"SkillPotion"},{"floor":8.0,"key":"Block Potion"},{"floor":11.0,"key":"Regen Potion"},{"floor":13.0,"key":"Ancient Potion"},{"floor":16.0,"key":"GamblersBrew"},{"floor":18.0,"key":"EssenceOfSteel"},{"floor":33.0,"key":"EssenceOfSteel"},{"floor":44.0,"key":"Weak Potion"},{"floor":46,"key":"GhostInAJar"}],"is_trial":false,"path_per_floor":["M","M","M","$","M","R","?","?","T","T","E","M","E","M","R","B",null,"M","$","M","M","M","R","M","E","T","?","M","?","?","M","R","B",null,"M","?","?","T","M","R","M","M","T","E","M","M","R","M","R","B",null],"character_chosen":"THE_SILENT","items_purchased":["Footwork","Paper Crane","Slice","PiercingWail+1","Pear","Riddle With Holes","Underhanded Strike"],"campfire_rested":3,"item_purchase_floors":[4,4,4,4,19,19,19],"current_hp_per_floor":[63,63,62,62,62,62,62,61,61,61,57,56,52,52,52,58,70,70,80,66,58,28,52,51,39,39,39,33,33,33,11,35,28,80,67,57,57,57,55,55,55,55,55,33,33,33,33,33,57,48],"gold":133,"neow_bonus":"BOSS_RELIC","is_prod":false,"is_daily":false,"chose_seed":false,"campfire_upgraded":2,"win_rate":0,"timestamp":1541052575,"path_taken":["M","M","M","$","M","R","?","?","T","?","E","M","E","M","R","BOSS","M","$","M","?","M","R","M","E","T","?","M","?","?","M","R","BOSS","M","?","?","?","M","R","M","M","T","E","?","M","R","M","R","BOSS"],"build_version":"2018-10-31","purchased_purges":0,"victory":true,"max_hp_per_floor":[70,70,70,70,70,70,70,70,70,70,70,70,70,70,70,70,70,70,80,80,80,80,80,80,80,80,80,80,80,80,80,80,80,80,80,80,80,80,80,80,80,80,80,80,80,80,80,80,80,80],"card_choices":[{"not_picked":["Slice","Prepared+1"],"picked":"Backflip+1","floor":1.0},{"not_picked":["Reflex+1","Slice"],"picked":"Prepared+1","floor":2.0},{"not_picked":["Backstab","Acrobatics+1"],"picked":"Prepared+1","floor":3.0},{"not_picked":["Bouncing Flask+1","Bane"],"picked":"Glass Knife","floor":5.0},{"not_picked":["Acrobatics+1","PiercingWail+1"],"picked":"Blade Dance+1","floor":8.0},{"not_picked":["Well Laid Plans","All Out Attack"],"picked":"Infinite Blades","floor":11.0},{"not_picked":["Bane","Masterful Stab"],"picked":"Slice","floor":12.0},{"not_picked":["Poisoned Stab","Deflect+1"],"picked":"Tactician+1","floor":13.0},{"not_picked":["Night Terror+1","Escape Plan+1"],"picked":"Blade Dance+1","floor":14.0},{"not_picked":["Bullet Time+1","Glass Knife"],"picked":"Burst+1","floor":16.0},{"not_picked":["Flying Knee","Bane"],"picked":"Slice+1","floor":18.0},{"not_picked":["Outmaneuver+1","Cloak And Dagger+1"],"picked":"Footwork","floor":20.0},{"not_picked":["Deflect+1","Dodge and Roll+1"],"picked":"Sucker Punch","floor":21.0},{"not_picked":["Quick Slash+1","Dagger Spray"],"picked":"Dodge and Roll+1","floor":22.0},{"not_picked":["Deflect+1","Predator"],"picked":"Acrobatics+1","floor":24.0},{"not_picked":["Endless Agony","Finisher+1"],"picked":"Sucker Punch","floor":25.0},{"not_picked":["Terror+1","Underhanded Strike"],"picked":"Burst+1","floor":28.0},{"not_picked":["Deflect+1","Catalyst+1"],"picked":"Blade Dance+1","floor":31.0},{"not_picked":["Bullet Time+1","Doppelganger+1"],"picked":"Storm of Steel+1","floor":33.0},{"not_picked":["Deadly Poison+1","Distraction+1"],"picked":"Crippling Poison+1","floor":35.0},{"not_picked":["Swift Strike","Dramatic Entrance"],"picked":"Master of Strategy+1","floor":36.0},{"not_picked":["Purity+1","The Bomb+1"],"picked":"Dark Shackles+1","floor":36.0},{"not_picked":["Flash of Steel","Violence+1"],"picked":"Chrysalis+1","floor":36.0},{"not_picked":["Outmaneuver+1","Reflex+1"],"picked":"Backflip+1","floor":39.0},{"not_picked":["Deadly Poison+1","Deflect+1"],"picked":"Footwork+1","floor":41.0},{"not_picked":["Heel Hook","Poisoned Stab+1"],"picked":"Bouncing Flask+1","floor":42.0},{"not_picked":["Quick Slash+1","Poisoned Stab"],"picked":"Dagger Spray+1","floor":44.0},{"not_picked":["Expertise+1","Sucker Punch"],"picked":"Backflip+1","floor":45},{"not_picked":["Dagger Spray+1","Backflip+1"],"picked":"Blade Dance+1","floor":46},{"not_picked":["Underhanded Strike","Sucker Punch+1"],"picked":"Footwork+1","floor":48}],"player_experience":115516,"relics_obtained":[{"floor":0.0,"key":"War Paint"},{"floor":0.0,"key":"Toxic Egg 2"},{"floor":0.0,"key":"Old Coin"},{"floor":8.0,"key":"Odd Mushroom"},{"floor":9.0,"key":"Calipers"},{"floor":10.0,"key":"Pantograph"},{"floor":11.0,"key":"The Courier"},{"floor":13.0,"key":"Bag of Marbles"},{"floor":25.0,"key":"Shovel"},{"floor":26.0,"key":"Shuriken"},{"floor":38.0,"key":"Ninja Scroll"},{"floor":40.0,"key":"Anchor"},{"floor":43.0,"key":"Matryoshka"},{"floor":44.0,"key":"StoneCalendar"},{"floor":47,"key":"The Specimen"}],"event_choices":[{"damage_healed":0.0,"max_hp_gain":0.0,"max_hp_loss":0.0,"gold_gain":0.0,"cards_transformed":["Strike_G"],"event_name":"Living Wall","player_choice":"Change","floor":7.0,"gold_loss":0.0,"damage_taken":0.0,"cards_obtained":["Terror"]},{"damage_healed":0.0,"max_hp_gain":0.0,"max_hp_loss":0.0,"gold_gain":0.0,"event_name":"Mushrooms","player_choice":"Fought Mushrooms","floor":8.0,"gold_loss":0.0,"damage_taken":0.0},{"damage_healed":0.0,"max_hp_gain":0.0,"max_hp_loss":0.0,"gold_gain":0.0,"event_name":"Addict","player_choice":"Obtained Relic","floor":27.0,"gold_loss":85.0,"damage_taken":0.0,"relics_obtained":["Smiling Mask"]},{"damage_healed":0.0,"max_hp_gain":0.0,"max_hp_loss":0.0,"gold_gain":0.0,"event_name":"Forgotten Altar","player_choice":"Smashed Altar","floor":29.0,"gold_loss":0.0,"damage_taken":0.0,"cards_obtained":["Decay"]},{"damage_healed":0.0,"max_hp_gain":0.0,"max_hp_loss":0.0,"gold_gain":0.0,"event_name":"Drug Dealer","player_choice":"Inject Mutagens","floor":30.0,"gold_loss":0.0,"damage_taken":0.0,"relics_obtained":["MutagenicStrength"]},{"damage_healed":0.0,"max_hp_gain":0.0,"max_hp_loss":0.0,"gold_gain":0.0,"event_name":"SensoryStone","player_choice":"Memory 3","floor":36.0,"gold_loss":0.0,"damage_taken":10.0},{"damage_healed":0.0,"max_hp_gain":0.0,"max_hp_loss":0.0,"gold_gain":0.0,"event_name":"Tomb of Lord Red Mask","player_choice":"Paid","floor":37.0,"gold_loss":165.0,"damage_taken":0.0,"relics_obtained":["Red Mask"]}],"is_beta":true,"boss_relics":[{"not_picked":["Lizard Tail","Tiny House"],"picked":"Astrolabe"},{"not_picked":["Eternal Feather","Empty Cage"],"picked":"WristBlade"}],"items_purged_floors":[],"is_endless":false,"potions_floor_spawned":[1,8,11,13,16,18,21,22,31,33,35,39,44,46],"ascension_level":0}