{"path_per_floor":["M","M","M","M","?","E","R","?","T","R","E","?","?","M","R","B",null,"M","$","?","?","M","R","E","M","T","R","?","R","$","M","R","B",null,"M","?","M","M","T","R","E","M","T","R","?","?","M","M","R","B"],"character_chosen":"IRONCLAD","items_purchased":["Mummified Hand","Inflame","Flex"],"gold_per_floor":[13,30,40,59,59,89,89,116,141,141,176,176,176,188,188,283,283,293,39,139,139,158,158,192,204,204,204,204,204,10,23,23,125,125,135,135,155,175,199,199,232,244,267,267,267,267,280,295,295,295],"floor_reached":51,"campfire_rested":3,"playtime":2845,"current_hp_per_floor":[80,77,76,75,57,37,76,55,62,62,47,87,70,65,65,15,87,84,84,84,67,73,73,66,64,64,64,64,64,64,67,67,50,92,74,62,50,44,44,86,78,64,64,64,64,64,59,51,92,54],"items_purged":["Defend_R"],"gold":295,"score":680,"play_id":"6d7305b1-429f-490a-b51a-3c37601b2ee6","local_time":"20180513184228","is_prod":false,"is_daily":false,"chose_seed":false,"is_ascension_mode":false,"campfire_upgraded":7,"timestamp":1526204548,"path_taken":["M","M","M","M","?","E","R","?","T","R","E","?","?","M","R","BOSS","M","$","?","?","?","R","E","M","T","R","?","R","$","M","R","BOSS","M","?","?","M","?","R","E","M","T","R","?","?","M","M","R","BOSS"],"build_version":"2018-05-12v2","seed_source_timestamp":346215223066618,"purchased_purges":1,"victory":true,"master_deck":["Strike_R","Strike_R","Strike_R","Defend_R+1","Bash+1","Dropkick+1","Shockwave+1","Iron Wave+1","Brutality","Evolve","Impervious","Blood for Blood+1","Ghostly Armor+1","Inflame+1","Flex","Carnage+1","Double Tap","Iron Wave","Madness","Madness","Ghostly Armor","Shrug It Off","Ghostly Armor+1","Blood for Blood+1","Uppercut+1","Normality","Fiend Fire","Headbutt+1","Clothesline"],"max_hp_per_floor":[80,80,80,80,80,80,80,80,87,87,87,87,87,87,87,87,87,87,87,87,92,92,92,92,92,92,92,92,92,92,92,92,92,92,92,92,92,92,92,92,92,92,92,92,92,92,92,92,92,92],"relics":["Burning Blood","Regal Pillow","Omamori","Odd Mushroom","Strawberry","Paper Frog","Cursed Key","Mummified Hand","Ice Cream","Prayer Wheel","Lizard Tail","Happy Flower","Ornamental Fan","Juzu Bracelet"],"card_choices":[{"not_picked":["Entrench","Combust","Clash"],"picked":"SKIP","floor":1},{"not_picked":["Twin Strike","Cleave"],"picked":"Dropkick","floor":2},{"not_picked":["Ghostly Armor","Iron Wave"],"picked":"Shockwave","floor":3},{"not_picked":["True Grit","Sword Boomerang"],"picked":"Iron Wave","floor":4},{"not_picked":["Shrug It Off","Reckless Charge","Infernal Blade"],"picked":"SKIP","floor":6},{"not_picked":["Hemokinesis","Pommel Strike"],"picked":"Brutality","floor":11},{"not_picked":["Twin Strike","Sword Boomerang"],"picked":"Evolve","floor":14},{"not_picked":["Limit Break","Reaper"],"picked":"Impervious","floor":16},{"not_picked":["Headbutt","Body Slam"],"picked":"Blood for Blood","floor":18},{"not_picked":["Clash","Sentinel+1","Thunderclap"],"picked":"SKIP","floor":22},{"not_picked":["Havoc","Sword Boomerang"],"picked":"Ghostly Armor","floor":24},{"not_picked":["Burning Pact+1","Reckless Charge","Corruption"],"picked":"SKIP","floor":25},{"not_picked":["Fire Breathing","Body Slam"],"picked":"Carnage+1","floor":31},{"not_picked":["Dark Embrace","Limit Break"],"picked":"Double Tap","floor":33},{"not_picked":["Armaments","True Grit"],"picked":"Iron Wave","floor":35},{"not_picked":["Hemokinesis","Wild Strike"],"picked":"Ghostly Armor","floor":37},{"not_picked":["Warcry+1","Fire Breathing+1"],"picked":"Shrug It Off","floor":38},{"not_picked":["Feed","Cleave"],"picked":"Ghostly Armor+1","floor":39},{"not_picked":["Pommel Strike","Armaments"],"picked":"Blood for Blood+1","floor":41},{"not_picked":["Heavy Blade+1","Flex"],"picked":"Uppercut","floor":42},{"not_picked":["Perfected Strike+1","Sword Boomerang"],"picked":"Fiend Fire","floor":43},{"not_picked":["Flex+1","Corruption"],"picked":"Headbutt+1","floor":47},{"not_picked":["Clash+1","Sentinel"],"picked":"Clothesline","floor":48}],"player_experience":79980,"potions_floor_usage":[11,16,25,50,50],"damage_taken":[{"damage":6,"enemies":"Jaw Worm","floor":1,"turns":3},{"damage":9,"enemies":"2 Louse","floor":2,"turns":3},{"damage":7,"enemies":"Small Slimes","floor":3,"turns":5},{"damage":7,"enemies":"Blue Slaver","floor":4,"turns":4},{"damage":26,"enemies":"Lagavulin","floor":6,"turns":9},{"damage":27,"enemies":"The Mushroom Lair","floor":8,"turns":5},{"damage":21,"enemies":"Gremlin Nob","floor":11,"turns":5},{"damage":11,"enemies":"Looter","floor":14,"turns":2},{"damage":56,"enemies":"Hexaghost","floor":16,"turns":11},{"damage":9,"enemies":"Shell Parasite","floor":18,"turns":4},{"damage":0,"enemies":"Chosen","floor":22,"turns":4},{"damage":13,"enemies":"Gremlin Leader","floor":24,"turns":6},{"damage":8,"enemies":"Slaver and Parasite","floor":25,"turns":6},{"damage":3,"enemies":"Cultist and Chosen","floor":31,"turns":5},{"damage":23,"enemies":"Collector","floor":33,"turns":7},{"damage":24,"enemies":"Flame Bruiser 1 Orb","floor":35,"turns":5},{"damage":18,"enemies":"3 Darklings","floor":37,"turns":5},{"damage":12,"enemies":"Maw","floor":38,"turns":6},{"damage":14,"enemies":"Nemesis","floor":41,"turns":7},{"damage":20,"enemies":"Flame Bruiser 2 Orb","floor":42,"turns":6},{"damage":11,"enemies":"Sphere and 2 Shapes","floor":47,"turns":6},{"damage":14,"enemies":"4 Shapes","floor":48,"turns":6},{"damage":44,"enemies":"Donu and Deca","floor":50,"turns":9}],"event_choices":[{"event_name":"Scrap Ooze","player_choice":"success","floor":5,"damage_taken":18},{"event_name":"Mushrooms","player_choice":"Fought Mushrooms","floor":8,"damage_taken":0},{"event_name":"Wheel of Change","player_choice":"Full Heal","floor":12,"damage_taken":0},{"event_name":"Shining Light","player_choice":"Entered Light","floor":13,"damage_taken":0},{"event_name":"Golden Shrine","player_choice":"Pray","floor":20,"damage_taken":0},{"event_name":"Forgotten Altar","player_choice":"Shed Blood","floor":21,"damage_taken":0},{"event_name":"Purifier","player_choice":"One Purge","floor":28,"damage_taken":0},{"event_name":"Winding Halls","player_choice":"Embrace Madness","floor":36,"damage_taken":0},{"event_name":"Mysterious Sphere","player_choice":"Ignore","floor":45,"damage_taken":0}],"boss_relics":[{"not_picked":["Snecko Eye","Philosopher\u0027s Stone"],"picked":"Cursed Key"},{"not_picked":["Black Blood","Orrery"],"picked":"Lizard Tail"}],"potions_floor_spawned":[1,4,8,16,24,33,35,41,42],"seed_played":"4065916696860968214","ascension_level":0,"is_trial":false}