{"gold_per_floor":[113,126,142,317,49,81,81,119,144,156,193,221,273,303,315,446,458,495,521,533,505,27,27,40,63,87,131,31,69,17,38,38,158,158,179,179,179,240,253,253,253],"floor_reached":41,"playtime":2303,"items_purged":["Doubt","Sunder"],"score":591,"play_id":"db8cfe15-40a3-4003-8f7e-41379b0851ad","local_time":"20190826135236","is_ascension_mode":true,"campfire_choices":[{"data":"Defragment","floor":10.0,"key":"SMITH"},{"data":"Genetic Algorithm","floor":15.0,"key":"SMITH"},{"data":"Creative AI","floor":23.0,"key":"SMITH"},{"data":"Dualcast","floor":32.0,"key":"SMITH"},{"data":"Glacier","floor":40.0,"key":"SMITH"}],"neow_cost":"NONE","seed_source_timestamp":953401557339900,"circlet_count":0,"master_deck":["Zap","Dualcast+1","Rebound","Gash","Glacier","Defragment+1","Genetic Algorithm+1","Gash","Hologram","Hologram","Steam Power","Coolheaded","Creative AI+1","Reboot","Tempest","Gash","Steam","Static Discharge","Static Discharge","Heatsinks","Hologram","Go for the Eyes+1","Bite","Bite","Bite","Bite","Bite","Coolheaded+1","Multi-Cast","Conserve Battery","Glacier+1","Seek","Redo+1","Double Energy","Glacier"],"special_seed":0,"relics":["Cracked Core","PreservedInsect","Potion Belt","Golden Idol","Boot","MawBank","Odd Mushroom","Lantern","Pandora\u0027s Box","OrangePellets","Strawberry","Vajra","Centennial Puzzle","Bag of Marbles","Happy Flower","Coffee Dripper","Bottled Tornado","Dead Branch"],"potions_floor_usage":[],"damage_taken":[{"damage":7.0,"enemies":"Jaw Worm","floor":1.0,"turns":3.0},{"damage":8.0,"enemies":"2 Louse","floor":2.0,"turns":2.0},{"damage":0.0,"enemies":"Small Slimes","floor":3.0,"turns":2.0},{"damage":1.0,"enemies":"Lagavulin","floor":6.0,"turns":7.0},{"damage":20.0,"enemies":"Gremlin Nob","floor":8.0,"turns":5.0},{"damage":7.0,"enemies":"The Mushroom Lair","floor":11.0,"turns":4.0},{"damage":12.0,"enemies":"Exordium Wildlife","floor":12.0,"turns":6.0},{"damage":4.0,"enemies":"Lagavulin","floor":13.0,"turns":6.0},{"damage":8.0,"enemies":"Looter","floor":14.0,"turns":3.0},{"damage":15.0,"enemies":"Hexaghost","floor":16.0,"turns":13.0},{"damage":28.0,"enemies":"3 Byrds","floor":18.0,"turns":4.0},{"damage":28.0,"enemies":"Chosen","floor":19.0,"turns":4.0},{"damage":17.0,"enemies":"Snecko","floor":24.0,"turns":5.0},{"damage":1.0,"enemies":"Centurion and Healer","floor":25.0,"turns":8.0},{"damage":38.0,"enemies":"Slavers","floor":27.0,"turns":4.0},{"damage":8.0,"enemies":"Book of Stabbing","floor":29.0,"turns":4.0},{"damage":1.0,"enemies":"Cultist and Chosen","floor":31.0,"turns":8.0},{"damage":17.0,"enemies":"Automaton","floor":33.0,"turns":9.0},{"damage":12.0,"enemies":"Orb Walker","floor":35.0,"turns":5.0},{"damage":55.0,"enemies":"2 Orb Walkers","floor":38.0,"turns":7.0},{"damage":11.0,"enemies":"3 Shapes","floor":39.0,"turns":4.0},{"damage":25,"enemies":"Giant Head","floor":41,"turns":6}],"seed_played":"-496264773026851118","potions_obtained":[{"floor":2.0,"key":"Ancient Potion"},{"floor":8.0,"key":"Explosive Potion"},{"floor":11.0,"key":"FairyPotion"},{"floor":14.0,"key":"SkillPotion"},{"floor":18.0,"key":"AttackPotion"},{"floor":21.0,"key":"Energy Potion"},{"floor":21.0,"key":"Block Potion"},{"floor":21.0,"key":"FearPotion"},{"floor":24.0,"key":"Weak Potion"},{"floor":33.0,"key":"Weak Potion"}],"is_trial":false,"path_per_floor":["M","M","M","?","$","E","?","E","T","R","?","M","E","M","R","B",null,"M","M","?","?","$","R","M","M","T","E","$","E","$","M","R","B",null,"M","?","T","?","M","R","E"],"character_chosen":"DEFECT","items_purchased":["Defragment","PreservedInsect","OrangePellets","Strawberry","Vajra","Block Potion"],"campfire_rested":0,"item_purchase_floors":[5,5,22,22,22,30],"current_hp_per_floor":[75,67,67,67,67,66,66,46,46,46,39,27,23,15,15,7,76,48,20,20,20,27,27,16,31,31,5,5,5,5,22,22,15,60,53,53,53,10,9,9,0],"gold":253,"neow_bonus":"TEN_PERCENT_HP_BONUS","is_prod":false,"is_daily":false,"chose_seed":false,"campfire_upgraded":5,"win_rate":0,"timestamp":1566820356,"path_taken":["M","M","M","?","$","E","?","E","T","R","?","M","E","M","R","BOSS","M","M","?","?","$","R","?","M","T","E","$","E","?","M","R","BOSS","M","?","?","?","M","R","E"],"build_version":"2019-07-17","purchased_purges":2,"victory":false,"max_hp_per_floor":[82,82,82,82,82,82,76,76,76,76,76,76,76,76,76,76,76,76,76,53,53,60,60,60,60,60,60,60,60,60,60,60,60,60,60,60,60,60,60,60,60],"card_choices":[{"not_picked":["Streamline","Sweeping Beam"],"picked":"Rebound","floor":1.0},{"not_picked":["Sweeping Beam","Fission"],"picked":"Gash","floor":2.0},{"not_picked":["Go for the Eyes","Barrage"],"picked":"Glacier","floor":3.0},{"not_picked":["Gash","Recycle"],"picked":"Genetic Algorithm","floor":6.0},{"not_picked":["Cold Snap","Coolheaded"],"picked":"Gash","floor":8.0},{"not_picked":["Sweeping Beam","Auto Shields"],"picked":"Hologram","floor":11.0},{"not_picked":["Reprogram","Gash"],"picked":"Hologram","floor":12.0},{"not_picked":["Rainbow","Hello World"],"picked":"Steam Power","floor":13.0},{"not_picked":["Consume","Hologram"],"picked":"Coolheaded","floor":14.0},{"not_picked":["Echo Form","Multi-Cast"],"picked":"Creative AI","floor":16.0},{"not_picked":["Lockon","Compile Driver"],"picked":"Hologram","floor":18.0},{"not_picked":["Static Discharge","Consume"],"picked":"Go for the Eyes+1","floor":19.0},{"not_picked":["Barrage","Hologram"],"picked":"Coolheaded+1","floor":24.0},{"not_picked":["Double Energy","Steam"],"picked":"Multi-Cast","floor":25.0},{"not_picked":["Coolheaded","Turbo+1"],"picked":"Conserve Battery","floor":27.0},{"not_picked":["Ball Lightning","Multi-Cast","Compile Driver"],"picked":"SKIP","floor":29.0},{"not_picked":["Beam Cell+1","White Noise+1"],"picked":"Glacier","floor":31.0},{"not_picked":["Reboot","All For One"],"picked":"Seek","floor":33.0},{"not_picked":["Steam Power","Barrage+1"],"picked":"Redo+1","floor":35.0},{"not_picked":["Compile Driver+1","Ball Lightning"],"picked":"Double Energy","floor":38.0},{"not_picked":["Beam Cell+1","Redo"],"picked":"Glacier","floor":39.0}],"player_experience":211227,"relics_obtained":[{"floor":6.0,"key":"Potion Belt"},{"floor":8.0,"key":"Boot"},{"floor":9.0,"key":"MawBank"},{"floor":11.0,"key":"Odd Mushroom"},{"floor":13.0,"key":"Lantern"},{"floor":26.0,"key":"Centennial Puzzle"},{"floor":27.0,"key":"Bag of Marbles"},{"floor":29.0,"key":"Happy Flower"},{"floor":37.0,"key":"Bottled Tornado"},{"floor":38.0,"key":"Dead Branch"}],"event_choices":[{"damage_healed":0.0,"max_hp_gain":0.0,"max_hp_loss":0.0,"gold_gain":175.0,"event_name":"Liars Game","player_choice":"AGREE","floor":4.0,"gold_loss":0.0,"damage_taken":0.0,"cards_obtained":["Doubt"]},{"damage_healed":0.0,"max_hp_gain":0.0,"max_hp_loss":6.0,"gold_gain":0.0,"event_name":"Golden Idol","player_choice":"Lose Max HP","floor":7.0,"gold_loss":0.0,"damage_taken":0.0,"relics_obtained":["Golden Idol"]},{"damage_healed":0.0,"max_hp_gain":0.0,"max_hp_loss":0.0,"gold_gain":0.0,"event_name":"Mushrooms","player_choice":"Fought Mushrooms","floor":11.0,"gold_loss":0.0,"damage_taken":0.0},{"damage_healed":0.0,"max_hp_gain":0.0,"max_hp_loss":23.0,"gold_gain":0.0,"event_name":"Vampires","player_choice":"Became a vampire","floor":20.0,"gold_loss":0.0,"damage_taken":0.0,"cards_obtained":["Bite","Bite","Bite","Bite","Bite"]},{"damage_healed":0.0,"max_hp_gain":0.0,"max_hp_loss":0.0,"gold_gain":0.0,"event_name":"The Woman in Blue","player_choice":"Bought 3 Potions","floor":21.0,"gold_loss":0.0,"damage_taken":0.0},{"damage_healed":0.0,"max_hp_gain":0.0,"max_hp_loss":0.0,"gold_gain":0.0,"event_name":"Tomb of Lord Red Mask","player_choice":"Ignored","floor":36.0,"gold_loss":0.0,"damage_taken":0.0},{"damage_healed":0.0,"max_hp_gain":0.0,"max_hp_loss":0.0,"gold_gain":0.0,"event_name":"Mysterious Sphere","player_choice":"Fight","floor":38.0,"gold_loss":0.0,"damage_taken":0.0}],"is_beta":false,"boss_relics":[{"not_picked":["Ectoplasm","Orrery"],"picked":"Pandora\u0027s Box"},{"not_picked":["Nuclear Battery","Calling Bell"],"picked":"Coffee Dripper"}],"items_purged_floors":[5,28],"is_endless":false,"potions_floor_spawned":[2,8,11,14,18,24,33],"killed_by":"Giant Head","ascension_level":3}