{"path_per_floor":["M","M","M","$","?","E","R","E","T","?","M","E","$","M","R","B",null,"M","?","?","M","?","E","?","E","T","M","R","E","R","E","R","B",null,"M","?","$","M","?","E","R","?","T","$","E","M","?","$","R","B"],"character_chosen":"THE_SILENT","items_purchased":["Flash of Steel","Backstab","Dagger Throw+1","Malaise+1","Letter Opener","Infinite Blades+1","Sucker Punch+1","Dead Branch","Oddly Smooth Stone","Glass Knife+1","Deflect+1"],"gold_per_floor":[109,124,136,5,5,40,40,73,73,73,88,123,70,90,90,191,191,204,127,127,140,173,206,186,217,298,316,316,347,347,372,372,467,467,482,482,24,44,266,591,591,591,618,332,367,378,378,19,19,19],"floor_reached":51,"campfire_rested":2,"playtime":9196,"item_purchase_floors":[4,4,13,37,37,37,37,44,48,48,48],"current_hp_per_floor":[70,64,64,64,64,55,55,38,38,20,34,33,33,33,33,24,70,61,61,61,55,51,44,44,22,22,23,44,38,38,38,38,34,70,70,70,70,69,69,63,63,53,53,53,53,53,70,70,70,45],"items_purged":[],"gold":19,"score":922,"play_id":"c14c3ca8-6ac7-4f01-9ade-47f6f5e1170d","local_time":"20180526020834","is_prod":false,"is_daily":false,"chose_seed":false,"is_ascension_mode":false,"campfire_upgraded":5,"win_rate":0,"timestamp":1527314914,"campfire_choices":[{"data":"Glass Knife","floor":7,"key":"SMITH"},{"data":"Caltrops","floor":15,"key":"SMITH"},{"floor":28,"key":"REST"},{"data":"Survivor","floor":30,"key":"SMITH"},{"data":"Tactician","floor":32,"key":"SMITH"},{"data":"Flash of Steel","floor":41,"key":"SMITH"},{"floor":49,"key":"REST"}],"path_taken":["M","M","M","$","?","E","R","E","T","?","?","E","?","M","R","BOSS","M","?","?","M","?","E","?","E","T","?","R","E","R","E","R","BOSS","M","?","?","M","?","E","R","?","T","$","E","?","?","$","R","BOSS"],"build_version":"2018-05-24","seed_source_timestamp":511475740430397,"purchased_purges":0,"victory":true,"master_deck":["Defend_G","Defend_G","Defend_G","Defend_G","Defend_G","Strike_G","Strike_G","Strike_G","Strike_G","Survivor+1","Neutralize","Doubt","Glass Knife+1","Slice","Malaise","Tools of the Trade","Flash of Steel+1","PiercingWail","Dash","Underhanded Strike","Endless Agony+1","Underhanded Strike+1","Dagger Throw+1","Caltrops+1","Tactician+1","Infinite Blades+1","Dash+1","Flying Knee+1","Footwork+1","All Out Attack+1","Cloak And Dagger","Reflex+1","Prepared+1","Reflex+1","Phantasmal Killer+1","Prepared+1","Malaise+1","Infinite Blades+1","Sucker Punch+1","Malaise+1","Prepared+1","Flash of Steel+1","Panache+1","Jack Of All Trades+1","Flying Knee+1","Cloak And Dagger+1","Glass Knife+1","Deflect+1","Dodge and Roll+1"],"max_hp_per_floor":[70,70,70,70,70,70,70,70,70,70,70,70,70,70,70,70,70,70,70,70,70,70,70,70,70,70,70,70,70,70,70,70,70,70,70,70,70,70,70,70,70,70,70,70,70,70,70,70,70,70],"relics":["Ring of the Snake","Kunai","Bag of Preparation","Molten Egg 2","Lantern","Orichalcum","Black Star","Boot","Red Mask","Bottled Lightning","Frozen Egg 2","Dream Catcher","Potion Belt","Meat on the Bone","Toxic Egg 2","Tough Bandages","Bronze Scales","Omamori","Cursed Key","Letter Opener","Old Coin","Unceasing Top","Singing Bowl","Dead Branch","Vajra","Regal Pillow","Oddly Smooth Stone"],"card_choices":[{"not_picked":["Grand Finale","After Image"],"picked":"Glass Knife","floor":0},{"not_picked":["Malaise","Quick Slash"],"picked":"Slice","floor":1},{"not_picked":["Terror","Distraction"],"picked":"Malaise","floor":2},{"not_picked":["Prepared","Quick Slash"],"picked":"Tools of the Trade","floor":3},{"not_picked":["Cloak And Dagger","Underhanded Strike"],"picked":"Dash","floor":6},{"not_picked":["Phantasmal Killer","Prepared"],"picked":"Underhanded Strike","floor":8},{"not_picked":["Flechettes+1","Flying Knee+1"],"picked":"Endless Agony+1","floor":11},{"not_picked":["Dagger Spray+1","Heel Hook+1"],"picked":"Underhanded Strike+1","floor":12},{"not_picked":["Skewer+1","Catalyst"],"picked":"Caltrops","floor":14},{"not_picked":["Adrenaline","Tools of the Trade"],"picked":"Tactician","floor":16},{"not_picked":["Poisoned Stab+1","Prepared"],"picked":"Infinite Blades+1","floor":18},{"not_picked":["Acrobatics","Quick Slash+1"],"picked":"Dash+1","floor":21},{"not_picked":["Prepared","Quick Slash+1"],"picked":"Flying Knee+1","floor":22},{"not_picked":["Cloak And Dagger+1","Concentrate"],"picked":"Footwork","floor":23},{"not_picked":["Flying Knee+1","Bane+1"],"picked":"All Out Attack+1","floor":25},{"not_picked":["Dagger Spray+1","Poisoned Stab+1"],"picked":"Cloak And Dagger","floor":27},{"not_picked":["Flying Knee+1","Deadly Poison"],"picked":"Reflex+1","floor":28},{"not_picked":["Slice+1","Accuracy+1"],"picked":"Prepared","floor":29},{"not_picked":["Dodge and Roll+1","Predator+1"],"picked":"Reflex+1","floor":31},{"not_picked":["Storm of Steel+1","Tactician+1"],"picked":"Phantasmal Killer+1","floor":33},{"not_picked":["Skewer+1","Escape Plan+1"],"picked":"Prepared+1","floor":35},{"not_picked":["Dodge and Roll+1","Underhanded Strike+1"],"picked":"Malaise+1","floor":38},{"not_picked":["Outmaneuver+1","Accuracy+1"],"picked":"Prepared+1","floor":40},{"not_picked":["Dramatic Entrance","Master of Strategy"],"picked":"Flash of Steel","floor":42},{"not_picked":["Secret Technique","Mind Blast"],"picked":"Panache","floor":42},{"not_picked":["Swift Strike","Purity"],"picked":"Jack Of All Trades","floor":42},{"not_picked":["Sucker Punch+1","Riddle With Holes+1"],"picked":"Flying Knee+1","floor":45},{"not_picked":["Poisoned Stab+1","Quick Slash+1"],"picked":"Cloak And Dagger+1","floor":46},{"not_picked":["Skewer+1","Bouncing Flask+1"],"picked":"Dodge and Roll+1","floor":49}],"player_experience":181359,"potions_floor_usage":[8,11,21,25,25,27,38,40,50,50,50],"damage_taken":[{"damage":0,"enemies":"2 Louse","floor":1,"turns":3},{"damage":6,"enemies":"Jaw Worm","floor":2,"turns":4},{"damage":0,"enemies":"Cultist","floor":3,"turns":4},{"damage":9,"enemies":"3 Sentries","floor":6,"turns":9},{"damage":17,"enemies":"Gremlin Nob","floor":8,"turns":4},{"damage":0,"enemies":"2 Fungi Beasts","floor":11,"turns":5},{"damage":1,"enemies":"3 Sentries","floor":12,"turns":7},{"damage":0,"enemies":"Large Slime","floor":14,"turns":3},{"damage":9,"enemies":"Hexaghost","floor":16,"turns":9},{"damage":9,"enemies":"Shell Parasite","floor":18,"turns":4},{"damage":6,"enemies":"2 Thieves","floor":21,"turns":3},{"damage":4,"enemies":"Masked Bandits","floor":22,"turns":4},{"damage":7,"enemies":"Book of Stabbing","floor":23,"turns":5},{"damage":22,"enemies":"Gremlin Leader","floor":25,"turns":6},{"damage":11,"enemies":"Cultist and Chosen","floor":27,"turns":5},{"damage":18,"enemies":"Slavers","floor":29,"turns":5},{"damage":0,"enemies":"Gremlin Leader","floor":31,"turns":7},{"damage":16,"enemies":"Champ","floor":33,"turns":14},{"damage":0,"enemies":"Orb Walker","floor":35,"turns":3},{"damage":1,"enemies":"3 Shapes","floor":38,"turns":6},{"damage":6,"enemies":"Nemesis","floor":40,"turns":6},{"damage":0,"enemies":"Giant Head","floor":45,"turns":8},{"damage":0,"enemies":"Maw","floor":46,"turns":4},{"damage":29,"enemies":"Time Eater","floor":50,"turns":10}],"relics_obtained":[{"floor":6,"key":"Kunai"},{"floor":8,"key":"Bag of Preparation"},{"floor":9,"key":"Molten Egg 2"},{"floor":12,"key":"Orichalcum"},{"floor":22,"key":"Red Mask"},{"floor":23,"key":"Bottled Lightning"},{"floor":23,"key":"Frozen Egg 2"},{"floor":25,"key":"Dream Catcher"},{"floor":25,"key":"Potion Belt"},{"floor":26,"key":"Meat on the Bone"},{"floor":29,"key":"Toxic Egg 2"},{"floor":29,"key":"Tough Bandages"},{"floor":31,"key":"Bronze Scales"},{"floor":31,"key":"Omamori"},{"floor":40,"key":"Old Coin"},{"floor":40,"key":"Unceasing Top"},{"floor":43,"key":"Singing Bowl"},{"floor":45,"key":"Vajra"},{"floor":45,"key":"Regal Pillow"}],"event_choices":[{"event_name":"Living Wall","player_choice":"Change","floor":5,"damage_taken":0},{"event_name":"Scrap Ooze","player_choice":"success","floor":10,"damage_taken":18},{"event_name":"Drug Dealer","player_choice":"Got JAXXED","floor":19,"damage_taken":0},{"event_name":"Addict","player_choice":"Gave JAX","floor":20,"damage_taken":0},{"event_name":"Masked Bandits","player_choice":"Fought over 140 gold","floor":22,"damage_taken":0},{"event_name":"The Woman in Blue","player_choice":"Bought 1 Potion","floor":24,"damage_taken":0},{"event_name":"Tomb of Lord Red Mask","player_choice":"Wore Mask","floor":39,"damage_taken":0},{"event_name":"SensoryStone","player_choice":"Memory 3","floor":42,"damage_taken":0},{"event_name":"Winding Halls","player_choice":"Writhe","floor":47,"damage_taken":0}],"boss_relics":[{"not_picked":["Velvet Choker","Snecko Eye"],"picked":"Black Star"},{"not_picked":["Orrery","White Beast Statue"],"picked":"Cursed Key"}],"items_purged_floors":[],"potions_floor_spawned":[2,3,8,14,21,25,27,31,33,35,40],"seed_played":"-1433018121303200152","ascension_level":0,"potions_obtained":[{"floor":2,"key":"Regen Potion"},{"floor":3,"key":"GamblersBrew"},{"floor":8,"key":"Fire Potion"},{"floor":14,"key":"Strength Potion"},{"floor":21,"key":"Fire Potion"},{"floor":24,"key":"Weak Potion"},{"floor":25,"key":"Fire Potion"},{"floor":27,"key":"Block Potion"},{"floor":31,"key":"FairyPotion"},{"floor":33,"key":"Explosive Potion"},{"floor":35,"key":"Ancient Potion"},{"floor":40,"key":"Dexterity Potion"}],"is_trial":false}