{"path_per_floor":["M","T","M","M","?","R","E","R","T","R","M","M","?","$","R","B",null,"M","?","?","M","M","E","R","E","T","M","$","R","M","M","R","B",null,"M","M","?","M","$","R","M","M","T","R","?","?","?","M","R","B"],"character_chosen":"IRONCLAD","items_purchased":["Matryoshka","Pommel Strike","Shuriken","Happy Flower"],"gold_per_floor":[109,109,123,133,308,308,337,337,337,337,349,362,362,21,21,123,123,142,142,142,155,175,208,208,238,238,255,10,10,25,35,35,140,140,157,174,174,185,39,39,49,64,64,64,64,64,44,58,58,58],"floor_reached":51,"campfire_rested":4,"playtime":2709,"current_hp_per_floor":[75,75,80,80,80,80,61,61,61,61,67,70,67,67,67,52,80,64,64,64,62,42,36,36,29,29,34,34,34,37,34,61,49,90,74,71,71,54,54,81,69,58,58,85,85,74,74,63,90,15],"items_purged":["Doubt"],"gold":58,"score":780,"play_id":"a6e29535-f39a-4658-acf4-cfa17c4fec59","local_time":"20180324105224","is_prod":false,"is_daily":false,"is_ascension_mode":true,"campfire_upgraded":6,"timestamp":1521856344,"path_taken":["M","?","M","M","?","R","E","R","T","R","M","M","?","$","R","BOSS","M","?","?","M","M","E","R","E","T","?","$","R","M","M","R","BOSS","M","M","?","M","$","R","M","M","T","R","?","?","?","M","R","BOSS"],"build_version":"2018-03-22v2","purchased_purges":1,"victory":true,"master_deck":["Strike_R+1","Strike_R+1","Strike_R+1","Defend_R+1","Defend_R+1","Defend_R+1","Defend_R+1","Bash","Injury","Limit Break","Pommel Strike+1","Seeing Red","Rampage+1","Seeing Red+1","Shockwave","Rampage+1","Pommel Strike","Brutality","Shrug It Off+1","Twin Strike","Clothesline+1","Headbutt","Rupture","Rupture+1","Rupture","Limit Break","Warcry","Heavy Blade+1","Whirlwind","Iron Wave+1","Inflame+1","Anger","Madness","Madness","Uppercut"],"max_hp_per_floor":[80,80,80,80,80,80,80,80,80,80,80,80,80,80,80,80,80,80,80,80,80,80,90,90,90,90,90,90,90,90,90,90,90,90,90,90,90,90,90,90,90,90,90,90,90,90,90,90,90,90],"relics":["Burning Blood","Thread and Needle","Mercury Hourglass","Red Skull","Bag of Marbles","Matryoshka","Lizard Tail","Pear","Omamori","Oddly Smooth Stone","Du-Vu Doll","Shuriken","Sozu","Happy Flower","Frozen Egg 2","Torii"],"card_choices":[{"not_picked":["Feed","Brutality"],"picked":"Limit Break","floor":0},{"not_picked":["True Grit","Sentinel"],"picked":"Pommel Strike","floor":1},{"not_picked":["Evolve","Pommel Strike"],"picked":"Seeing Red","floor":3},{"not_picked":["Combust","Anger"],"picked":"Rampage","floor":4},{"not_picked":["Perfected Strike","Thunderclap"],"picked":"Seeing Red","floor":7},{"not_picked":["Clothesline","Pummel"],"picked":"Shockwave","floor":11},{"not_picked":["Combust","Shrug It Off"],"picked":"Rampage","floor":12},{"not_picked":["Dark Embrace","Impervious"],"picked":"Brutality","floor":16},{"not_picked":["Corruption","Sword Boomerang"],"picked":"Shrug It Off","floor":18},{"not_picked":["Dropkick","Shockwave"],"picked":"Twin Strike","floor":21},{"not_picked":["Warcry","Armaments"],"picked":"Clothesline","floor":22},{"not_picked":["Pommel Strike","Clothesline"],"picked":"Headbutt","floor":23},{"not_picked":["True Grit","Pummel"],"picked":"Rupture","floor":25},{"not_picked":["Body Slam","Dual Wield"],"picked":"Rupture","floor":27},{"not_picked":["Reckless Charge","Sever Soul"],"picked":"Rupture","floor":30},{"not_picked":["Impervious","Brutality"],"picked":"Limit Break","floor":33},{"not_picked":["True Grit","Wild Strike"],"picked":"Warcry","floor":35},{"not_picked":["Evolve","Wild Strike"],"picked":"Heavy Blade","floor":36},{"not_picked":["Clothesline","Uppercut"],"picked":"Whirlwind","floor":38},{"not_picked":["Armaments","Pommel Strike"],"picked":"Iron Wave","floor":41},{"not_picked":["Disarm","Perfected Strike"],"picked":"Inflame","floor":42},{"not_picked":["Demon Form","Blood for Blood"],"picked":"Uppercut","floor":48}],"player_experience":79594,"potions_floor_usage":[16,21,23,27,42,48,50],"damage_taken":[{"damage":11,"enemies":"Cultist","floor":1,"turns":4},{"damage":0,"enemies":"Small Slimes","floor":3,"turns":3},{"damage":2,"enemies":"2 Louse","floor":4,"turns":3},{"damage":25,"enemies":"Lagavulin","floor":7,"turns":9},{"damage":0,"enemies":"2 Fungi Beasts","floor":11,"turns":3},{"damage":3,"enemies":"Looter","floor":12,"turns":3},{"damage":21,"enemies":"Slime Boss","floor":16,"turns":6},{"damage":22,"enemies":"Spheric Guardian","floor":18,"turns":4},{"damage":8,"enemies":"2 Thieves","floor":21,"turns":3},{"damage":26,"enemies":"Snecko","floor":22,"turns":5},{"damage":22,"enemies":"Slavers","floor":23,"turns":5},{"damage":13,"enemies":"Book of Stabbing","floor":25,"turns":4},{"damage":1,"enemies":"Centurion and Healer","floor":27,"turns":3},{"damage":3,"enemies":"Chosen and Byrds","floor":30,"turns":4},{"damage":9,"enemies":"Snake Plant","floor":31,"turns":3},{"damage":100,"enemies":"Automaton","floor":33,"turns":8},{"damage":22,"enemies":"3 Shapes","floor":35,"turns":4},{"damage":9,"enemies":"Orb Walker","floor":36,"turns":3},{"damage":23,"enemies":"Sphere and 2 Shapes","floor":38,"turns":5},{"damage":18,"enemies":"3 Darklings","floor":41,"turns":6},{"damage":17,"enemies":"Maw","floor":42,"turns":6},{"damage":32,"enemies":"4 Shapes","floor":48,"turns":6},{"damage":81,"enemies":"Donu and Deca","floor":50,"turns":7}],"event_choices":[{"event_name":"Liars Game","player_choice":"agreed","floor":5,"damage_taken":0},{"event_name":"Scrap Ooze","player_choice":"success","floor":13,"damage_taken":3},{"event_name":"Vampires","player_choice":"Ignored","floor":19,"damage_taken":0},{"event_name":"Back to Basics","player_choice":"Simplicity","floor":20,"damage_taken":0},{"event_name":"Transmorgrifier","player_choice":"Transform","floor":45,"damage_taken":0},{"event_name":"Winding Halls","player_choice":"Embrace Madness","floor":46,"damage_taken":0},{"event_name":"The Woman in Blue","player_choice":"Bought 1 Potion","floor":47,"damage_taken":0}],"boss_relics":[{"not_picked":["Tiny House","Velvet Choker"],"picked":"Lizard Tail"},{"not_picked":["Eternal Feather","Pandora\u0027s Box"],"picked":"Sozu"}],"potions_floor_spawned":[4,7,11,16,18,23,25,33,36,38,42,48],"seed_played":"2940460921750618069","ascension_level":2,"is_trial":false}