{"path_per_floor":["M","M","?","?","M","E","R","M","T","E","M","M","$","M","R","B",null,"M","?","M","?","M","R","T","M","T","E","M","M","M","M","R","B",null,"M","M","M"],"character_chosen":"THE_SILENT","items_purchased":["Pen Nib","Blade Dance"],"gold_per_floor":[109,125,125,125,145,171,171,190,215,247,262,277,93,105,105,201,201,218,143,156,71,85,85,112,125,125,158,178,188,201,214,214,318,318,329,346,358],"floor_reached":38,"campfire_rested":3,"playtime":2932,"current_hp_per_floor":[64,62,44,37,37,18,45,39,39,35,32,22,22,22,51,9,70,64,64,64,64,32,42,42,37,37,24,23,17,7,4,52,2,70,55,48,12],"items_purged":[],"gold":358,"score":391,"play_id":"75bb2414-003f-435a-898f-ecbf26d90da4","is_prod":false,"is_daily":false,"is_ascension_mode":false,"campfire_upgraded":1,"path_taken":["M","M","?","?","M","E","R","M","T","E","M","?","$","M","R","BOSS","M","?","M","?","M","R","?","?","T","E","M","M","M","M","R","BOSS","M","M","?","M"],"build_version":"2018-02-22-PROD2","purchased_purges":0,"victory":false,"master_deck":["Survivor","Neutralize","Prepared","Infinite Blades","Dagger Spray","Dagger Throw+1","Dagger Spray+1","Infinite Blades","Choke+1","Flying Knee+1","Blade Dance+1","Dagger Throw+1","Dash+1","Doppelganger","Sucker Punch+1","Prepared","Underhanded Strike+1","Dagger Spray+1","Blade Dance","Leg Sweep","Dodge and Roll","Slice+1","Cloak And Dagger","Acrobatics+1","Slice+1","Outmaneuver","Glass Knife+1","Slice+1","Sucker Punch+1","Malaise+1","Heel Hook+1","Poisoned Stab+1","A Thousand Cuts","Backflip","Cloak And Dagger+1"],"max_hp_per_floor":[70,70,70,70,70,70,70,70,70,70,70,70,70,70,70,70,70,70,70,70,70,70,70,70,70,70,70,70,70,70,70,70,70,70,70,70,70],"relics":["Eternal Feather","Darkstone Periapt","Molten Egg 2","Orichalcum","Dream Catcher","Pen Nib","Pandora\u0027s Box","Ornamental Fan","Art of War","Lantern","Regal Pillow","Black Star"],"card_choices":[{"not_picked":["Skewer","PiercingWail"],"picked":"Prepared"},{"not_picked":["Masterful Stab","Underhanded Strike"],"picked":"Infinite Blades"},{"not_picked":["Outmaneuver","Prepared"],"picked":"Dagger Spray"},{"not_picked":["Corpse Explosion","Endless Agony"],"picked":"Dagger Throw"},{"not_picked":["Backflip","Outmaneuver"],"picked":"Dagger Spray"},{"not_picked":["Tools of the Trade","Deflect"],"picked":"Infinite Blades"},{"not_picked":["Sucker Punch","Outmaneuver"],"picked":"Choke"},{"not_picked":["Dash","Slice"],"picked":"Flying Knee"},{"not_picked":["Noxious Fumes","Bane"],"picked":"Dagger Throw"},{"not_picked":["Backflip","PiercingWail"],"picked":"Dash"},{"not_picked":["Corpse Explosion","Wraith Form"],"picked":"Doppelganger"},{"not_picked":["Prepared","Skewer"],"picked":"Cloak And Dagger"},{"not_picked":["Deadly Poison","Quick Slash"],"picked":"Acrobatics"},{"not_picked":["Skewer","Masterful Stab"],"picked":"Slice"},{"not_picked":["Deflect","PiercingWail"],"picked":"Outmaneuver"},{"not_picked":["Expertise","Bane"],"picked":"Glass Knife"},{"not_picked":["Dagger Throw","Acrobatics"],"picked":"Slice"},{"not_picked":["Dagger Spray","Flying Knee"],"picked":"Sucker Punch"},{"not_picked":["Caltrops","Sucker Punch"],"picked":"Malaise"},{"not_picked":["PiercingWail","Poisoned Stab"],"picked":"Heel Hook"},{"not_picked":["Acrobatics","Blade Dance"],"picked":"Poisoned Stab"},{"not_picked":["After Image","Tools of the Trade"],"picked":"A Thousand Cuts"},{"not_picked":["Deflect","Dodge and Roll"],"picked":"Backflip"},{"not_picked":["Backstab","Catalyst"],"picked":"Cloak And Dagger"}],"player_experience":33373,"potions_floor_usage":[6,25,25,27,30,30,33,36],"damage_taken":[{"damage":6,"enemies":"Jaw Worm","floor":1,"turns":5},{"damage":2,"enemies":"2 Louse","floor":2,"turns":3},{"damage":0,"enemies":"Small Slimes","floor":5,"turns":5},{"damage":19,"enemies":"Gremlin Nob","floor":6,"turns":5},{"damage":6,"enemies":"Blue Slaver","floor":8,"turns":4},{"damage":4,"enemies":"3 Sentries","floor":10,"turns":4},{"damage":3,"enemies":"Looter","floor":11,"turns":3},{"damage":10,"enemies":"Gremlin Gang","floor":12,"turns":3},{"damage":0,"enemies":"Blue Slaver","floor":14,"turns":2},{"damage":42,"enemies":"The Guardian","floor":16,"turns":10},{"damage":6,"enemies":"2 Thieves","floor":18,"turns":4},{"damage":0,"enemies":"3 Byrds","floor":20,"turns":2},{"damage":32,"enemies":"Cultist and Chosen","floor":22,"turns":6},{"damage":5,"enemies":"Slaver and Parasite","floor":25,"turns":4},{"damage":13,"enemies":"Slavers","floor":27,"turns":4},{"damage":1,"enemies":"Snecko","floor":28,"turns":3},{"damage":6,"enemies":"Snake Plant","floor":29,"turns":3},{"damage":10,"enemies":"Slaver and Parasite","floor":30,"turns":5},{"damage":3,"enemies":"Snecko","floor":31,"turns":3},{"damage":50,"enemies":"Champ","floor":33,"turns":13},{"damage":15,"enemies":"3 Shapes","floor":35,"turns":5},{"damage":7,"enemies":"Orb Walker","floor":36,"turns":4},{"damage":36,"enemies":"3 Darklings","floor":37,"turns":5},{"damage":12,"enemies":"Maw","floor":38,"turns":6}],"event_choices":[{"event_name":"Scrap Ooze","player_choice":"success","floor":3,"damage_taken":18},{"event_name":"Golden Wing","player_choice":"Card Removal","floor":4,"damage_taken":0},{"event_name":"Beggar","player_choice":"Gave Gold","floor":19,"damage_taken":0},{"event_name":"Addict","player_choice":"Obtained Relic","floor":21,"damage_taken":0}],"boss_relics":[{"not_picked":["Tiny House","Lizard Tail"],"picked":"Pandora\u0027s Box"},{"not_picked":["Philosopher\u0027s Stone","Snecko Eye"],"picked":"Black Star"}],"potions_floor_spawned":[1,5,10,11,12,25,27,28,29,33,35],"seed_played":"-8443544256481487289","killed_by":"Maw","ascension_level":0,"is_trial":false}