{"gold_per_floor":[111,122,141,316,316,348,14,14,14,14,14,30,30,50,50,154,154,170,85,105,204,221,247,172,185,185,14,14,14,24,54,54,153,153,171,188,188,207,226,226,246,246,318,318,3,16,31,47,47,47],"floor_reached":51,"playtime":4186,"items_purged":["Corruption","Pain"],"score":714,"play_id":"6a040255-5a65-4a0d-a14f-8a32e9608866","local_time":"20190813120644","is_ascension_mode":false,"campfire_choices":[{"data":"Armaments","floor":8,"key":"SMITH"},{"data":"Inflame","floor":11,"key":"SMITH"},{"data":"Deep Breath","floor":15,"key":"SMITH"},{"data":"Double Tap","floor":29,"key":"SMITH"},{"data":"Burning Pact","floor":32,"key":"SMITH"},{"data":"Warcry","floor":40,"key":"SMITH"},{"floor":49,"key":"REST"}],"neow_cost":"NONE","seed_source_timestamp":326810993307700,"circlet_count":0,"master_deck":["Strike_R","Strike_R","Strike_R","Strike_R","Strike_R","Defend_R","Defend_R","Defend_R","Defend_R","Bash","Deep Breath+1","Headbutt","Armaments+1","Shrug It Off","Double Tap+1","Inflame+1","Anger+1","Sword Boomerang+1","Feed+1","Cleave+1","Pommel Strike+1","Warcry+1","Infernal Blade+1","Burning Pact+1","Dropkick+1","Warcry+1","Shrug It Off","Offering","Flex+1","Combust+1","Pain","Warcry+1","Feel No Pain+1","Sever Soul+1","Writhe","Berserk","Pommel Strike+1","Blood for Blood+1"],"relics":["Burning Blood","Thread and Needle","Vajra","Molten Egg 2","Odd Mushroom","Cursed Key","Gremlin Horn","Gambling Chip","Mummified Hand","MutagenicStrength","Lantern","Runic Cube","WarpedTongs","Mercury Hourglass","Ice Cream"],"potions_floor_usage":[16,33,50,50,50],"damage_taken":[{"damage":15,"enemies":"Jaw Worm","floor":1,"turns":4},{"damage":11,"enemies":"2 Louse","floor":2,"turns":3},{"damage":10,"enemies":"Cultist","floor":3,"turns":4},{"damage":29,"enemies":"3 Sentries","floor":6,"turns":10},{"damage":0,"enemies":"2 Fungi Beasts","floor":12,"turns":3},{"damage":11,"enemies":"The Mushroom Lair","floor":14,"turns":4},{"damage":16,"enemies":"Hexaghost","floor":16,"turns":8},{"damage":10,"enemies":"Shell Parasite","floor":18,"turns":4},{"damage":16,"enemies":"Spheric Guardian","floor":20,"turns":4},{"damage":6,"enemies":"Centurion and Healer","floor":22,"turns":4},{"damage":18,"enemies":"Slavers","floor":23,"turns":3},{"damage":0,"enemies":"Chosen and Byrds","floor":25,"turns":4},{"damage":0,"enemies":"Snake Plant","floor":30,"turns":2},{"damage":18,"enemies":"Gremlin Leader","floor":31,"turns":3},{"damage":49,"enemies":"Champ","floor":33,"turns":8},{"damage":0,"enemies":"3 Shapes","floor":35,"turns":1},{"damage":0,"enemies":"Orb Walker","floor":36,"turns":2},{"damage":30,"enemies":"Maw","floor":38,"turns":3},{"damage":2,"enemies":"3 Darklings","floor":39,"turns":3},{"damage":52,"enemies":"Writhing Mass","floor":41,"turns":4},{"damage":6,"enemies":"Jaw Worm Horde","floor":46,"turns":1},{"damage":8,"enemies":"Spire Growth","floor":47,"turns":3},{"damage":29,"enemies":"4 Shapes","floor":48,"turns":1},{"damage":50,"enemies":"Donu and Deca","floor":50,"turns":6}],"seed_played":"3600535543971001897","potions_obtained":[{"floor":6,"key":"AttackPotion"},{"floor":12,"key":"AttackPotion"},{"floor":16,"key":"Strength Potion"},{"floor":18,"key":"Energy Potion"},{"floor":33,"key":"SpeedPotion"},{"floor":38,"key":"Energy Potion"},{"floor":41,"key":"Regen Potion"}],"is_trial":false,"path_per_floor":["M","M","M","?","?","E","$","R","T","?","R","M","$","?","R","B",null,"M","?","M","?","M","E","$","M","T","$","?","R","M","E","R","B",null,"M","M","?","M","M","R","M","?","T","?","$","M","M","M","R","B",null],"character_chosen":"IRONCLAD","items_purchased":["Vajra","Double Tap","Inflame","Dropkick+1","Ice Cream"],"campfire_rested":1,"item_purchase_floors":[7,7,7,27,45],"current_hp_per_floor":[71,66,62,62,55,32,32,32,32,37,37,43,43,38,38,28,85,81,81,75,75,79,71,71,77,77,77,77,77,83,75,75,32,101,105,105,105,81,85,85,39,65,65,65,65,69,67,44,76,47],"gold":47,"neow_bonus":"RANDOM_COLORLESS","is_prod":false,"is_daily":false,"chose_seed":false,"campfire_upgraded":6,"win_rate":0.0,"timestamp":1565690804,"path_taken":["M","M","M","?","?","E","$","R","T","?","R","?","?","?","R","BOSS","M","?","M","?","M","E","?","?","T","$","?","R","M","E","R","BOSS","M","M","?","?","M","R","M","?","T","?","$","M","M","M","R","BOSS"],"build_version":"2019-07-17","purchased_purges":2,"victory":true,"max_hp_per_floor":[80,80,80,80,80,80,80,80,80,85,85,85,85,85,85,85,85,85,85,89,89,93,97,97,97,97,97,97,97,97,101,101,101,101,105,105,105,105,105,105,105,105,105,105,105,109,109,109,109,109],"card_choices":[{"not_picked":["Pommel Strike","True Grit"],"picked":"Headbutt","floor":1},{"not_picked":["Shockwave","Cleave"],"picked":"Armaments","floor":2},{"not_picked":["Rupture","Shockwave"],"picked":"Corruption","floor":3},{"not_picked":["Brutality","Pommel Strike"],"picked":"Shrug It Off","floor":6},{"not_picked":["Disarm","Twin Strike+1"],"picked":"Anger+1","floor":12},{"not_picked":["Anger+1","Flex"],"picked":"Sword Boomerang+1","floor":14},{"not_picked":["Fiend Fire+1","Limit Break"],"picked":"Feed+1","floor":16},{"not_picked":["Flex","Inflame"],"picked":"Cleave+1","floor":18},{"not_picked":["Perfected Strike+1","Flex"],"picked":"Pommel Strike+1","floor":20},{"not_picked":["Clothesline+1","Pummel+1"],"picked":"Warcry+1","floor":22},{"not_picked":["Pommel Strike+1","Wild Strike+1"],"picked":"Infernal Blade+1","floor":23},{"not_picked":["Flex","Sword Boomerang+1"],"picked":"Burning Pact","floor":25},{"not_picked":["Seeing Red","Uppercut+1"],"picked":"Warcry","floor":30},{"not_picked":["Iron Wave+1","Body Slam+1"],"picked":"Shrug It Off","floor":31},{"not_picked":["Dark Embrace","Feed+1"],"picked":"Offering","floor":33},{"not_picked":["Shrug It Off+1","Headbutt+1"],"picked":"Flex+1","floor":35},{"not_picked":["Bloodletting+1","Body Slam+1"],"picked":"Combust+1","floor":36},{"not_picked":["Anger+1","Flex+1"],"picked":"Warcry+1","floor":38},{"not_picked":["Anger+1","Dual Wield+1"],"picked":"Feel No Pain+1","floor":39},{"not_picked":["Clothesline+1","Flex+1"],"picked":"Sever Soul+1","floor":41},{"not_picked":["Twin Strike+1","Shrug It Off"],"picked":"Berserk","floor":46},{"not_picked":["Headbutt+1","Flex"],"picked":"Pommel Strike+1","floor":47},{"not_picked":["Wild Strike+1","Sever Soul+1"],"picked":"Blood for Blood+1","floor":48}],"player_experience":27221,"relics_obtained":[{"floor":6,"key":"Thread and Needle"},{"floor":9,"key":"Molten Egg 2"},{"floor":14,"key":"Odd Mushroom"},{"floor":23,"key":"Gambling Chip"},{"floor":26,"key":"Mummified Hand"},{"floor":31,"key":"Lantern"},{"floor":43,"key":"Mercury Hourglass"}],"event_choices":[{"damage_healed":0,"gold_gain":175,"player_choice":"AGREE","damage_taken":0,"max_hp_gain":0,"max_hp_loss":0,"event_name":"Liars Game","floor":4,"gold_loss":0,"cards_obtained":["Doubt"]},{"cards_removed":["Doubt"],"damage_healed":0,"gold_gain":0,"player_choice":"Card Removal","damage_taken":7,"max_hp_gain":0,"max_hp_loss":0,"event_name":"Golden Wing","floor":5,"gold_loss":0},{"damage_healed":0,"gold_gain":0,"player_choice":"Donut","damage_taken":0,"max_hp_gain":5,"max_hp_loss":0,"event_name":"Big Fish","floor":10,"gold_loss":0},{"damage_healed":0,"gold_gain":0,"player_choice":"Fought Mushrooms","damage_taken":0,"max_hp_gain":0,"max_hp_loss":0,"event_name":"Mushrooms","floor":14,"gold_loss":0},{"damage_healed":0,"gold_gain":0,"player_choice":"Obtained Relic","damage_taken":0,"relics_obtained":["Gremlin Horn"],"max_hp_gain":0,"max_hp_loss":0,"event_name":"Addict","floor":19,"gold_loss":85},{"damage_healed":0,"gold_gain":99,"player_choice":"Stole From Cult","damage_taken":0,"max_hp_gain":0,"max_hp_loss":0,"event_name":"Nest","floor":21,"gold_loss":0},{"damage_healed":0,"gold_gain":0,"player_choice":"Inject Mutagens","damage_taken":0,"relics_obtained":["MutagenicStrength"],"max_hp_gain":0,"max_hp_loss":0,"event_name":"Drug Dealer","floor":28,"gold_loss":0},{"damage_healed":0,"gold_gain":0,"player_choice":"Rummage","damage_taken":0,"relics_obtained":["WarpedTongs"],"max_hp_gain":0,"max_hp_loss":0,"event_name":"Accursed Blacksmith","floor":37,"gold_loss":0,"cards_obtained":["Pain"]},{"damage_healed":26,"gold_gain":0,"player_choice":"Writhe","damage_taken":0,"max_hp_gain":0,"max_hp_loss":0,"event_name":"Winding Halls","floor":42,"gold_loss":0,"cards_obtained":["Writhe"]},{"cards_removed":["Normality"],"damage_healed":0,"gold_gain":0,"player_choice":"Purged","damage_taken":0,"max_hp_gain":0,"max_hp_loss":0,"event_name":"Purifier","floor":44,"gold_loss":0}],"is_beta":false,"boss_relics":[{"not_picked":["Coffee Dripper","Busted Crown"],"picked":"Cursed Key"},{"not_picked":["Eternal Feather","Astrolabe"],"picked":"Runic Cube"}],"items_purged_floors":[24,27],"is_endless":false,"potions_floor_spawned":[6,12,16,18,30,33,35,36,38,41,48],"ascension_level":0}