{"gold_per_floor":[117,134,154,168,180,215,215,227,227,239,296,296,26,39,39,134,134,148,159,179,179,47,73,90,90,90,107,139,139,139,42,42,139,139,154,14,0,14,14,14,41,41,68,96,96,111,111,129,129,129,129,129,51,77,77],"floor_reached":55,"playtime":4577,"items_purged":["Strike_G","Catalyst","Strike_G"],"score":856,"play_id":"fd061c8f-2d15-4a27-b0d0-6a260934b476","local_time":"20190825190917","is_ascension_mode":true,"campfire_choices":[{"data":"Footwork","floor":7.0,"key":"SMITH"},{"data":"Terror","floor":12.0,"key":"SMITH"},{"data":"Deflect","floor":15.0,"key":"SMITH"},{"data":"Apotheosis","floor":25.0,"key":"SMITH"},{"data":"Adrenaline","floor":29.0,"key":"SMITH"},{"data":"Backstab","floor":32.0,"key":"SMITH"},{"data":"Reflex","floor":40.0,"key":"SMITH"},{"data":"Doppelganger","floor":45.0,"key":"SMITH"},{"floor":47.0,"key":"RECALL"},{"data":"Survivor","floor":49.0,"key":"SMITH"},{"data":"PiercingWail","floor":52.0,"key":"SMITH"}],"neow_cost":"NONE","seed_source_timestamp":883449170322900,"circlet_count":0,"master_deck":["Strike_G","Defend_G","Defend_G","Defend_G","Defend_G","Defend_G","Survivor+1","Neutralize","Footwork+1","Backstab+1","Sucker Punch","Unload","Backflip","Unload","Underhanded Strike","Reflex+1","Terror+1","Deflect+1","Dagger Throw","Adrenaline+1","Quick Slash+1","Outmaneuver","Apotheosis+1","Distraction+1","Corpse Explosion","Dodge and Roll","Doppelganger+1","PiercingWail+1","Crippling Poison+1"],"special_seed":0,"relics":["Ring of the Snake","NeowsBlessing","Bottled Tornado","Lantern","Blue Candle","Membership Card","Coffee Dripper","Dream Catcher","Gremlin Horn","Nilry\u0027s Codex","Toy Ornithopter","HoveringKite","Potion Belt","Red Mask","Bag of Preparation","Anchor","Ancient Tea Set","Vajra","Dead Branch"],"potions_floor_usage":[],"damage_taken":[{"damage":0.0,"enemies":"Cultist","floor":1.0,"turns":1.0},{"damage":0.0,"enemies":"Small Slimes","floor":2.0,"turns":1.0},{"damage":0.0,"enemies":"2 Louse","floor":3.0,"turns":1.0},{"damage":6.0,"enemies":"Large Slime","floor":4.0,"turns":9.0},{"damage":0.0,"enemies":"Blue Slaver","floor":5.0,"turns":4.0},{"damage":21.0,"enemies":"Gremlin Nob","floor":6.0,"turns":4.0},{"damage":1.0,"enemies":"Exordium Wildlife","floor":8.0,"turns":4.0},{"damage":14.0,"enemies":"Gremlin Gang","floor":10.0,"turns":4.0},{"damage":19.0,"enemies":"3 Sentries","floor":11.0,"turns":6.0},{"damage":0.0,"enemies":"2 Fungi Beasts","floor":14.0,"turns":2.0},{"damage":6.0,"enemies":"Hexaghost","floor":16.0,"turns":9.0},{"damage":3.0,"enemies":"Spheric Guardian","floor":18.0,"turns":3.0},{"damage":9.0,"enemies":"Chosen","floor":19.0,"turns":4.0},{"damage":4.0,"enemies":"Snake Plant","floor":20.0,"turns":4.0},{"damage":4.0,"enemies":"Book of Stabbing","floor":23.0,"turns":4.0},{"damage":0.0,"enemies":"Chosen and Byrds","floor":24.0,"turns":4.0},{"damage":0.0,"enemies":"Cultist and Chosen","floor":27.0,"turns":5.0},{"damage":7.0,"enemies":"Gremlin Leader","floor":28.0,"turns":6.0},{"damage":16.0,"enemies":"Automaton","floor":33.0,"turns":19.0},{"damage":18.0,"enemies":"3 Darklings","floor":35.0,"turns":4.0},{"damage":0.0,"enemies":"3 Shapes","floor":38.0,"turns":4.0},{"damage":46.0,"enemies":"Giant Head","floor":41.0,"turns":11.0},{"damage":6.0,"enemies":"Nemesis","floor":44.0,"turns":8.0},{"damage":0.0,"enemies":"3 Darklings","floor":46.0,"turns":3.0},{"damage":4.0,"enemies":"Sphere and 2 Shapes","floor":48.0,"turns":6.0},{"damage":31.0,"enemies":"Awakened One","floor":50.0,"turns":19.0},{"damage":41.0,"enemies":"Shield and Spear","floor":54.0,"turns":4.0},{"damage":29,"enemies":"The Heart","floor":55,"turns":3}],"seed_played":"-6054006529861224310","potions_obtained":[{"floor":1.0,"key":"SpeedPotion"},{"floor":2.0,"key":"FearPotion"},{"floor":3.0,"key":"SpeedPotion"},{"floor":6.0,"key":"SpeedPotion"},{"floor":11.0,"key":"GhostInAJar"},{"floor":20.0,"key":"Energy Potion"},{"floor":33.0,"key":"SkillPotion"},{"floor":38.0,"key":"EntropicBrew"},{"floor":44.0,"key":"Poison Potion"},{"floor":54.0,"key":"Energy Potion"}],"is_trial":false,"path_per_floor":["M","M","M","M","M","E","R","M","T","M","?","R","$","M","R","B",null,"M","M","M","?","$","E","M","R","T","M","E","R","?","$","R","B",null,"M","$","?","M","?","R","E","$","T","E","R","M","R","M","R","B",null,"R","$","E","B"],"character_chosen":"THE_SILENT","items_purchased":["Membership Card","Deflect","Apotheosis","Toy Ornithopter","Potion Belt","Vajra"],"campfire_rested":0,"item_purchase_floors":[13,13,22,31,36,53],"current_hp_per_floor":[70,70,70,64,64,43,43,42,42,28,9,9,9,9,9,3,70,67,58,54,54,54,50,50,50,50,50,43,43,27,27,27,21,70,57,57,57,57,57,57,21,21,21,15,15,20,20,16,16,5,70,70,70,29,0],"gold":77,"neow_bonus":"THREE_ENEMY_KILL","is_prod":false,"is_daily":false,"chose_seed":false,"campfire_upgraded":10,"win_rate":0,"timestamp":1566752957,"path_taken":["M","?","M","?","M","E","R","M","T","M","?","R","$","M","R","BOSS","M","M","M","?","$","E","M","R","T","M","E","R","?","$","R","BOSS","M","$","?","M","?","R","E","?","T","E","R","?","R","M","R","BOSS","R","$","E","BOSS"],"build_version":"2019-07-17","purchased_purges":3,"victory":false,"max_hp_per_floor":[70,70,70,70,70,70,70,70,70,70,70,70,70,70,70,70,70,70,70,70,70,70,70,70,70,70,70,70,70,70,70,70,70,70,70,70,70,70,70,70,70,70,70,70,70,70,70,70,70,70,70,70,70,70,70],"card_choices":[{"not_picked":["Expertise","Riddle With Holes"],"picked":"Footwork","floor":1.0},{"not_picked":["Concentrate","Outmaneuver"],"picked":"Backstab","floor":2.0},{"not_picked":["Cloak And Dagger","Underhanded Strike"],"picked":"Sucker Punch","floor":3.0},{"not_picked":["Distraction","Prepared"],"picked":"Unload","floor":4.0},{"not_picked":["Skewer","Cloak And Dagger"],"picked":"Backflip","floor":5.0},{"not_picked":["Backstab","Bouncing Flask"],"picked":"Unload","floor":6.0},{"not_picked":["Blade Dance","Quick Slash"],"picked":"Underhanded Strike","floor":8.0},{"not_picked":["Infinite Blades","Flechettes"],"picked":"Reflex","floor":10.0},{"not_picked":["Outmaneuver","Quick Slash"],"picked":"Terror","floor":11.0},{"not_picked":["Deflect","Phantasmal Killer"],"picked":"Dagger Throw","floor":14.0},{"not_picked":["Burst","Malaise"],"picked":"Adrenaline","floor":16.0},{"not_picked":["Cloak And Dagger","Poisoned Stab"],"picked":"Sucker Punch+1","floor":18.0},{"not_picked":["Deadly Poison","Crippling Poison","Underhanded Strike"],"picked":"SKIP","floor":19.0},{"not_picked":["Underhanded Strike","Masterful Stab+1"],"picked":"Quick Slash+1","floor":20.0},{"not_picked":["Crippling Poison","Catalyst+1"],"picked":"Distraction+1","floor":23.0},{"not_picked":["Endless Agony","Slice","Reflex"],"picked":"SKIP","floor":24.0},{"not_picked":["Flechettes","Endless Agony","Backflip"],"picked":"SKIP","floor":27.0},{"not_picked":["Catalyst","Terror","Predator"],"picked":"SKIP","floor":28.0},{"not_picked":["A Thousand Cuts","Grand Finale"],"picked":"Corpse Explosion","floor":33.0},{"not_picked":["Dagger Throw+1","Sucker Punch","Underhanded Strike+1"],"picked":"SKIP","floor":35.0},{"not_picked":["Dagger Spray+1","Finisher"],"picked":"Dodge and Roll","floor":38.0},{"not_picked":["Tactician","Bane+1"],"picked":"Doppelganger","floor":41.0},{"not_picked":["Tactician+1","Sucker Punch","Deflect+1"],"picked":"SKIP","floor":44.0},{"not_picked":["Dagger Throw+1","Sucker Punch"],"picked":"PiercingWail","floor":46.0},{"not_picked":["Outmaneuver+1","Slice+1","Setup+1"],"picked":"SKIP","floor":48.0},{"not_picked":["A Thousand Cuts","Bane"],"picked":"Crippling Poison+1","floor":54.0}],"player_experience":198930,"relics_obtained":[{"floor":6.0,"key":"Bottled Tornado"},{"floor":9.0,"key":"Lantern"},{"floor":11.0,"key":"Blue Candle"},{"floor":23.0,"key":"Dream Catcher"},{"floor":28.0,"key":"Gremlin Horn"},{"floor":30.0,"key":"Nilry\u0027s Codex"},{"floor":41.0,"key":"Bag of Preparation"},{"floor":43.0,"key":"Anchor"},{"floor":44.0,"key":"Ancient Tea Set"},{"floor":54.0,"key":"Dead Branch"}],"event_choices":[{"damage_healed":0.0,"max_hp_gain":0.0,"max_hp_loss":0.0,"gold_gain":0.0,"event_name":"Dead Adventurer","player_choice":"Searched \u00272\u0027 times","floor":11.0,"gold_loss":0.0,"damage_taken":0.0},{"damage_healed":0.0,"max_hp_gain":0.0,"max_hp_loss":0.0,"gold_gain":0.0,"cards_transformed":["Strike_G","Strike_G"],"event_name":"Drug Dealer","player_choice":"Became Test Subject","floor":21.0,"gold_loss":0.0,"damage_taken":0.0,"cards_obtained":["Catalyst","Outmaneuver"]},{"damage_healed":0.0,"max_hp_gain":0.0,"max_hp_loss":0.0,"gold_gain":0.0,"event_name":"Cursed Tome","player_choice":"Obtained Book","floor":30.0,"gold_loss":0.0,"damage_taken":16.0},{"damage_healed":0.0,"max_hp_gain":0.0,"max_hp_loss":0.0,"gold_gain":0.0,"event_name":"Tomb of Lord Red Mask","player_choice":"Paid","floor":37.0,"gold_loss":14.0,"damage_taken":0.0,"relics_obtained":["Red Mask"]},{"cards_removed":["Sucker Punch"],"damage_healed":0.0,"max_hp_gain":0.0,"max_hp_loss":0.0,"gold_gain":0.0,"event_name":"Falling","player_choice":"Removed Attack","floor":39.0,"gold_loss":0.0,"damage_taken":0.0}],"is_beta":false,"boss_relics":[{"not_picked":["Runic Dome","Fusion Hammer"],"picked":"Coffee Dripper"},{"not_picked":["Calling Bell","Snecko Eye"],"picked":"HoveringKite"}],"items_purged_floors":[13,22,36],"is_endless":false,"potions_floor_spawned":[1,2,3,6,11,20,24,33,38,44,54],"killed_by":"The Heart","ascension_level":3}