{"gold_per_floor":[116,132,145,161,161,204,230,268,349,368,392,392,416,451,451,581,581,604,625,724,744,240,240],"floor_reached":23,"playtime":1614,"items_purged":["Strike_R"],"score":215,"play_id":"96433728-e5b2-4bd4-a17a-7d4192776423","local_time":"20181102044120","is_ascension_mode":false,"campfire_choices":[{"data":"Demon Form","floor":12.0,"key":"SMITH"},{"data":"Juggernaut","floor":15.0,"key":"SMITH"}],"neow_cost":"PERCENT_DAMAGE","seed_source_timestamp":0,"circlet_count":0,"master_deck":["Strike_R","Strike_R","Strike_R","Strike_R","Defend_R","Defend_R","Defend_R","Defend_R","Bash","Spot Weakness","Twin Strike","Flame Barrier","Iron Wave","Twin Strike","Demon Form+1","Shrug It Off","Shrug It Off+1","Twin Strike","Rage+1","Juggernaut+1","Juggernaut","Iron Wave","Heavy Blade","Whirlwind","Demon Form+1","Madness","Shrug It Off","Warcry","Thunderclap"],"special_seed":0,"relics":["Burning Blood","Gambling Chip","Golden Idol","Juzu Bracelet","Odd Mushroom","Champion Belt","Dodecahedron","War Paint","Philosopher\u0027s Stone","DollysMirror"],"potions_floor_usage":[],"damage_taken":[{"damage":2.0,"enemies":"Jaw Worm","floor":1.0,"turns":6.0},{"damage":3.0,"enemies":"Small Slimes","floor":2.0,"turns":4.0},{"damage":3.0,"enemies":"2 Louse","floor":3.0,"turns":4.0},{"damage":4.0,"enemies":"Blue Slaver","floor":4.0,"turns":4.0},{"damage":8.0,"enemies":"Gremlin Nob","floor":6.0,"turns":4.0},{"damage":18.0,"enemies":"The Mushroom Lair","floor":7.0,"turns":4.0},{"damage":25.0,"enemies":"3 Sentries","floor":8.0,"turns":9.0},{"damage":6.0,"enemies":"Red Slaver","floor":10.0,"turns":4.0},{"damage":0.0,"enemies":"2 Fungi Beasts","floor":11.0,"turns":5.0},{"damage":0.0,"enemies":"Gremlin Gang","floor":13.0,"turns":5.0},{"damage":7.0,"enemies":"Lagavulin","floor":14.0,"turns":7.0},{"damage":32.0,"enemies":"The Guardian","floor":16.0,"turns":9.0},{"damage":12.0,"enemies":"Spheric Guardian","floor":18.0,"turns":4.0},{"damage":14.0,"enemies":"Chosen","floor":19.0,"turns":4.0},{"damage":21.0,"enemies":"Centurion and Healer","floor":21.0,"turns":5.0},{"damage":49,"enemies":"Slavers","floor":23,"turns":4}],"seed_played":"6650270656843594093","potions_obtained":[{"floor":1.0,"key":"Block Potion"},{"floor":2.0,"key":"Weak Potion"},{"floor":3.0,"key":"SpeedPotion"},{"floor":10.0,"key":"Regen Potion"},{"floor":14.0,"key":"SkillPotion"}],"is_trial":false,"path_per_floor":["M","M","M","M","?","E","?","E","T","M","M","R","M","E","R","B",null,"M","M","?","M","$","E"],"character_chosen":"IRONCLAD","items_purchased":["DollysMirror","Madness","Shrug It Off","Warcry","Thunderclap"],"campfire_rested":0,"item_purchase_floors":[22,22,22,22,22],"current_hp_per_floor":[60,63,66,68,48,46,34,15,15,15,35,35,41,40,40,14,80,74,66,66,51,51,2],"gold":240,"neow_bonus":"ONE_RARE_RELIC","is_prod":false,"is_daily":false,"chose_seed":false,"campfire_upgraded":2,"win_rate":0,"timestamp":1541148080,"path_taken":["M","M","M","M","?","E","?","E","T","M","M","R","M","E","R","BOSS","M","M","?","M","$","E"],"build_version":"2018-11-01v2","purchased_purges":1,"victory":false,"max_hp_per_floor":[80,80,80,80,80,80,80,80,80,80,80,80,80,80,80,80,80,80,80,80,80,80,80],"card_choices":[{"not_picked":["Shrug It Off","Anger"],"picked":"Spot Weakness","floor":1.0},{"not_picked":["Shrug It Off","True Grit"],"picked":"Twin Strike","floor":2.0},{"not_picked":["Havoc","Thunderclap"],"picked":"Flame Barrier","floor":3.0},{"not_picked":["Cleave","Havoc"],"picked":"Iron Wave","floor":4.0},{"not_picked":["Shockwave","Flex"],"picked":"Twin Strike","floor":6.0},{"not_picked":["Sword Boomerang","Warcry"],"picked":"Demon Form","floor":7.0},{"not_picked":["Cleave","Havoc"],"picked":"Shrug It Off","floor":8.0},{"not_picked":["Clash","Anger"],"picked":"Shrug It Off","floor":10.0},{"not_picked":["Headbutt","Wild Strike"],"picked":"Twin Strike","floor":11.0},{"not_picked":["Searing Blow","Pommel Strike"],"picked":"Rage","floor":13.0},{"not_picked":["Twin Strike","Cleave"],"picked":"Juggernaut","floor":14.0},{"not_picked":["Immolate","Barricade"],"picked":"Juggernaut","floor":16.0},{"not_picked":["Heavy Blade","Whirlwind"],"picked":"Iron Wave","floor":18.0},{"not_picked":["Flex+1","Shrug It Off"],"picked":"Heavy Blade","floor":19.0},{"not_picked":["Fire Breathing","Flex"],"picked":"Whirlwind","floor":21.0}],"player_experience":122807,"relics_obtained":[{"floor":6.0,"key":"Juzu Bracelet"},{"floor":7.0,"key":"Odd Mushroom"},{"floor":8.0,"key":"Champion Belt"},{"floor":9.0,"key":"Dodecahedron"},{"floor":14.0,"key":"War Paint"}],"event_choices":[{"damage_healed":0.0,"max_hp_gain":0.0,"max_hp_loss":0.0,"gold_gain":0.0,"event_name":"Golden Idol","player_choice":"Take Damage","floor":5.0,"gold_loss":0.0,"damage_taken":20.0,"relics_obtained":["Golden Idol"]},{"damage_healed":0.0,"max_hp_gain":0.0,"max_hp_loss":0.0,"gold_gain":0.0,"event_name":"Mushrooms","player_choice":"Fought Mushrooms","floor":7.0,"gold_loss":0.0,"damage_taken":0.0},{"damage_healed":0.0,"max_hp_gain":0.0,"max_hp_loss":0.0,"gold_gain":99.0,"event_name":"Nest","player_choice":"Stole From Cult","floor":20.0,"gold_loss":0.0,"damage_taken":0.0}],"is_beta":true,"boss_relics":[{"not_picked":["Astrolabe","Ectoplasm"],"picked":"Philosopher\u0027s Stone"}],"items_purged_floors":[22],"is_endless":false,"potions_floor_spawned":[1,2,3,10,14],"killed_by":"Slavers","ascension_level":0}