{"gold_per_floor":[115,126,73,90,40,67,41,41,41,18,18,34,47,47,47,47],"floor_reached":16,"playtime":362,"items_purged":[],"score":138,"play_id":"0a8bd0b4-6995-435b-bd2b-9e68a5ae600f","local_time":"20190606165055","is_ascension_mode":true,"campfire_choices":[{"floor":8,"key":"REST"},{"floor":15,"key":"REST"}],"neow_cost":"NONE","seed_source_timestamp":1396034696289800,"circlet_count":0,"master_deck":["Strike_B","Strike_B","Strike_B","Defend_B","Defend_B","Defend_B","Defend_B","Zap","Dualcast","Conserve Battery","Compile Driver","Cold Snap","Genetic Algorithm","Conserve Battery","Gash"],"relics":["Cracked Core","NeowsBlessing","Blue Candle","Matryoshka"],"potions_floor_usage":[6,16],"damage_taken":[{"damage":0,"enemies":"Small Slimes","floor":1,"turns":1},{"damage":0,"enemies":"2 Louse","floor":2,"turns":1},{"damage":0,"enemies":"Cultist","floor":4,"turns":1},{"damage":43,"enemies":"Gremlin Nob","floor":6,"turns":5},{"damage":19,"enemies":"Exordium Thugs","floor":7,"turns":5},{"damage":21,"enemies":"Lots of Slimes","floor":12,"turns":5},{"damage":0,"enemies":"Blue Slaver","floor":13,"turns":4},{"damage":29,"enemies":"The Guardian","floor":16,"turns":10}],"seed_played":"4612229940822595945","potions_obtained":[{"floor":4,"key":"EssenceOfSteel"},{"floor":6,"key":"AttackPotion"},{"floor":11,"key":"Weak Potion"},{"floor":11,"key":"Ancient Potion"}],"is_trial":false,"path_per_floor":["M","M","$","M","?","E","M","R","T","?","?","M","M","$","R","B"],"character_chosen":"DEFECT","items_purchased":["Cold Snap"],"campfire_rested":2,"item_purchase_floors":[3],"current_hp_per_floor":[68,68,68,68,68,25,6,28,28,28,28,7,7,7,29,0],"gold":47,"neow_bonus":"THREE_ENEMY_KILL","is_prod":false,"is_daily":false,"chose_seed":false,"campfire_upgraded":0,"win_rate":0,"timestamp":1559836255,"path_taken":["M","M","$","M","?","E","M","R","T","?","?","M","?","?","R","BOSS"],"build_version":"2019-01-23","purchased_purges":0,"victory":false,"max_hp_per_floor":[75,75,75,75,75,75,75,75,75,75,75,75,75,75,75,75],"card_choices":[{"not_picked":["Hologram","Leap"],"picked":"Conserve Battery","floor":1},{"not_picked":["Leap","Hello World"],"picked":"Compile Driver","floor":2},{"not_picked":["Heatsinks","Aggregate","Redo"],"picked":"SKIP","floor":4},{"not_picked":["Sweeping Beam","Turbo"],"picked":"Genetic Algorithm","floor":6},{"not_picked":["Undo","Reprogram"],"picked":"Conserve Battery","floor":7},{"not_picked":["Tempest","Fusion"],"picked":"Gash","floor":12},{"not_picked":["Sweeping Beam","Turbo","Redo"],"picked":"SKIP","floor":13}],"player_experience":133260,"relics_obtained":[{"floor":6,"key":"Blue Candle"},{"floor":9,"key":"Matryoshka"}],"event_choices":[{"cards_removed":["Strike_B"],"damage_healed":0,"gold_gain":0,"player_choice":"Card Removal","damage_taken":0,"max_hp_gain":0,"max_hp_loss":0,"event_name":"The Cleric","floor":5,"gold_loss":50},{"damage_healed":0,"gold_gain":0,"player_choice":"Left Gold","damage_taken":0,"max_hp_gain":0,"max_hp_loss":0,"event_name":"World of Goop","floor":10,"gold_loss":23},{"damage_healed":0,"gold_gain":0,"player_choice":"Got Potions","damage_taken":0,"max_hp_gain":0,"max_hp_loss":0,"event_name":"Lab","floor":11,"gold_loss":0}],"is_beta":false,"boss_relics":[],"items_purged_floors":[],"is_endless":false,"potions_floor_spawned":[4,6,12],"killed_by":"The Guardian","ascension_level":7}