{"gold_per_floor":[112,131,142,142,107,107,24,39,112,112,37,51,69,69,69,145,145,164,2,2,0,15,15,15,15,40,50,50,50,50,50],"floor_reached":31,"playtime":848,"items_purged":["Regret"],"score":401,"play_id":"8af3c771-d462-4f0e-8e72-d7ecb803cb72","local_time":"20190920215354","is_ascension_mode":true,"campfire_choices":[{"floor":6,"key":"REST"},{"data":"Static Discharge","floor":10,"key":"SMITH"},{"floor":15,"key":"REST"},{"data":"Dualcast","floor":23,"key":"SMITH"},{"data":"Biased Cognition","floor":25,"key":"SMITH"},{"data":"Ball Lightning","floor":29,"key":"SMITH"}],"neow_cost":"NONE","seed_source_timestamp":190016776876552,"circlet_count":0,"master_deck":["AscendersBane","Strike_B+1","Strike_B+1","Strike_B+1","Strike_B+1","Defend_B+1","Defend_B+1","Defend_B+1","Defend_B+1","Zap","Dualcast+1","Ball Lightning","Leap","Ball Lightning+1","Static Discharge+1","Streamline+1","Cold Snap","Biased Cognition+1","Thunder Strike","Conserve Battery+1","Defragment+1","Writhe"],"relics":["Cursed Key","Toy Ornithopter","Eternal Feather","SlaversCollar","Lee\u0027s Waffle","Art of War"],"potions_floor_usage":[16,16],"damage_taken":[{"damage":2,"enemies":"Jaw Worm","floor":1,"turns":3},{"damage":3,"enemies":"2 Louse","floor":2,"turns":2},{"damage":6,"enemies":"Cultist","floor":3,"turns":3},{"damage":0,"enemies":"Large Slime","floor":8,"turns":5},{"damage":11,"enemies":"Blue Slaver","floor":12,"turns":3},{"damage":27,"enemies":"Exordium Wildlife","floor":13,"turns":3},{"damage":28,"enemies":"Slime Boss","floor":16,"turns":7},{"damage":28,"enemies":"2 Thieves","floor":18,"turns":3},{"damage":16,"enemies":"Shell Parasite","floor":22,"turns":3},{"damage":35,"enemies":"Shelled Parasite and Fungi","floor":27,"turns":4},{"damage":65,"enemies":"Slavers","floor":31,"turns":3}],"seed_played":"1503695575133883904","potions_obtained":[{"floor":3,"key":"PotionOfCapacity"},{"floor":8,"key":"Explosive Potion"},{"floor":18,"key":"SteroidPotion"},{"floor":22,"key":"SpeedPotion"}],"is_trial":false,"path_per_floor":["M","M","M","?","?","R","$","M","T","R","$","M","M","?","R","B",null,"M","$","?","?","M","R","$","R","T","M","$","R","?","E"],"character_chosen":"DEFECT","items_purchased":["Static Discharge","Lee\u0027s Waffle"],"campfire_rested":2,"item_purchase_floors":[7,19],"current_hp_per_floor":[62,59,53,18,35,56,56,56,56,65,65,54,27,27,57,39,63,35,78,78,78,62,74,74,78,78,43,43,55,55,0],"gold":50,"neow_bonus":"BOSS_RELIC","is_prod":false,"is_daily":false,"chose_seed":false,"campfire_upgraded":4,"win_rate":0,"timestamp":1569030834,"path_taken":["M","M","M","?","?","R","$","M","T","R","$","M","M","?","R","BOSS","M","$","?","?","M","R","?","R","T","?","?","R","?","E"],"build_version":"2019-09-20","purchased_purges":1,"victory":false,"max_hp_per_floor":[71,71,71,71,71,71,71,71,71,71,71,71,71,71,71,71,71,71,78,78,78,78,78,78,78,78,78,78,78,78,78],"card_choices":[{"not_picked":["Turbo","Steam"],"picked":"Ball Lightning","floor":1},{"not_picked":["Auto Shields","Redo"],"picked":"Leap","floor":2},{"not_picked":["Gash","Hologram"],"picked":"Ball Lightning","floor":3},{"not_picked":["Leap","Gash"],"picked":"Streamline","floor":8},{"not_picked":["Barrage","Sweeping Beam"],"picked":"Cold Snap","floor":12},{"not_picked":["Darkness","Turbo"],"picked":"Biased Cognition","floor":13},{"not_picked":["Meteor Strike","Biased Cognition"],"picked":"Thunder Strike","floor":16},{"not_picked":["Streamline","FTL"],"picked":"Conserve Battery+1","floor":18},{"not_picked":["Ball Lightning","Stack"],"picked":"Defragment+1","floor":22},{"not_picked":["Barrage","Heatsinks","Sweeping Beam"],"picked":"SKIP","floor":27}],"player_experience":614023,"relics_obtained":[{"floor":9,"key":"Eternal Feather"},{"floor":26,"key":"Art of War"}],"event_choices":[{"damage_healed":0,"gold_gain":0,"player_choice":"Success","damage_taken":35,"relics_obtained":["Toy Ornithopter"],"max_hp_gain":0,"max_hp_loss":0,"event_name":"Scrap Ooze","floor":4,"gold_loss":0},{"damage_healed":17,"gold_gain":0,"player_choice":"Healed","damage_taken":0,"max_hp_gain":0,"max_hp_loss":0,"event_name":"The Cleric","floor":5,"gold_loss":35},{"damage_healed":0,"gold_gain":0,"player_choice":"Grow","damage_taken":0,"max_hp_gain":0,"max_hp_loss":0,"event_name":"Living Wall","floor":14,"gold_loss":0,"cards_upgraded":["Streamline"]},{"damage_healed":0,"gold_gain":0,"player_choice":"Ignored","damage_taken":0,"max_hp_gain":0,"max_hp_loss":0,"event_name":"Ghosts","floor":20,"gold_loss":0},{"damage_healed":0,"gold_gain":0,"player_choice":"Paid Fearfully","damage_taken":0,"max_hp_gain":0,"max_hp_loss":0,"event_name":"Masked Bandits","floor":21,"gold_loss":2},{"damage_healed":0,"gold_gain":0,"player_choice":"Simplicity","damage_taken":0,"max_hp_gain":0,"max_hp_loss":0,"event_name":"Back to Basics","floor":30,"gold_loss":0,"cards_upgraded":["Strike_B","Strike_B","Strike_B","Strike_B","Defend_B","Defend_B","Defend_B","Defend_B"]}],"is_beta":true,"boss_relics":[{"not_picked":["Tiny House","SacredBark"],"picked":"SlaversCollar"}],"items_purged_floors":[11],"is_endless":false,"potions_floor_spawned":[3,8,13,18,22],"killed_by":"Slavers","ascension_level":16}