{"gold_per_floor":[109,109,159,173,173,203,217,227,276,276,276,276,276,315,315,414,414,438,438,438,457,480,480,516,535,560,445,468,468,511,128,128,222,222,243,159,182,182,243,243,368,402,448,479,479,32,32,51,51,51],"floor_reached":51,"playtime":2977,"items_purged":["Strike_B","Hyperbeam"],"score":1414,"play_id":"37a02199-1ec6-44c8-838d-2c4e24db2d41","local_time":"20190924183246","is_ascension_mode":true,"campfire_choices":[{"data":"Defragment","floor":11.0,"key":"SMITH"},{"data":"Redo","floor":13.0,"key":"SMITH"},{"data":"Chaos","floor":15.0,"key":"SMITH"},{"floor":23.0,"key":"REST"},{"floor":32.0,"key":"REST"},{"data":"Defragment","floor":40,"key":"SMITH"},{"data":"Seek","floor":45,"key":"SMITH"},{"data":"Seek","floor":47,"key":"SMITH"},{"data":"Consume","floor":49,"key":"SMITH"}],"neow_cost":"NONE","seed_source_timestamp":0,"circlet_count":0,"master_deck":["AscendersBane","Zap","Dualcast","BootSequence","Chill","Cold Snap+1","Reboot","Defragment+1","Glacier","Redo+1","Ball Lightning","Chaos+1","Seek+1","Consume+1","Sunder+1","Go for the Eyes+1","Undo","Seek+1","Self Repair","Double Energy","Electrodynamics","White Noise","Machine Learning","Reboot","Self Repair","BootSequence","Machine Learning","Chill","Defragment+1","Conserve Battery","Doom and Gloom","Cold Snap","Tempest+1","Consume+1","Secret Technique","Stack+1","Core Surge"],"special_seed":0,"relics":["Runic Dome","Gremlin Horn","Omamori","Golden Idol","Toy Ornithopter","Runic Pyramid","Pocketwatch","DataDisk","WarpedTongs","Bronze Scales","Runic Capacitor","Whetstone","Pandora\u0027s Box","Ginger","Prayer Wheel","White Beast Statue","Bag of Marbles","Centennial Puzzle","Lee\u0027s Waffle"],"potions_floor_usage":[50,50],"damage_taken":[{"damage":7.0,"enemies":"Small Slimes","floor":1.0,"turns":4.0},{"damage":1.0,"enemies":"Cultist","floor":4.0,"turns":4.0},{"damage":16.0,"enemies":"Lagavulin","floor":6.0,"turns":7.0},{"damage":0.0,"enemies":"2 Louse","floor":7.0,"turns":3.0},{"damage":0.0,"enemies":"Red Slaver","floor":8.0,"turns":5.0},{"damage":0.0,"enemies":"3 Sentries","floor":14.0,"turns":6.0},{"damage":14.0,"enemies":"The Guardian","floor":16.0,"turns":14.0},{"damage":0.0,"enemies":"3 Byrds","floor":18.0,"turns":5.0},{"damage":14.0,"enemies":"2 Thieves","floor":21.0,"turns":4.0},{"damage":4.0,"enemies":"Centurion and Healer","floor":22.0,"turns":5.0},{"damage":24.0,"enemies":"Slavers","floor":24.0,"turns":7.0},{"damage":22.0,"enemies":"Snecko","floor":25.0,"turns":8.0},{"damage":20.0,"enemies":"Chosen and Byrds","floor":28.0,"turns":8.0},{"damage":30.0,"enemies":"Book of Stabbing","floor":30.0,"turns":6.0},{"damage":17.0,"enemies":"Collector","floor":33.0,"turns":12.0},{"damage":28,"enemies":"3 Darklings","floor":35,"turns":3},{"damage":6,"enemies":"3 Shapes","floor":37,"turns":4},{"damage":17,"enemies":"2 Orb Walkers","floor":39,"turns":5},{"damage":0,"enemies":"Mind Bloom Boss Battle","floor":41,"turns":4},{"damage":4,"enemies":"Reptomancer","floor":42,"turns":6},{"damage":32,"enemies":"Nemesis","floor":44,"turns":8},{"damage":6,"enemies":"Jaw Worm Horde","floor":48,"turns":2},{"damage":9,"enemies":"Time Eater","floor":50,"turns":8}],"seed_played":"7961592315974065903","potions_obtained":[{"floor":1.0,"key":"Energy Potion"},{"floor":6.0,"key":"EssenceOfSteel"},{"floor":22.0,"key":"Regen Potion"},{"floor":30.0,"key":"Block Potion"},{"floor":39,"key":"Energy Potion"},{"floor":44,"key":"Ancient Potion"},{"floor":48,"key":"PowerPotion"}],"is_trial":false,"path_per_floor":["M","$","?","M","?","E","M","M","T","?","R","?","R","E","R","B",null,"M","?","?","M","M","R","E","M","T","$","M","?","E","$","R","B",null,"M","$","M","?","?","R","?","E","T","E","R","$","R","M","R","B",null],"character_chosen":"DEFECT","items_purchased":["Self Repair","Runic Capacitor","Whetstone","AttackPotion","Defragment","Lee\u0027s Waffle","Secret Technique"],"campfire_rested":2,"item_purchase_floors":[27,31,31,31,36,46,46],"current_hp_per_floor":[57,57,57,56,56,40,40,40,40,40,40,63,63,63,63,49,66,66,66,66,52,48,69,45,43,43,43,30,30,15,15,36,34,62,44,44,52,52,42,42,49,55,55,40,40,78,78,78,78,78],"gold":51,"neow_bonus":"BOSS_RELIC","is_prod":false,"is_daily":false,"chose_seed":false,"campfire_upgraded":7,"win_rate":0,"timestamp":1569364366,"path_taken":["M","$","?","?","?","E","?","M","T","?","R","?","R","E","R","BOSS","M","?","?","M","M","R","E","?","T","$","M","?","E","$","R","BOSS","M","$","M","?","?","R","?","E","T","E","R","$","R","M","R","BOSS"],"build_version":"2019-09-24","purchased_purges":2,"victory":true,"max_hp_per_floor":[71,71,71,71,71,71,71,71,71,71,71,71,71,71,71,71,71,71,71,71,71,71,71,71,71,71,71,71,71,71,71,71,71,71,71,71,71,71,71,71,71,71,71,71,71,78,78,78,78,78],"card_choices":[{"not_picked":["Chill","Barrage"],"picked":"BootSequence","floor":1.0},{"not_picked":["Coolheaded","Gash"],"picked":"Chill","floor":4.0},{"not_picked":["Streamline","Barrage"],"picked":"Glacier","floor":6.0},{"not_picked":["Conserve Battery","Leap"],"picked":"Redo","floor":7.0},{"not_picked":["Streamline","Coolheaded"],"picked":"Ball Lightning","floor":8.0},{"not_picked":["Recycle","Stack"],"picked":"Chaos","floor":14.0},{"not_picked":["Rainbow","Thunder Strike"],"picked":"Seek","floor":16.0},{"not_picked":["Gash","Beam Cell"],"picked":"Rebound","floor":18.0},{"not_picked":["Leap","Rebound"],"picked":"Go for the Eyes+1","floor":21.0},{"not_picked":["Lockon","Steam"],"picked":"Undo","floor":22.0},{"not_picked":["Force Field","Rip and Tear"],"picked":"Seek","floor":24.0},{"not_picked":["Beam Cell","Fusion","Gash"],"picked":"SKIP","floor":25.0},{"not_picked":["Stack","Tempest","Go for the Eyes"],"picked":"SKIP","floor":28.0},{"not_picked":["Steam Power","Genetic Algorithm"],"picked":"Double Energy","floor":30.0},{"not_picked":["Thunder Strike","Machine Learning"],"picked":"Electrodynamics","floor":33.0},{"not_picked":["Rebound","Sweeping Beam"],"picked":"Chill","floor":35},{"not_picked":["Barrage","Cold Snap"],"picked":"Conserve Battery","floor":37},{"not_picked":["Blizzard","Sunder+1"],"picked":"Doom and Gloom","floor":39},{"not_picked":["Rebound+1","Force Field+1"],"picked":"Cold Snap","floor":41},{"not_picked":["Gash","Force Field"],"picked":"Tempest+1","floor":42},{"not_picked":["Leap","Doom and Gloom"],"picked":"Consume+1","floor":44},{"not_picked":["Cold Snap","Streamline+1"],"picked":"Stack+1","floor":48},{"not_picked":["Melter","Gash"],"picked":"Core Surge","floor":48}],"player_experience":677383,"relics_obtained":[{"floor":6.0,"key":"Gremlin Horn"},{"floor":9.0,"key":"Omamori"},{"floor":14.0,"key":"Toy Ornithopter"},{"floor":24.0,"key":"Pocketwatch"},{"floor":26.0,"key":"DataDisk"},{"floor":30.0,"key":"Bronze Scales"},{"floor":39,"key":"Ginger"},{"floor":41,"key":"Prayer Wheel"},{"floor":42,"key":"White Beast Statue"},{"floor":43,"key":"Bag of Marbles"},{"floor":44,"key":"Centennial Puzzle"}],"event_choices":[{"damage_healed":0.0,"max_hp_gain":0.0,"max_hp_loss":0.0,"gold_gain":50.0,"event_name":"Golden Shrine","player_choice":"Pray","floor":3.0,"gold_loss":0.0,"damage_taken":0.0},{"damage_healed":0.0,"max_hp_gain":0.0,"max_hp_loss":0.0,"gold_gain":0.0,"event_name":"Match and Keep!","player_choice":"3 cards matched","floor":5.0,"gold_loss":0.0,"damage_taken":0.0,"cards_obtained":["Cold Snap","Reboot","Defragment"]},{"damage_healed":0.0,"max_hp_gain":0.0,"max_hp_loss":0.0,"gold_gain":0.0,"event_name":"Golden Idol","player_choice":"Take Wound","floor":10.0,"gold_loss":0.0,"damage_taken":0.0,"relics_obtained":["Golden Idol"],"cards_obtained":["Injury"]},{"damage_healed":23.0,"max_hp_gain":0.0,"max_hp_loss":0.0,"gold_gain":0.0,"event_name":"Big Fish","player_choice":"Banana","floor":12.0,"gold_loss":0.0,"damage_taken":0.0},{"damage_healed":0.0,"max_hp_gain":0.0,"max_hp_loss":0.0,"gold_gain":0.0,"event_name":"The Library","player_choice":"Read","floor":19.0,"gold_loss":0.0,"damage_taken":0.0,"cards_obtained":["Consume"]},{"damage_healed":0.0,"max_hp_gain":0.0,"max_hp_loss":0.0,"gold_gain":0.0,"event_name":"Match and Keep!","player_choice":"1 cards matched","floor":20.0,"gold_loss":0.0,"damage_taken":0.0,"cards_obtained":["Sunder"]},{"damage_healed":0.0,"max_hp_gain":0.0,"max_hp_loss":0.0,"gold_gain":0.0,"event_name":"Accursed Blacksmith","player_choice":"Rummage","floor":29.0,"gold_loss":0.0,"damage_taken":0.0,"relics_obtained":["WarpedTongs"],"cards_obtained":["Pain"]},{"cards_removed":["Rebound"],"damage_healed":0,"gold_gain":0,"player_choice":"Removed Attack","damage_taken":0,"max_hp_gain":0,"max_hp_loss":0,"event_name":"Falling","floor":38,"gold_loss":0},{"damage_healed":0,"gold_gain":0,"player_choice":"Fight","damage_taken":0,"max_hp_gain":0,"max_hp_loss":0,"event_name":"Mysterious Sphere","floor":39,"gold_loss":0},{"damage_healed":0,"gold_gain":0,"player_choice":"Fight","damage_taken":0,"max_hp_gain":0,"max_hp_loss":0,"event_name":"MindBloom","floor":41,"gold_loss":0}],"is_beta":true,"boss_relics":[{"not_picked":["Tiny House","Snecko Eye"],"picked":"Runic Pyramid"},{"not_picked":["Empty Cage","Coffee Dripper"],"picked":"Pandora\u0027s Box"}],"items_purged_floors":[27,46],"is_endless":false,"potions_floor_spawned":[1,6,8,21,22,30,39,44,48],"ascension_level":17}