{"gold_per_floor":[116,127,138,313,301,301,301,301,328,328,346,45,62,82,82,184,184,198,198,297,7,24,24,51,51,51,84,0,0,18,33,33,135,135,148,148,160,179,22,348,348,378,402,402],"floor_reached":44,"playtime":2029,"items_purged":["Doubt"],"score":574,"play_id":"466a4f83-0c0a-4d3c-b9a3-b9f35d72e8df","local_time":"20190425133512","is_ascension_mode":true,"campfire_choices":[{"data":"White Noise","floor":6.0,"key":"SMITH"},{"data":"Hologram","floor":8.0,"key":"SMITH"},{"data":"Consume","floor":10.0,"key":"SMITH"},{"data":"White Noise","floor":15.0,"key":"SMITH"},{"data":"Hologram","floor":23.0,"key":"SMITH"},{"data":"Coolheaded","floor":25.0,"key":"SMITH"},{"floor":29.0,"key":"REST"},{"floor":32.0,"key":"REST"},{"floor":41.0,"key":"REST"}],"neow_cost":"NONE","seed_source_timestamp":1003087305874200,"circlet_count":0,"master_deck":["Strike_B","Strike_B","Defend_B","Defend_B","Defend_B+1","Defend_B+1","Zap+1","Dualcast","White Noise+1","Coolheaded+1","Consume+1","Hologram+1","Heatsinks","Hologram+1","White Noise+1","Creative AI+1","Defragment+1","Undo","Force Field","Steam+1","Writhe","Force Field+1","Echo Form+1","BootSequence","Defragment+1","Self Repair+1","Writhe"],"special_seed":0,"relics":["White Beast Statue","Happy Flower","Frozen Egg 2","Cursed Key","StoneCalendar","Pen Nib","Bottled Tornado","War Paint","Sozu","Old Coin","Mango"],"potions_floor_usage":[44],"damage_taken":[{"damage":1.0,"enemies":"Cultist","floor":1.0,"turns":4.0},{"damage":3.0,"enemies":"Jaw Worm","floor":2.0,"turns":4.0},{"damage":11.0,"enemies":"Small Slimes","floor":3.0,"turns":6.0},{"damage":15.0,"enemies":"Exordium Thugs","floor":5.0,"turns":4.0},{"damage":3.0,"enemies":"Looter","floor":11.0,"turns":3.0},{"damage":0.0,"enemies":"Large Slime","floor":13.0,"turns":4.0},{"damage":6.0,"enemies":"3 Louse","floor":14.0,"turns":6.0},{"damage":4.0,"enemies":"The Guardian","floor":16.0,"turns":15.0},{"damage":11.0,"enemies":"Spheric Guardian","floor":18.0,"turns":6.0},{"damage":10.0,"enemies":"Shell Parasite","floor":22.0,"turns":4.0},{"damage":20.0,"enemies":"Gremlin Leader","floor":24.0,"turns":7.0},{"damage":28.0,"enemies":"Slavers","floor":27.0,"turns":5.0},{"damage":20.0,"enemies":"Snake Plant","floor":30.0,"turns":4.0},{"damage":7.0,"enemies":"Snecko","floor":31.0,"turns":7.0},{"damage":1.0,"enemies":"Collector","floor":33.0,"turns":7.0},{"damage":21.0,"enemies":"3 Darklings","floor":35.0,"turns":6.0},{"damage":5.0,"enemies":"3 Shapes","floor":37.0,"turns":6.0},{"damage":18.0,"enemies":"Writhing Mass","floor":38.0,"turns":8.0},{"damage":0.0,"enemies":"Giant Head","floor":40.0,"turns":8.0},{"damage":8.0,"enemies":"Nemesis","floor":42.0,"turns":7.0},{"damage":73,"enemies":"Reptomancer","floor":44,"turns":2}],"seed_played":"-7408879820308502639","potions_obtained":[{"floor":1.0,"key":"SkillPotion"},{"floor":2.0,"key":"FearPotion"},{"floor":3.0,"key":"Ancient Potion"},{"floor":5.0,"key":"Fire Potion"},{"floor":16.0,"key":"SkillPotion"},{"floor":24.0,"key":"PowerPotion"},{"floor":27.0,"key":"PowerPotion"},{"floor":30.0,"key":"Block Potion"},{"floor":33.0,"key":"GamblersBrew"}],"is_trial":false,"path_per_floor":["M","M","M","?","M","R","?","R","T","R","M","$","M","M","R","B",null,"M","?","?","$","M","R","E","R","T","E","?","R","M","M","R","B",null,"M","?","M","M","$","E","R","E","T","E"],"character_chosen":"DEFECT","items_purchased":["Frozen Egg 2","Hologram","StoneCalendar","Defragment+1"],"campfire_rested":3,"item_purchase_floors":[12,12,21,39],"current_hp_per_floor":[74,71,60,60,45,45,45,45,45,45,42,42,42,36,36,32,75,64,64,64,64,54,54,34,34,34,6,6,28,8,1,23,22,75,54,54,49,31,31,31,53,59,59,0],"gold":402,"neow_bonus":"BOSS_RELIC","is_prod":false,"is_daily":false,"chose_seed":false,"campfire_upgraded":6,"win_rate":0,"timestamp":1556195712,"path_taken":["M","M","?","?","M","R","?","R","T","R","M","$","?","M","R","BOSS","M","?","?","$","M","R","E","R","T","E","?","R","M","M","R","BOSS","M","?","M","M","$","E","R","E","T","E"],"build_version":"2019-01-23","purchased_purges":1,"victory":false,"max_hp_per_floor":[75,75,75,75,75,75,75,75,75,75,75,75,75,75,75,75,75,75,75,75,75,75,75,75,75,75,75,75,75,75,75,75,75,75,75,75,75,75,75,75,75,89,89,89],"card_choices":[{"not_picked":["Rebound","Barrage"],"picked":"White Noise","floor":1.0},{"not_picked":["Rebound","Stack"],"picked":"Coolheaded","floor":2.0},{"not_picked":["Coolheaded","Beam Cell"],"picked":"Consume","floor":3.0},{"not_picked":["Skim","Undo"],"picked":"Hologram","floor":5.0},{"not_picked":["Conserve Battery","Rip and Tear"],"picked":"Heatsinks","floor":11.0},{"not_picked":["Compile Driver","Coolheaded","Force Field"],"picked":"SKIP","floor":13.0},{"not_picked":["Force Field","Doom and Gloom"],"picked":"White Noise","floor":14.0},{"not_picked":["Seek","Biased Cognition+1"],"picked":"Creative AI+1","floor":16.0},{"not_picked":["Coolheaded","Compile Driver"],"picked":"Defragment+1","floor":18.0},{"not_picked":["Cold Snap","Chill"],"picked":"Steam+1","floor":22.0},{"not_picked":["Rebound","Compile Driver","Cold Snap"],"picked":"SKIP","floor":24.0},{"not_picked":["Cold Snap+1","Multi-Cast","Reprogram"],"picked":"SKIP","floor":27.0},{"not_picked":["Scrape","Undo"],"picked":"Force Field+1","floor":30.0},{"not_picked":["Conserve Battery","Compile Driver+1","Undo"],"picked":"SKIP","floor":31.0},{"not_picked":["Amplify","Meteor Strike"],"picked":"Echo Form+1","floor":33.0},{"not_picked":["Sunder","Stack+1"],"picked":"BootSequence","floor":35.0},{"not_picked":["Blizzard+1","Compile Driver","Streamline"],"picked":"SKIP","floor":37.0},{"not_picked":["Conserve Battery","Reprogram","FTL"],"picked":"SKIP","floor":38.0},{"not_picked":["Reprogram","Coolheaded","Sunder"],"picked":"SKIP","floor":40.0},{"not_picked":["Tempest","Double Energy+1"],"picked":"Self Repair+1","floor":42.0}],"player_experience":52393,"relics_obtained":[{"floor":9.0,"key":"Happy Flower"},{"floor":24.0,"key":"Pen Nib"},{"floor":26.0,"key":"Bottled Tornado"},{"floor":27.0,"key":"War Paint"},{"floor":40.0,"key":"Old Coin"},{"floor":42.0,"key":"Mango"}],"event_choices":[{"damage_healed":0.0,"max_hp_gain":0.0,"max_hp_loss":0.0,"gold_gain":175.0,"event_name":"Liars Game","player_choice":"AGREE","floor":4.0,"gold_loss":0.0,"damage_taken":0.0,"cards_obtained":["Doubt"]},{"damage_healed":0.0,"max_hp_gain":0.0,"max_hp_loss":0.0,"gold_gain":0.0,"event_name":"Upgrade Shrine","player_choice":"Upgraded","floor":7.0,"gold_loss":0.0,"damage_taken":0.0,"cards_upgraded":["Zap"]},{"damage_healed":0.0,"max_hp_gain":0.0,"max_hp_loss":0.0,"gold_gain":0.0,"cards_transformed":["Strike_B","Strike_B"],"event_name":"Drug Dealer","player_choice":"Became Test Subject","floor":19.0,"gold_loss":0.0,"damage_taken":0.0,"cards_obtained":["Undo","Force Field"]},{"damage_healed":0.0,"max_hp_gain":0.0,"max_hp_loss":0.0,"gold_gain":99.0,"event_name":"Nest","player_choice":"Stole From Cult","floor":20.0,"gold_loss":0.0,"damage_taken":0.0},{"damage_healed":0.0,"max_hp_gain":0.0,"max_hp_loss":0.0,"gold_gain":0.0,"event_name":"Masked Bandits","player_choice":"Paid Fearfully","floor":28.0,"gold_loss":84.0,"damage_taken":0.0},{"damage_healed":0.0,"max_hp_gain":0.0,"max_hp_loss":0.0,"gold_gain":0.0,"event_name":"Lab","player_choice":"Got Potions","floor":36.0,"gold_loss":0.0,"damage_taken":0.0}],"is_beta":false,"boss_relics":[{"not_picked":["Black Star","Snecko Eye"],"picked":"Cursed Key"},{"not_picked":["Eternal Feather","Inserter"],"picked":"Sozu"}],"items_purged_floors":[39],"is_endless":false,"potions_floor_spawned":[1,2,3,5,11,13,14,16,18,22,24,27,30,31,33,35,37,38,40,42],"killed_by":"Reptomancer","ascension_level":1}