{"gold_per_floor":[114,114,114,129,129,168,184,207,230,195,238,74,74,98,98,223,223,236,128,128,114,114,154,167,205,285,285,285,27,27,40,40,166,166,180,199,215,215,215,215,236,236,236,45,45,69,69,82,82,82],"floor_reached":51,"playtime":2083,"items_purged":["Strike_B"],"score":1133,"play_id":"1a169d42-2810-4b5a-b6e5-8652c18a060a","local_time":"20190615213433","is_ascension_mode":true,"campfire_choices":[{"data":"Loop","floor":15.0,"key":"SMITH"},{"floor":28,"key":"REST"},{"floor":30,"key":"REST"},{"floor":32,"key":"REST"},{"floor":40,"key":"REST"},{"floor":42,"key":"REST"},{"data":"Biased Cognition","floor":45,"key":"SMITH"},{"data":"Defragment","floor":47,"key":"SMITH"},{"floor":49,"key":"REST"}],"neow_cost":"NONE","seed_source_timestamp":188452817017700,"circlet_count":0,"master_deck":["Strike_B","Strike_B+1","Strike_B+1","Defend_B","Defend_B","Defend_B+1","Defend_B","Zap","Dualcast","Conserve Battery","Loop+1","Streamline+1","Glacier","FTL","Core Surge","Coolheaded","Echo Form","Gash","Sunder","Darkness+1","Loop+1","Leap+1","Capacitor","Conserve Battery","Coolheaded+1","Machine Learning","Hologram+1","Dramatic Entrance","Enlightenment","Biased Cognition+1","Steam+1","Defragment+1"],"special_seed":0,"relics":["FrozenCore","NeowsBlessing","Golden Idol","Pen Nib","Anchor","Whetstone","Pantograph","PreservedInsect","Ornamental Fan","Bottled Lightning","Medical Kit","Sozu","Toxic Egg 2","DataDisk"],"potions_floor_usage":[25,27,33,50],"damage_taken":[{"damage":0.0,"enemies":"Cultist","floor":1.0,"turns":1.0},{"damage":0.0,"enemies":"Small Slimes","floor":4.0,"turns":1.0},{"damage":0.0,"enemies":"Gremlin Nob","floor":6.0,"turns":1.0},{"damage":0.0,"enemies":"2 Louse","floor":7.0,"turns":1.0},{"damage":4.0,"enemies":"Lots of Slimes","floor":8.0,"turns":10.0},{"damage":4.0,"enemies":"3 Sentries","floor":11.0,"turns":6.0},{"damage":1.0,"enemies":"Blue Slaver","floor":14.0,"turns":3.0},{"damage":0.0,"enemies":"The Guardian","floor":16.0,"turns":14.0},{"damage":6.0,"enemies":"Shell Parasite","floor":18.0,"turns":6.0},{"damage":10.0,"enemies":"2 Thieves","floor":21.0,"turns":4.0},{"damage":36.0,"enemies":"Book of Stabbing","floor":23.0,"turns":8.0},{"damage":25.0,"enemies":"Chosen and Byrds","floor":24.0,"turns":7.0},{"damage":16,"enemies":"Gremlin Leader","floor":25,"turns":8},{"damage":4,"enemies":"Sentry and Sphere","floor":27,"turns":4},{"damage":20,"enemies":"Snake Plant","floor":31,"turns":4},{"damage":42,"enemies":"Champ","floor":33,"turns":16},{"damage":0,"enemies":"3 Shapes","floor":35,"turns":8},{"damage":33,"enemies":"3 Darklings","floor":36,"turns":10},{"damage":22,"enemies":"Jaw Worm Horde","floor":37,"turns":8},{"damage":16,"enemies":"Spire Growth","floor":41,"turns":7},{"damage":0,"enemies":"Maw","floor":46,"turns":9},{"damage":9,"enemies":"Writhing Mass","floor":48,"turns":5},{"damage":9,"enemies":"Donu and Deca","floor":50,"turns":14}],"seed_played":"6565742149741757709","potions_obtained":[{"floor":4.0,"key":"SkillPotion"},{"floor":6.0,"key":"SpeedPotion"},{"floor":8.0,"key":"Regen Potion"},{"floor":25,"key":"SmokeBomb"}],"is_trial":false,"path_per_floor":["M","?","?","M","?","E","M","M","T","?","E","$","?","M","R","B",null,"M","$","?","M","?","E","M","E","T","M","R","$","R","M","R","B",null,"M","M","M","?","?","R","M","R","T","$","R","M","R","M","R","B",null],"character_chosen":"DEFECT","items_purchased":["Core Surge","Sunder","Medical Kit","Dexterity Potion","DataDisk","Defragment"],"campfire_rested":6,"item_purchase_floors":[12,19,29,29,44,44],"current_hp_per_floor":[68,50,35,35,35,35,35,31,31,49,45,45,50,49,49,74,79,73,73,80,70,70,34,24,8,8,4,28,28,52,32,56,38,70,70,37,15,15,15,39,23,47,47,47,47,47,47,38,62,71],"gold":82,"neow_bonus":"THREE_ENEMY_KILL","is_prod":false,"is_daily":false,"chose_seed":false,"campfire_upgraded":3,"win_rate":0,"timestamp":1560630873,"path_taken":["M","?","?","M","?","E","M","?","T","?","E","$","?","M","R","BOSS","M","$","?","?","?","E","?","E","T","M","R","?","R","M","R","BOSS","M","M","M","?","?","R","?","R","T","$","R","M","R","M","R","BOSS"],"build_version":"2019-01-23","purchased_purges":1,"victory":true,"max_hp_per_floor":[75,75,75,75,75,75,75,75,75,75,75,75,80,80,80,80,80,80,80,80,80,80,80,80,80,80,80,80,80,80,80,80,80,80,80,80,80,80,80,80,80,80,80,80,80,80,80,80,80,80],"card_choices":[{"not_picked":["Redo","Hello World","Recycle"],"picked":"SKIP","floor":1.0},{"not_picked":["Aggregate","Self Repair"],"picked":"Conserve Battery","floor":4.0},{"not_picked":["Darkness","Lockon"],"picked":"Loop","floor":6.0},{"not_picked":["Turbo","Barrage"],"picked":"Streamline","floor":7.0},{"not_picked":["Lockon","Cold Snap"],"picked":"Glacier","floor":8.0},{"not_picked":["Steam","Force Field"],"picked":"FTL","floor":11.0},{"not_picked":["Genetic Algorithm","Hologram"],"picked":"Coolheaded","floor":14.0},{"not_picked":["Amplify","Electrodynamics"],"picked":"Echo Form","floor":16.0},{"not_picked":["Steam+1","Coolheaded"],"picked":"Gash","floor":18.0},{"not_picked":["Stack","Rip and Tear"],"picked":"Darkness+1","floor":21.0},{"not_picked":["Coolheaded","Blizzard"],"picked":"Leap+1","floor":23.0},{"not_picked":["Auto Shields","Redo"],"picked":"Capacitor","floor":24.0},{"not_picked":["Hologram","Fusion+1"],"picked":"Conserve Battery","floor":25},{"not_picked":["Gash","Rip and Tear"],"picked":"Coolheaded+1","floor":31},{"not_picked":["Rainbow","Hyperbeam"],"picked":"Machine Learning","floor":33},{"not_picked":["Leap+1","Reprogram"],"picked":"Hologram+1","floor":35},{"not_picked":["Sweeping Beam+1","Rip and Tear+1","Cold Snap+1"],"picked":"SKIP","floor":36},{"not_picked":["Cold Snap","Steam","Conserve Battery"],"picked":"SKIP","floor":37},{"not_picked":["Sadistic Nature","Trip"],"picked":"Dramatic Entrance","floor":38},{"not_picked":["Coolheaded","Heatsinks"],"picked":"Steam+1","floor":41},{"not_picked":["Gash+1","Turbo+1","Beam Cell+1"],"picked":"SKIP","floor":46},{"not_picked":["Cold Snap","Hologram+1","Stack+1"],"picked":"SKIP","floor":48}],"player_experience":150256,"relics_obtained":[{"floor":5.0,"key":"Pen Nib"},{"floor":6.0,"key":"Anchor"},{"floor":9.0,"key":"Whetstone"},{"floor":11.0,"key":"Pantograph"},{"floor":23.0,"key":"PreservedInsect"},{"floor":25,"key":"Ornamental Fan"},{"floor":26,"key":"Bottled Lightning"},{"floor":43,"key":"Toxic Egg 2"}],"event_choices":[{"damage_healed":0.0,"max_hp_gain":0.0,"max_hp_loss":0.0,"gold_gain":0.0,"event_name":"Golden Idol","player_choice":"Take Damage","floor":2.0,"gold_loss":0.0,"damage_taken":18.0,"relics_obtained":["Golden Idol"]},{"damage_healed":0.0,"max_hp_gain":0.0,"max_hp_loss":0.0,"gold_gain":0.0,"event_name":"Shining Light","player_choice":"Entered Light","floor":3.0,"gold_loss":0.0,"damage_taken":15.0,"cards_upgraded":["Defend_B","Strike_B"]},{"damage_healed":0.0,"max_hp_gain":0.0,"max_hp_loss":0.0,"gold_gain":0.0,"event_name":"Wheel of Change","player_choice":"Relic","floor":5.0,"gold_loss":0.0,"damage_taken":0.0},{"damage_healed":18.0,"max_hp_gain":0.0,"max_hp_loss":0.0,"gold_gain":0.0,"event_name":"The Cleric","player_choice":"Healed","floor":10.0,"gold_loss":35.0,"damage_taken":0.0},{"damage_healed":0.0,"max_hp_gain":5.0,"max_hp_loss":0.0,"gold_gain":0.0,"event_name":"Big Fish","player_choice":"Donut","floor":13.0,"gold_loss":0.0,"damage_taken":0.0},{"damage_healed":7.0,"max_hp_gain":0.0,"max_hp_loss":0.0,"gold_gain":0.0,"event_name":"Wheel of Change","player_choice":"Full Heal","floor":20.0,"gold_loss":0.0,"damage_taken":0.0},{"damage_healed":0.0,"max_hp_gain":0.0,"max_hp_loss":0.0,"gold_gain":0.0,"event_name":"Duplicator","player_choice":"Copied","floor":22.0,"gold_loss":0.0,"damage_taken":0.0,"cards_obtained":["Loop"]},{"damage_healed":0,"gold_gain":0,"player_choice":"Memory 1","damage_taken":0,"max_hp_gain":0,"max_hp_loss":0,"event_name":"SensoryStone","floor":38,"gold_loss":0},{"damage_healed":0,"gold_gain":0,"player_choice":"2 cards matched","damage_taken":0,"max_hp_gain":0,"max_hp_loss":0,"event_name":"Match and Keep!","floor":39,"gold_loss":0,"cards_obtained":["Enlightenment","Biased Cognition"]}],"is_beta":false,"boss_relics":[{"not_picked":["Eternal Feather","Orrery"],"picked":"FrozenCore"},{"not_picked":["Empty Cage","Philosopher\u0027s Stone"],"picked":"Sozu"}],"items_purged_floors":[19],"is_endless":false,"potions_floor_spawned":[4,6,8,21,23,25,35,41],"ascension_level":9}