{"gold_per_floor":[113,188,188,208,223,252,267,278,349,364,364,399,399,429,429,529,529,543,297,312,312,423,460,11,11,11,11,11,11,38,56,56,56],"floor_reached":33,"playtime":2083,"items_purged":["Pain","Shame"],"score":407,"play_id":"280955ec-cbf6-4e50-bfb5-3f4c1485a55b","local_time":"20180820125630","is_ascension_mode":true,"campfire_choices":[{"floor":11,"key":"REST"},{"data":"Dash","floor":13,"key":"SMITH"},{"data":"Dodge and Roll","floor":15,"key":"SMITH"},{"data":"Phantasmal Killer","floor":25,"key":"SMITH"},{"data":"Setup","floor":29,"key":"SMITH"},{"floor":32,"key":"REST"}],"neow_cost":"NONE","seed_source_timestamp":466874420166687,"circlet_count":0,"master_deck":["Defend_G","Defend_G","Defend_G","Defend_G","Defend_G","Strike_G","Strike_G","Strike_G","Strike_G","Strike_G","Survivor","Neutralize","Riddle With Holes+1","Dodge and Roll+1","Sucker Punch","Sucker Punch","Dash+1","Backstab","Flying Knee","Outmaneuver","Phantasmal Killer+1","Decay","Quick Slash+1","Quick Slash","Escape Plan","Dodge and Roll+1","Outmaneuver","Setup+1","After Image","Quick Slash"],"relics":["Runic Dome","Torii","Darkstone Periapt","Gambling Chip","Happy Flower","Calling Bell","Anchor","Smiling Mask","The Specimen","MawBank","Calipers","Thread and Needle","Tingsha","Bottled Lightning","Pantograph"],"potions_floor_usage":[12,16,16,18,20,20,30],"damage_taken":[{"damage":0,"enemies":"2 Louse","floor":1,"turns":3},{"damage":5,"enemies":"Jaw Worm","floor":4,"turns":4},{"damage":0,"enemies":"Cultist","floor":5,"turns":3},{"damage":28,"enemies":"Lagavulin","floor":6,"turns":8},{"damage":2,"enemies":"Large Slime","floor":7,"turns":7},{"damage":9,"enemies":"Red Slaver","floor":8,"turns":3},{"damage":0,"enemies":"2 Fungi Beasts","floor":10,"turns":2},{"damage":0,"enemies":"Gremlin Nob","floor":12,"turns":3},{"damage":12,"enemies":"Slime Boss","floor":16,"turns":5},{"damage":8,"enemies":"Spheric Guardian","floor":18,"turns":5},{"damage":24,"enemies":"3 Byrds","floor":20,"turns":4},{"damage":25,"enemies":"Slavers","floor":23,"turns":7},{"damage":62,"enemies":"Gremlin Leader","floor":30,"turns":10},{"damage":1,"enemies":"Shelled Parasite and Fungi","floor":31,"turns":7},{"damage":51,"enemies":"Automaton","floor":33,"turns":12}],"seed_played":"-5265223628227548032","potions_obtained":[{"floor":1,"key":"Strength Potion"},{"floor":8,"key":"SteroidPotion"},{"floor":12,"key":"FearPotion"},{"floor":16,"key":"Fruit Juice"},{"floor":23,"key":"SkillPotion"}],"is_trial":false,"path_per_floor":["M","?","?","M","M","E","M","M","T","M","R","E","R","?","R","B",null,"M","$","M","?","?","E","$","R","T","T","?","R","E","M","R"],"character_chosen":"THE_SILENT","items_purchased":["Fruit Juice","Fire Potion","Quick Slash","Thread and Needle","Outmaneuver","Setup"],"campfire_rested":2,"item_purchase_floors":[19,19,19,24,24,24],"current_hp_per_floor":[70,59,59,54,54,26,24,15,15,15,36,36,36,36,36,24,88,85,85,66,66,66,41,41,41,41,41,73,73,11,10,39,13],"gold":56,"neow_bonus":"BOSS_RELIC","is_prod":false,"is_daily":false,"chose_seed":false,"campfire_upgraded":4,"win_rate":0,"timestamp":1534784190,"path_taken":["M","?","?","M","M","E","M","M","T","M","R","E","R","?","R","BOSS","M","$","M","?","?","E","?","R","T","?","?","R","E","M","R","BOSS"],"build_version":"2018-08-16","purchased_purges":2,"victory":false,"max_hp_per_floor":[70,70,70,70,70,70,70,70,70,70,70,70,70,70,70,70,88,93,93,98,98,98,98,98,98,98,98,98,98,98,98,98,98],"card_choices":[{"not_picked":["Bane","Flying Knee"],"picked":"Riddle With Holes","floor":1},{"not_picked":["Underhanded Strike","Dagger Spray"],"picked":"Dodge and Roll","floor":4},{"not_picked":["Poisoned Stab","Dagger Spray"],"picked":"Sucker Punch","floor":5},{"not_picked":["Poisoned Stab","Caltrops"],"picked":"Sucker Punch","floor":6},{"not_picked":["Quick Slash","Glass Knife"],"picked":"Dash","floor":7},{"not_picked":["Underhanded Strike","Sucker Punch"],"picked":"Backstab","floor":8},{"not_picked":["Prepared","Quick Slash"],"picked":"Flying Knee","floor":10},{"not_picked":["Distraction","Sucker Punch"],"picked":"Outmaneuver","floor":12},{"not_picked":["Glass Knife","Envenom"],"picked":"Phantasmal Killer","floor":16},{"not_picked":["Underhanded Strike+1","Tactician"],"picked":"Quick Slash+1","floor":18},{"not_picked":["Deflect","PiercingWail"],"picked":"Escape Plan","floor":20},{"not_picked":["Flying Knee","Die Die Die"],"picked":"Dodge and Roll+1","floor":23},{"not_picked":["Blade Dance+1","Expertise+1"],"picked":"After Image","floor":30},{"not_picked":["Dodge and Roll","Expertise+1"],"picked":"Quick Slash","floor":31}],"player_experience":260818,"relics_obtained":[{"floor":6,"key":"Torii"},{"floor":9,"key":"Darkstone Periapt"},{"floor":12,"key":"Gambling Chip"},{"floor":17,"key":"Anchor"},{"floor":17,"key":"Smiling Mask"},{"floor":17,"key":"The Specimen"},{"floor":23,"key":"Calipers"},{"floor":26,"key":"Tingsha"},{"floor":27,"key":"Bottled Lightning"},{"floor":30,"key":"Pantograph"}],"event_choices":[{"event_name":"World of Goop","player_choice":"Gather Gold","floor":2,"damage_taken":0},{"event_name":"Upgrade Shrine","player_choice":"Upgraded","floor":3,"damage_taken":0},{"event_name":"Dead Adventurer","player_choice":"Searched \u00273\u0027 times","floor":14,"damage_taken":0},{"event_name":"The Mausoleum","player_choice":"Yes","floor":21,"damage_taken":0},{"event_name":"Nest","player_choice":"Stole From Cult","floor":22,"damage_taken":0},{"event_name":"The Library","player_choice":"Heal","floor":28,"damage_taken":0}],"is_beta":false,"boss_relics":[{"not_picked":["Busted Crown","Lizard Tail"],"picked":"Calling Bell"}],"items_purged_floors":[19,24],"is_endless":false,"potions_floor_spawned":[1,8,12,16,23],"killed_by":"Automaton","ascension_level":4}