{"gold_per_floor":[114,114,130,142,217,217,229,256,256,256,256,267,284,131,131,131],"floor_reached":16,"playtime":877,"items_purged":["Strike_B"],"score":194,"play_id":"ea893ab2-1181-4afa-a6f3-0a1ae13d30e6","local_time":"20190926000147","is_ascension_mode":true,"campfire_choices":[{"data":"Go for the Eyes","floor":6.0,"key":"SMITH"},{"data":"Skim","floor":11.0,"key":"SMITH"},{"data":"Hologram","floor":15.0,"key":"SMITH"}],"neow_cost":"NONE","seed_source_timestamp":1476589061948987,"circlet_count":0,"master_deck":["AscendersBane","Strike_B","Strike_B","Strike_B","Defend_B","Defend_B","Defend_B","Defend_B","Zap","Dualcast","Gash","Skim+1","Go for the Eyes+1","Gash","Hologram+1","FTL"],"special_seed":0,"relics":["Coffee Dripper","Bottled Lightning","Dodecahedron"],"potions_floor_usage":[16],"damage_taken":[{"damage":2.0,"enemies":"Cultist","floor":1.0,"turns":4.0},{"damage":1.0,"enemies":"Small Slimes","floor":3.0,"turns":3.0},{"damage":1.0,"enemies":"2 Louse","floor":4.0,"turns":3.0},{"damage":5.0,"enemies":"Blue Slaver","floor":7.0,"turns":4.0},{"damage":29.0,"enemies":"Lagavulin","floor":8.0,"turns":8.0},{"damage":0.0,"enemies":"Red Slaver","floor":12.0,"turns":3.0},{"damage":0.0,"enemies":"Exordium Thugs","floor":13.0,"turns":4.0},{"damage":26,"enemies":"Slime Boss","floor":16,"turns":4}],"seed_played":"-7638521974883422895","potions_obtained":[{"floor":1.0,"key":"SkillPotion"},{"floor":8.0,"key":"SpeedPotion"},{"floor":12.0,"key":"SneckoOil"}],"is_trial":false,"path_per_floor":["M","?","M","M","?","R","M","E","T","?","R","M","M","$","R","B"],"character_chosen":"DEFECT","items_purchased":["FTL"],"campfire_rested":0,"item_purchase_floors":[14],"current_hp_per_floor":[62,62,61,60,49,49,44,15,15,15,15,15,15,15,15,0],"gold":131,"neow_bonus":"BOSS_RELIC","is_prod":false,"is_daily":false,"chose_seed":false,"campfire_upgraded":3,"win_rate":0,"timestamp":1569470507,"path_taken":["M","?","M","M","?","R","M","E","T","?","R","M","M","?","R","BOSS"],"build_version":"2019-07-17","purchased_purges":1,"victory":false,"max_hp_per_floor":[71,71,71,71,71,71,71,71,71,71,71,71,71,71,71,71],"card_choices":[{"not_picked":["Capacitor","Static Discharge"],"picked":"Gash","floor":1.0},{"not_picked":["Beam Cell","Redo"],"picked":"Skim","floor":3.0},{"not_picked":["Undo","Steam"],"picked":"Go for the Eyes","floor":4.0},{"not_picked":["Streamline","Turbo","Ball Lightning"],"picked":"SKIP","floor":7.0},{"not_picked":["Static Discharge","Steam"],"picked":"Gash","floor":8.0},{"not_picked":["Darkness","Blizzard","Steam Power"],"picked":"SKIP","floor":12.0},{"not_picked":["Redo","Double Energy"],"picked":"Hologram","floor":13.0}],"player_experience":422187,"relics_obtained":[{"floor":8.0,"key":"Bottled Lightning"},{"floor":9.0,"key":"Dodecahedron"}],"event_choices":[{"damage_healed":0.0,"max_hp_gain":0.0,"max_hp_loss":0.0,"gold_gain":0.0,"event_name":"Liars Game","player_choice":"Ignored","floor":2.0,"gold_loss":0.0,"damage_taken":0.0},{"damage_healed":0.0,"max_hp_gain":0.0,"max_hp_loss":0.0,"gold_gain":75.0,"event_name":"World of Goop","player_choice":"Gather Gold","floor":5.0,"gold_loss":0.0,"damage_taken":11.0},{"damage_healed":0.0,"max_hp_gain":0.0,"max_hp_loss":0.0,"gold_gain":0.0,"event_name":"Dead Adventurer","player_choice":"Searched \u00270\u0027 times","floor":10.0,"gold_loss":0.0,"damage_taken":0.0}],"is_beta":false,"boss_relics":[],"items_purged_floors":[14],"is_endless":false,"potions_floor_spawned":[1,8,12],"killed_by":"Slime Boss","ascension_level":18}