{"path_per_floor":["M","M","M","M","M","E","R","M","T","E","M","M","R","?","R","B",null,"M","T","M","?","M","E","R","E","T","$","R","$","R","M","R","B",null,"M","$","?","M","M","M"],"character_chosen":"THE_SILENT","items_purchased":["Vajra","Dagger Throw","Footwork","Gambling Chip","Oddly Smooth Stone"],"gold_per_floor":[115,133,149,160,177,212,212,228,255,290,303,314,314,314,314,416,416,435,481,494,494,506,541,541,566,566,375,375,54,54,69,69,164,164,184,33,33,49,62,77],"floor_reached":41,"campfire_rested":1,"playtime":4460,"current_hp_per_floor":[65,62,62,48,48,30,30,30,30,33,35,36,36,29,29,31,77,77,77,70,53,34,18,33,18,18,18,18,18,18,29,29,31,53,53,53,46,38,40,12],"items_purged":[],"gold":77,"score":498,"play_id":"cc68ce5b-e1fe-42ac-b023-f26b4a896f59","is_prod":false,"is_daily":false,"is_ascension_mode":false,"campfire_upgraded":6,"path_taken":["M","M","M","M","M","E","R","M","T","E","M","M","R","?","R","BOSS","M","?","M","?","M","E","R","E","T","?","R","$","R","?","R","BOSS","M","?","?","M","?","M","E"],"build_version":"2018-02-22-PROD2","purchased_purges":0,"victory":false,"master_deck":["Defend_G","Defend_G","Defend_G","Defend_G","Defend_G","Survivor","Neutralize+1","Venomology+1","Quick Slash+1","Dagger Spray","Quick Slash","Flying Knee","Deflect","Predator","A Thousand Cuts+1","Riddle With Holes+1","Dagger Throw","Tools of the Trade","Escape Plan+1","Slice+1","Bite","Bite","Bite","Bite","Bite","Sucker Punch+1","Footwork+1","Crippling Poison+1","Dagger Throw","Footwork+1","Dodge and Roll+1","A Thousand Cuts","Malaise","Madness","Madness","Choke","Calculated Gamble","Dagger Throw+1"],"max_hp_per_floor":[70,70,70,70,70,70,70,70,70,77,77,77,77,77,77,77,77,77,77,77,53,53,53,53,53,53,53,53,53,53,53,53,53,53,53,53,53,53,53,53],"relics":["Ring of the Snake","Paper Crane","Blood Vial","Strawberry","Philosopher\u0027s Stone","Whetstone","Torii","Kunai","Happy Flower","Vajra","Gambling Chip","Cursed Key","Oddly Smooth Stone"],"card_choices":[{"not_picked":["PiercingWail","Skewer"],"picked":"Venomology"},{"not_picked":["Bane","PiercingWail"],"picked":"Quick Slash"},{"not_picked":["Deadly Poison","Noxious Fumes"],"picked":"Dagger Spray"},{"not_picked":["Heel Hook","Masterful Stab"],"picked":"Quick Slash"},{"not_picked":["Deadly Poison","Catalyst"],"picked":"Flying Knee"},{"not_picked":["PiercingWail","Underhanded Strike"],"picked":"Deflect"},{"not_picked":["Finisher","PiercingWail"],"picked":"Predator"},{"not_picked":["PiercingWail","Bane"],"picked":"A Thousand Cuts"},{"not_picked":["Slice","Dodge and Roll"],"picked":"Riddle With Holes"},{"not_picked":["Caltrops","Poisoned Stab"],"picked":"Dagger Throw"},{"not_picked":["Glass Knife","Die Die Die"],"picked":"Tools of the Trade"},{"not_picked":["All Out Attack","Slice"],"picked":"Escape Plan"},{"not_picked":["PiercingWail","Acrobatics"],"picked":"Slice"},{"not_picked":["Masterful Stab","Quick Slash"],"picked":"Sucker Punch"},{"not_picked":["Tools of the Trade","Deadly Poison"],"picked":"Footwork"},{"not_picked":["Dagger Throw","All Out Attack"],"picked":"Crippling Poison"},{"not_picked":["Bane","Underhanded Strike"],"picked":"Dodge and Roll"},{"not_picked":["Corpse Explosion","After Image"],"picked":"A Thousand Cuts"},{"not_picked":["Dodge and Roll","Escape Plan"],"picked":"Malaise"},{"not_picked":["PiercingWail","Malaise"],"picked":"Choke"},{"not_picked":["Dagger Spray","Cloak And Dagger"],"picked":"Calculated Gamble"},{"not_picked":["All Out Attack","Poisoned Stab"],"picked":"Dagger Throw"}],"player_experience":28913,"potions_floor_usage":[2,4,5,5,6,6,10,11,12,16,16,20,22,22,23,23,23,25,33,35,39,40,41],"damage_taken":[{"damage":5,"enemies":"Jaw Worm","floor":1,"turns":4},{"damage":3,"enemies":"Small Slimes","floor":2,"turns":3},{"damage":0,"enemies":"2 Louse","floor":3,"turns":3},{"damage":14,"enemies":"Red Slaver","floor":4,"turns":5},{"damage":0,"enemies":"3 Louse","floor":5,"turns":2},{"damage":18,"enemies":"Gremlin Nob","floor":6,"turns":5},{"damage":0,"enemies":"Looter","floor":8,"turns":3},{"damage":6,"enemies":"3 Sentries","floor":10,"turns":4},{"damage":0,"enemies":"Blue Slaver","floor":11,"turns":4},{"damage":1,"enemies":"Exordium Wildlife","floor":12,"turns":3},{"damage":0,"enemies":"Slime Boss","floor":16,"turns":7},{"damage":0,"enemies":"Chosen","floor":18,"turns":4},{"damage":7,"enemies":"Spheric Guardian","floor":20,"turns":3},{"damage":25,"enemies":"Slaver and Parasite","floor":22,"turns":5},{"damage":28,"enemies":"Slavers","floor":23,"turns":4},{"damage":31,"enemies":"Gremlin Leader","floor":25,"turns":8},{"damage":1,"enemies":"3 Cultists","floor":31,"turns":4},{"damage":25,"enemies":"Champ","floor":33,"turns":14},{"damage":1,"enemies":"3 Shapes","floor":35,"turns":4},{"damage":16,"enemies":"3 Darklings","floor":38,"turns":5},{"damage":8,"enemies":"Maw","floor":39,"turns":9},{"damage":36,"enemies":"Sphere and 2 Shapes","floor":40,"turns":6},{"damage":36,"enemies":"Giant Head","floor":41,"turns":8}],"event_choices":[{"event_name":"Golden Wing","player_choice":"Card Removal","floor":14,"damage_taken":0},{"event_name":"Vampires","player_choice":"Became a vampire","floor":21,"damage_taken":0},{"event_name":"Winding Halls","player_choice":"Embrace Madness","floor":37,"damage_taken":0}],"boss_relics":[{"not_picked":["The Specimen","Lizard Tail"],"picked":"Philosopher\u0027s Stone"},{"not_picked":["Orrery","Tiny House"],"picked":"Cursed Key"}],"potions_floor_spawned":[1,2,3,5,8,11,12,18,20,25,39,40],"seed_played":"2774520370883907699","killed_by":"Giant Head","ascension_level":0,"is_trial":false}