{"gold_per_floor":[113,133,133,153,235,263,263,283,330,347,381,381,22,22,22,96,96,107,118,43,56,56,56,56,56,125,125,125],"floor_reached":28,"playtime":718,"items_purged":["Strike_B"],"score":373,"play_id":"186d3a38-211a-4bdf-bf4a-6543200bf9c0","local_time":"20190903152428","is_ascension_mode":true,"campfire_choices":[{"floor":7,"key":"REST"},{"data":"Defragment","floor":15,"key":"SMITH"},{"data":"Glacier","floor":23,"key":"SMITH"},{"data":"Creative AI","floor":25,"key":"SMITH"},{"data":"Darkness","floor":27,"key":"SMITH"}],"neow_cost":"NONE","seed_source_timestamp":93190356291600,"circlet_count":0,"master_deck":["AscendersBane","Strike_B","Strike_B","Defend_B","Defend_B","Defend_B","Defend_B","Zap","Dualcast","Darkness+1","Defragment+1","Undo","Melter+1","Capacitor","Seek","Panache","Sunder+1","Cold Snap+1","Creative AI+1","Ball Lightning+1","Barrage+1","Ball Lightning+1","Glacier+1","Doom and Gloom+1","Shame"],"relics":["FrozenCore","NeowsBlessing","Molten Egg 2","Incense Burner","Strawberry","Prayer Wheel","Boot","Mummified Hand","Sundial"],"potions_floor_usage":[6,11,28],"damage_taken":[{"damage":0,"enemies":"Jaw Worm","floor":1,"turns":1},{"damage":0,"enemies":"2 Louse","floor":2,"turns":1},{"damage":0,"enemies":"Small Slimes","floor":4,"turns":1},{"damage":37,"enemies":"3 Sentries","floor":6,"turns":9},{"damage":7,"enemies":"2 Fungi Beasts","floor":8,"turns":3},{"damage":0,"enemies":"Large Slime","floor":10,"turns":5},{"damage":20,"enemies":"Gremlin Nob","floor":11,"turns":5},{"damage":39,"enemies":"Hexaghost","floor":16,"turns":10},{"damage":8,"enemies":"Shell Parasite","floor":18,"turns":6},{"damage":5,"enemies":"Chosen","floor":19,"turns":6},{"damage":0,"enemies":"Snake Plant","floor":21,"turns":5},{"damage":51,"enemies":"Book of Stabbing","floor":28,"turns":5}],"seed_played":"1644764809449956693","potions_obtained":[{"floor":4,"key":"LiquidBronze"},{"floor":10,"key":"EssenceOfSteel"},{"floor":11,"key":"GamblersBrew"},{"floor":16,"key":"SkillPotion"},{"floor":18,"key":"Block Potion"}],"is_trial":false,"path_per_floor":["M","M","?","M","T","E","R","M","T","M","E","?","$","?","R","B",null,"M","M","?","M","?","R","?","R","T","R","E"],"character_chosen":"DEFECT","items_purchased":["Panache","Sunder+1","Cold Snap+1"],"campfire_rested":1,"item_purchase_floors":[13,13,13],"current_hp_per_floor":[68,68,61,61,61,24,46,39,46,46,26,26,26,46,46,7,63,55,50,50,50,50,50,50,50,50,50,0],"gold":125,"neow_bonus":"THREE_ENEMY_KILL","is_prod":false,"is_daily":false,"chose_seed":false,"campfire_upgraded":4,"win_rate":0,"timestamp":1567520668,"path_taken":["M","M","?","M","?","E","R","M","T","M","E","?","$","?","R","BOSS","M","M","?","M","?","R","?","R","T","R","E"],"build_version":"2019-07-17","purchased_purges":1,"victory":false,"max_hp_per_floor":[75,75,75,75,75,75,75,75,82,82,82,82,82,82,82,82,82,82,82,79,79,79,79,79,79,79,79,79],"card_choices":[{"not_picked":["Steam","Blizzard"],"picked":"Darkness","floor":1},{"not_picked":["Coolheaded","Sweeping Beam"],"picked":"Defragment","floor":2},{"not_picked":["Conserve Battery","Compile Driver"],"picked":"Undo","floor":4},{"not_picked":["Amplify","Darkness"],"picked":"Melter+1","floor":6},{"not_picked":["Turbo","Sweeping Beam+1"],"picked":"Capacitor","floor":8},{"not_picked":["Tempest","Rebound+1","Reinforced Body"],"picked":"SKIP","floor":10},{"not_picked":["Recycle","Conserve Battery"],"picked":"Seek","floor":11},{"not_picked":["Biased Cognition","Seek"],"picked":"Creative AI","floor":16},{"not_picked":["Hello World+1","Redo"],"picked":"Ball Lightning+1","floor":18},{"not_picked":["Heatsinks","Aggregate"],"picked":"Barrage+1","floor":18},{"not_picked":["Stack","Redo"],"picked":"Ball Lightning+1","floor":19},{"not_picked":["Skim","Recycle+1"],"picked":"Glacier","floor":19},{"not_picked":["Turbo","Amplify"],"picked":"Doom and Gloom+1","floor":21},{"not_picked":["Ball Lightning+1","Stack","Melter+1"],"picked":"SKIP","floor":21}],"player_experience":227603,"relics_obtained":[{"floor":5,"key":"Molten Egg 2"},{"floor":6,"key":"Incense Burner"},{"floor":9,"key":"Strawberry"},{"floor":11,"key":"Prayer Wheel"},{"floor":26,"key":"Sundial"}],"event_choices":[{"cards_removed":["Strike_B"],"damage_healed":0,"gold_gain":0,"player_choice":"Card Removal","damage_taken":7,"max_hp_gain":0,"max_hp_loss":0,"event_name":"Golden Wing","floor":3,"gold_loss":0},{"damage_healed":0,"gold_gain":0,"player_choice":"Searched \u00271\u0027 times","damage_taken":0,"relics_obtained":["Boot"],"max_hp_gain":0,"max_hp_loss":0,"event_name":"Dead Adventurer","floor":12,"gold_loss":0},{"damage_healed":20,"gold_gain":0,"player_choice":"Healed and dodged fight","damage_taken":0,"max_hp_gain":0,"max_hp_loss":0,"event_name":"Mushrooms","floor":14,"gold_loss":0,"cards_obtained":["Parasite"]},{"cards_removed":["Parasite"],"damage_healed":0,"gold_gain":0,"player_choice":"Gave Gold","damage_taken":0,"max_hp_gain":0,"max_hp_loss":0,"event_name":"Beggar","floor":20,"gold_loss":75},{"damage_healed":0,"gold_gain":0,"player_choice":"Ignored","damage_taken":0,"max_hp_gain":0,"max_hp_loss":0,"event_name":"Vampires","floor":22,"gold_loss":0},{"damage_healed":0,"gold_gain":0,"player_choice":"Stole Relic","damage_taken":0,"relics_obtained":["Mummified Hand"],"max_hp_gain":0,"max_hp_loss":0,"event_name":"Addict","floor":24,"gold_loss":0,"cards_obtained":["Shame"]}],"is_beta":false,"boss_relics":[{"not_picked":["Ectoplasm","Philosopher\u0027s Stone"],"picked":"FrozenCore"}],"items_purged_floors":[13],"is_endless":false,"potions_floor_spawned":[4,10,11,16,18,19,21],"killed_by":"Book of Stabbing","ascension_level":13}