{"gold_per_floor":[109,59,69,80,100,126,201,201,225,225,225,250,250,262,262,366,366,384,9,9,24,44,44,44,44,44,69,69,86,7,21,21,116,116,132,152,162,27,41,69,86,86,86,0,13,27,27,27,27,27],"floor_reached":50,"playtime":3393,"items_purged":["Regret"],"score":529,"play_id":"7f9fa7ab-daba-4d42-ad91-f19c892d72c5","local_time":"20181222071909","is_ascension_mode":false,"campfire_choices":[{"floor":8,"key":"REST"},{"data":"Consume","floor":13,"key":"SMITH"},{"data":"Streamline","floor":15,"key":"SMITH"},{"floor":23,"key":"REST"},{"data":"Hello World","floor":25,"key":"SMITH"},{"floor":28,"key":"REST"},{"data":"Biased Cognition","floor":32,"key":"SMITH"},{"floor":42,"key":"REST"},{"floor":49,"key":"RECALL"}],"neow_cost":"PERCENT_DAMAGE","seed_source_timestamp":121496319829272,"circlet_count":0,"master_deck":["Defend_B","Defend_B","Defend_B","Defend_B","Zap","Dualcast","Doom and Gloom","Streamline+1","Coolheaded","Undo","Cold Snap","Consume+1","Hologram","Biased Cognition","Rebound","Hologram","Static Discharge","Genetic Algorithm","Hello World+1","Streamline+1","Leap","Pommel Strike","Dash","White Noise","Biased Cognition+1","Echo Form","Streamline","Sucker Punch","Bandage Up+1","Seek","Madness+1","Reaper","Havoc+1","Intimidate+1","Havoc+1","Writhe","Blind+1","Purity+1","Bandage Up+1"],"relics":["Cracked Core","Regal Pillow","Vajra","PreservedInsect","Dead Branch","Mummified Hand","Velvet Choker","PrismaticShard","Turnip","Lizard Tail","Dodecahedron","Toxic Egg 2","Red Mask"],"potions_floor_usage":[16,16,33,35,50,50],"damage_taken":[{"damage":2,"enemies":"Small Slimes","floor":1,"turns":3},{"damage":8,"enemies":"Jaw Worm","floor":3,"turns":3},{"damage":0,"enemies":"2 Louse","floor":4,"turns":2},{"damage":6,"enemies":"Large Slime","floor":5,"turns":4},{"damage":13,"enemies":"3 Sentries","floor":6,"turns":6},{"damage":10,"enemies":"Gremlin Nob","floor":12,"turns":3},{"damage":9,"enemies":"Red Slaver","floor":14,"turns":3},{"damage":12,"enemies":"Slime Boss","floor":16,"turns":6},{"damage":11,"enemies":"Shell Parasite","floor":18,"turns":5},{"damage":7,"enemies":"Spheric Guardian","floor":21,"turns":4},{"damage":43,"enemies":"Shelled Parasite and Fungi","floor":22,"turns":4},{"damage":38,"enemies":"Slavers","floor":27,"turns":3},{"damage":21,"enemies":"3 Cultists","floor":29,"turns":4},{"damage":0,"enemies":"Snecko","floor":31,"turns":3},{"damage":38,"enemies":"Collector","floor":33,"turns":9},{"damage":2,"enemies":"3 Darklings","floor":35,"turns":4},{"damage":0,"enemies":"Orb Walker","floor":36,"turns":3},{"damage":4,"enemies":"4 Shapes","floor":37,"turns":5},{"damage":14,"enemies":"Spire Growth","floor":39,"turns":6},{"damage":30,"enemies":"Nemesis","floor":40,"turns":8},{"damage":34,"enemies":"Jaw Worm Horde","floor":41,"turns":4},{"damage":0,"enemies":"Maw","floor":45,"turns":6},{"damage":23,"enemies":"3 Darklings","floor":46,"turns":6},{"damage":99,"enemies":"Awakened One","floor":50,"turns":14}],"seed_played":"8116635663645236075","potions_obtained":[{"floor":1,"key":"Fire Potion"},{"floor":4,"key":"FearPotion"},{"floor":16,"key":"Ancient Potion"},{"floor":18,"key":"Weak Potion"},{"floor":22,"key":"LiquidBronze"},{"floor":27,"key":"GamblersBrew"},{"floor":33,"key":"PowerPotion"},{"floor":37,"key":"GamblersBrew"}],"is_trial":false,"path_per_floor":["M","?","M","M","M","E","?","R","T","?","?","E","R","M","R","B",null,"M","$","?","M","M","R","?","R","T","E","R","M","$","M","R","B",null,"M","M","M","$","M","E","M","R","T","?","M","M","?","?","R","B"],"character_chosen":"DEFECT","items_purchased":["Hologram","PrismaticShard","Static Discharge","White Noise","Seek"],"campfire_rested":4,"item_purchase_floors":[19,19,19,30,38],"current_hp_per_floor":[66,66,58,58,52,39,28,69,69,69,69,59,59,50,50,38,89,78,78,78,71,28,69,69,69,69,31,72,51,51,51,51,13,89,87,87,83,83,75,57,44,85,85,85,89,78,89,79,79,3],"gold":27,"neow_bonus":"TWENTY_PERCENT_HP_BONUS","is_prod":false,"is_daily":false,"chose_seed":false,"campfire_upgraded":4,"win_rate":0,"timestamp":1545481149,"path_taken":["M","?","M","M","M","E","?","R","T","?","?","E","R","M","R","BOSS","M","$","?","M","M","R","?","R","T","E","R","M","$","?","R","BOSS","M","M","M","$","M","E","M","R","T","?","M","M","?","?","R","BOSS"],"build_version":"2018-12-20","purchased_purges":1,"victory":false,"max_hp_per_floor":[89,89,89,89,89,89,89,89,89,89,89,89,89,89,89,89,89,89,89,89,89,89,89,89,89,89,89,89,89,89,89,89,89,89,89,89,89,89,89,89,89,89,89,89,89,89,89,89,89,89],"card_choices":[{"not_picked":["Chill","Beam Cell"],"picked":"Doom and Gloom","floor":1},{"not_picked":["Redo","Hello World"],"picked":"Streamline","floor":3},{"not_picked":["Melter","Turbo"],"picked":"Coolheaded","floor":4},{"not_picked":["Blizzard","Ball Lightning"],"picked":"Undo","floor":5},{"not_picked":["Biased Cognition","Rebound"],"picked":"Cold Snap","floor":6},{"not_picked":["Scrape","Compile Driver"],"picked":"Consume","floor":12},{"not_picked":["Skim","Undo"],"picked":"Hologram","floor":14},{"not_picked":["Multi-Cast","Amplify"],"picked":"Biased Cognition","floor":16},{"not_picked":["Steam","Turbo"],"picked":"Rebound","floor":18},{"not_picked":["Tempest","Steam"],"picked":"Streamline+1","floor":21},{"not_picked":["Expertise+1","Choke+1"],"picked":"Leap","floor":22},{"not_picked":["Evolve","Finisher"],"picked":"Pommel Strike","floor":27},{"not_picked":["Leap","Body Slam"],"picked":"Dash","floor":29},{"not_picked":["Armaments","Redo+1"],"picked":"Biased Cognition","floor":31},{"not_picked":["Hyperbeam","Thunder Strike"],"picked":"Echo Form","floor":33},{"not_picked":["Cleave","Twin Strike+1"],"picked":"Streamline","floor":35},{"not_picked":["Hologram+1","Cleave"],"picked":"Sucker Punch","floor":36},{"not_picked":["Gash","Poisoned Stab+1"],"picked":"Bandage Up+1","floor":37},{"not_picked":["Reboot","PanicButton+1"],"picked":"Madness+1","floor":39},{"not_picked":["Pommel Strike","Clothesline"],"picked":"Reaper","floor":40},{"not_picked":["Searing Blow","Ball Lightning+1"],"picked":"Havoc+1","floor":41},{"not_picked":["Ball Lightning+1","Carnage+1"],"picked":"Intimidate+1","floor":45},{"not_picked":["Deadly Poison+1","Combust+1"],"picked":"Havoc+1","floor":46},{"not_picked":["PanicButton+1","Mayhem"],"picked":"Blind+1","floor":48},{"not_picked":["Blind+1","Good Instincts+1"],"picked":"Purity+1","floor":48},{"not_picked":["Deep Breath+1","Purity+1"],"picked":"Bandage Up+1","floor":48}],"player_experience":375349,"relics_obtained":[{"floor":6,"key":"Regal Pillow"},{"floor":9,"key":"Vajra"},{"floor":12,"key":"Mummified Hand"},{"floor":27,"key":"Turnip"},{"floor":40,"key":"Dodecahedron"},{"floor":43,"key":"Toxic Egg 2"}],"event_choices":[{"cards_removed":["Strike_B"],"damage_healed":0,"gold_gain":0,"player_choice":"Card Removal","damage_taken":0,"max_hp_gain":0,"max_hp_loss":0,"event_name":"The Cleric","floor":2,"gold_loss":50},{"damage_healed":0,"gold_gain":75,"player_choice":"Gather Gold","damage_taken":11,"max_hp_gain":0,"max_hp_loss":0,"event_name":"World of Goop","floor":7,"gold_loss":0},{"damage_healed":0,"gold_gain":0,"player_choice":"Searched \u00271\u0027 times","damage_taken":0,"relics_obtained":["PreservedInsect"],"max_hp_gain":0,"max_hp_loss":0,"event_name":"Dead Adventurer","floor":10,"gold_loss":0},{"damage_healed":0,"gold_gain":0,"player_choice":"Box","damage_taken":0,"relics_obtained":["Dead Branch"],"max_hp_gain":0,"max_hp_loss":0,"event_name":"Big Fish","floor":11,"gold_loss":0,"cards_obtained":["Regret"]},{"damage_healed":0,"gold_gain":0,"cards_transformed":["Strike_B","Strike_B"],"player_choice":"Became Test Subject","damage_taken":0,"max_hp_gain":0,"max_hp_loss":0,"event_name":"Drug Dealer","floor":20,"gold_loss":0,"cards_obtained":["Genetic Algorithm","Hello World"]},{"cards_removed":["Strike_B"],"damage_healed":0,"gold_gain":0,"player_choice":"Purged","damage_taken":0,"max_hp_gain":0,"max_hp_loss":0,"event_name":"Purifier","floor":24,"gold_loss":0},{"damage_healed":0,"gold_gain":0,"player_choice":"Paid","damage_taken":0,"relics_obtained":["Red Mask"],"max_hp_gain":0,"max_hp_loss":0,"event_name":"Tomb of Lord Red Mask","floor":44,"gold_loss":86},{"damage_healed":22,"gold_gain":0,"player_choice":"Writhe","damage_taken":0,"max_hp_gain":0,"max_hp_loss":0,"event_name":"Winding Halls","floor":47,"gold_loss":0,"cards_obtained":["Writhe"]},{"damage_healed":0,"gold_gain":0,"player_choice":"Memory 3","damage_taken":10,"max_hp_gain":0,"max_hp_loss":0,"event_name":"SensoryStone","floor":48,"gold_loss":0}],"is_beta":false,"boss_relics":[{"not_picked":["Astrolabe","Philosopher\u0027s Stone"],"picked":"Velvet Choker"},{"not_picked":["Fusion Hammer","Busted Crown"],"picked":"Lizard Tail"}],"items_purged_floors":[19],"is_endless":false,"potions_floor_spawned":[1,4,16,18,22,27,33,37,40,41],"killed_by":"Awakened One","ascension_level":0}