{"gold_per_floor":[109,126,139,158,171,196,208,220,258,305,317,329,341,374,386,523,535,562,574,610,547,600,612,624],"floor_reached":24,"playtime":987,"items_purged":[],"score":227,"play_id":"1dc22fb0-a91e-4a40-9e5c-8a07d79aa1b8","local_time":"20190825021319","is_ascension_mode":true,"campfire_choices":[{"floor":8.0,"key":"REST"},{"floor":11,"key":"REST"},{"data":"Streamline","floor":15,"key":"SMITH"},{"floor":23,"key":"REST"}],"neow_cost":"NONE","seed_source_timestamp":0,"circlet_count":0,"master_deck":["Strike_B","Strike_B","Strike_B","Defend_B","Defend_B","Defend_B","Defend_B","Zap","Dualcast","Leap","Sweeping Beam","Ball Lightning","Streamline+1","Doom and Gloom","Machine Learning","Go for the Eyes","Turbo","Amplify","Compile Driver+1","Defragment","Self Repair","Leap"],"special_seed":0,"relics":["Cracked Core","MawBank","Golden Idol","Orichalcum","Pen Nib","Bag of Marbles","Inserter","Red Mask"],"potions_floor_usage":[16,16,22],"damage_taken":[{"damage":4.0,"enemies":"Jaw Worm","floor":1.0,"turns":3.0},{"damage":8.0,"enemies":"Small Slimes","floor":2.0,"turns":4.0},{"damage":7.0,"enemies":"2 Louse","floor":3.0,"turns":2.0},{"damage":13.0,"enemies":"Exordium Thugs","floor":4.0,"turns":4.0},{"damage":3.0,"enemies":"Looter","floor":5.0,"turns":3.0},{"damage":32.0,"enemies":"Gremlin Nob","floor":6.0,"turns":4.0},{"damage":21,"enemies":"Lagavulin","floor":10,"turns":5},{"damage":14,"enemies":"3 Louse","floor":14,"turns":2},{"damage":25,"enemies":"Hexaghost","floor":16,"turns":9},{"damage":15,"enemies":"2 Thieves","floor":18,"turns":3},{"damage":21,"enemies":"3 Byrds","floor":20,"turns":4},{"damage":36,"enemies":"Masked Bandits","floor":22,"turns":4},{"damage":41,"enemies":"Book of Stabbing","floor":24,"turns":4}],"seed_played":"2314203848270430979","potions_obtained":[{"floor":2.0,"key":"LiquidBronze"},{"floor":4.0,"key":"AttackPotion"},{"floor":6.0,"key":"Regen Potion"},{"floor":20,"key":"SkillPotion"}],"is_trial":false,"path_per_floor":["M","M","M","M","M","E","?","R","T","E","R","?","?","M","R","B",null,"M","?","M","?","?","R","E"],"character_chosen":"DEFECT","items_purchased":[],"campfire_rested":3,"item_purchase_floors":[],"current_hp_per_floor":[78,70,63,50,47,15,15,39,39,18,42,42,42,28,28,8,82,67,67,46,46,17,41,0],"gold":624,"neow_bonus":"TEN_PERCENT_HP_BONUS","is_prod":false,"is_daily":false,"chose_seed":false,"campfire_upgraded":1,"win_rate":0,"timestamp":1566713599,"path_taken":["M","M","M","M","M","E","?","R","T","E","R","?","?","M","R","BOSS","M","?","M","?","?","R","E"],"build_version":"2019-08-23","purchased_purges":0,"victory":false,"max_hp_per_floor":[82,82,82,82,82,82,82,82,82,82,82,82,82,82,82,82,82,82,82,82,82,82,82,82],"card_choices":[{"not_picked":["Steam","Gash"],"picked":"Leap","floor":1.0},{"not_picked":["Gash","Cold Snap"],"picked":"Sweeping Beam","floor":2.0},{"not_picked":["Melter","Streamline"],"picked":"Ball Lightning","floor":3.0},{"not_picked":["Compile Driver","Beam Cell"],"picked":"Streamline","floor":4.0},{"not_picked":["Storm","Stack"],"picked":"Doom and Gloom","floor":5.0},{"not_picked":["FTL","Stack"],"picked":"Machine Learning","floor":6.0},{"not_picked":["Beam Cell","Cold Snap"],"picked":"Go for the Eyes","floor":10},{"not_picked":["Beam Cell","Streamline"],"picked":"Turbo","floor":14},{"not_picked":["Machine Learning","Fission"],"picked":"Amplify","floor":16},{"not_picked":["Cold Snap","Turbo+1"],"picked":"Compile Driver+1","floor":18},{"not_picked":["Turbo+1","Barrage"],"picked":"Self Repair","floor":20},{"not_picked":["Skim","Heatsinks"],"picked":"Leap","floor":22}],"player_experience":56017,"relics_obtained":[{"floor":6.0,"key":"MawBank"},{"floor":9.0,"key":"Orichalcum"},{"floor":10,"key":"Pen Nib"},{"floor":22,"key":"Red Mask"}],"event_choices":[{"damage_healed":0.0,"max_hp_gain":0.0,"max_hp_loss":0.0,"gold_gain":0.0,"event_name":"Golden Idol","player_choice":"Take Wound","floor":7.0,"gold_loss":0.0,"damage_taken":0.0,"relics_obtained":["Golden Idol"],"cards_obtained":["Injury"]},{"damage_healed":0,"gold_gain":0,"player_choice":"Searched \u00272\u0027 times","damage_taken":0,"relics_obtained":["Bag of Marbles"],"max_hp_gain":0,"max_hp_loss":0,"event_name":"Dead Adventurer","floor":12,"gold_loss":0},{"cards_removed":["Injury"],"damage_healed":0,"gold_gain":0,"player_choice":"Forget","damage_taken":0,"max_hp_gain":0,"max_hp_loss":0,"event_name":"Living Wall","floor":13,"gold_loss":0},{"damage_healed":0,"gold_gain":0,"player_choice":"Read","damage_taken":0,"max_hp_gain":0,"max_hp_loss":0,"event_name":"The Library","floor":19,"gold_loss":0,"cards_obtained":["Defragment"]},{"cards_removed":["Strike_B"],"damage_healed":0,"gold_gain":0,"player_choice":"Gave Gold","damage_taken":0,"max_hp_gain":0,"max_hp_loss":0,"event_name":"Beggar","floor":21,"gold_loss":75},{"damage_healed":0,"gold_gain":0,"player_choice":"Fought Bandits","damage_taken":0,"max_hp_gain":0,"max_hp_loss":0,"event_name":"Masked Bandits","floor":22,"gold_loss":0}],"is_beta":true,"boss_relics":[{"not_picked":["Runic Dome","Tiny House"],"picked":"Inserter"}],"items_purged_floors":[],"is_endless":false,"potions_floor_spawned":[2,4,6,20],"killed_by":"Book of Stabbing","ascension_level":2}