{"gold_per_floor":[110,123,48,66,66,100,100,117,144,164,181,215,226,237,237,237],"floor_reached":16,"playtime":811,"items_purged":["Strike_R"],"score":122,"play_id":"c62d89b4-cde0-44cb-97c4-986ec629c682","local_time":"20190815232829","is_ascension_mode":true,"campfire_choices":[{"floor":7,"key":"REST"},{"floor":15,"key":"REST"}],"neow_cost":"NONE","seed_source_timestamp":39316440704900,"circlet_count":0,"master_deck":["Strike_R","Strike_R","Strike_R+1","Strike_R","Defend_R","Defend_R","Defend_R","Defend_R","Bash","Purity","Infernal Blade","Anger+1","Warcry","Heavy Blade","Thunderclap","Double Tap","Body Slam","Pummel","Thunderclap","Whirlwind"],"relics":["Burning Blood","Ancient Tea Set","Whetstone"],"potions_floor_usage":[6,14,16,16],"damage_taken":[{"damage":1,"enemies":"Cultist","floor":1,"turns":3},{"damage":5,"enemies":"Jaw Worm","floor":2,"turns":5},{"damage":14,"enemies":"Small Slimes","floor":4,"turns":3},{"damage":55,"enemies":"Lagavulin","floor":6,"turns":9},{"damage":9,"enemies":"Exordium Wildlife","floor":8,"turns":4},{"damage":19,"enemies":"Blue Slaver","floor":10,"turns":3},{"damage":8,"enemies":"3 Louse","floor":11,"turns":3},{"damage":27,"enemies":"Gremlin Nob","floor":12,"turns":5},{"damage":10,"enemies":"Looter","floor":13,"turns":3},{"damage":18,"enemies":"Large Slime","floor":14,"turns":4},{"damage":38,"enemies":"Slime Boss","floor":16,"turns":11}],"seed_played":"-2764037509944441358","potions_obtained":[{"floor":2,"key":"Weak Potion"},{"floor":6,"key":"LiquidBronze"},{"floor":10,"key":"Regen Potion"},{"floor":12,"key":"Energy Potion"},{"floor":14,"key":"PowerPotion"}],"is_trial":false,"path_per_floor":["M","M","$","M","?","E","R","M","T","M","M","E","M","M","R","B"],"character_chosen":"IRONCLAD","items_purchased":[],"campfire_rested":2,"item_purchase_floors":[],"current_hp_per_floor":[80,80,80,72,80,31,55,52,52,39,37,16,12,9,33,0],"gold":237,"neow_bonus":"RANDOM_COLORLESS","is_prod":false,"is_daily":false,"chose_seed":false,"campfire_upgraded":0,"win_rate":0,"timestamp":1565904509,"path_taken":["M","M","?","M","?","E","R","M","T","M","M","E","?","M","R","BOSS"],"build_version":"2019-07-17","purchased_purges":1,"victory":false,"max_hp_per_floor":[80,80,80,80,80,80,80,80,80,80,80,80,80,80,80,80],"card_choices":[{"not_picked":["Searing Blow","Evolve"],"picked":"Infernal Blade","floor":1},{"not_picked":["Seeing Red","Burning Pact"],"picked":"Anger","floor":2},{"not_picked":["Flex","Intimidate"],"picked":"Warcry","floor":4},{"not_picked":["Anger","True Grit"],"picked":"Heavy Blade","floor":6},{"not_picked":["Perfected Strike","Fire Breathing"],"picked":"Thunderclap","floor":8},{"not_picked":["Wild Strike","Feel No Pain"],"picked":"Double Tap","floor":10},{"not_picked":["Heavy Blade","True Grit"],"picked":"Body Slam","floor":11},{"not_picked":["Clash","Perfected Strike"],"picked":"Pummel","floor":12},{"not_picked":["Twin Strike","Evolve"],"picked":"Thunderclap","floor":13},{"not_picked":["True Grit","Cleave"],"picked":"Whirlwind","floor":14}],"player_experience":112392,"relics_obtained":[{"floor":6,"key":"Ancient Tea Set"},{"floor":12,"key":"Whetstone"}],"event_choices":[{"damage_healed":8,"gold_gain":0,"player_choice":"Full Heal","damage_taken":0,"max_hp_gain":0,"max_hp_loss":0,"event_name":"Wheel of Change","floor":5,"gold_loss":0}],"is_beta":false,"boss_relics":[],"items_purged_floors":[3],"is_endless":false,"potions_floor_spawned":[2,6,10,12,14],"killed_by":"Slime Boss","ascension_level":1}