{"gold_per_floor":[112,129,51,51,70,70,96,110,135,9,9,27,62,118,118,217,217,232,147,72,83,101,134,134,165,243,243,256,256,29,39,39,139,139,151,151,151,12,25,55,55,89,89,121,121],"floor_reached":45,"playtime":1820,"items_purged":["Strike_B","Defend_B"],"score":660,"play_id":"8f1dd655-967e-4abc-9e52-1635d4f3a341","local_time":"20190505035815","is_ascension_mode":true,"campfire_choices":[{"data":"White Noise","floor":6.0,"key":"SMITH"},{"floor":11.0,"key":"REST"},{"data":"White Noise","floor":15.0,"key":"SMITH"},{"floor":24.0,"key":"REST"},{"floor":27.0,"key":"REST"},{"data":"Double Energy","floor":29.0,"key":"SMITH"},{"floor":32.0,"key":"REST"},{"data":"Defragment","floor":41.0,"key":"SMITH"}],"neow_cost":"NONE","seed_source_timestamp":47858796328200,"circlet_count":0,"master_deck":["Strike_B+1","Defend_B+1","Defend_B","Zap","Dualcast","Melter","Hologram","White Noise+1","White Noise+1","White Noise+1","Auto Shields","Leap","Coolheaded","Electrodynamics","Coolheaded","Capacitor+1","Double Energy+1","Decay","Turbo","Defragment+1","Aggregate","Creative AI","Cold Snap+1","Self Repair","Tempest+1","Turbo+1","Meteor Strike","Shame"],"special_seed":0,"relics":["FrozenCore","Vajra","PreservedInsect","Dream Catcher","Cursed Key","Ornamental Fan","Ice Cream","Girya","Letter Opener","Anchor","Mummified Hand","Orichalcum","Bottled Flame"],"potions_floor_usage":[],"damage_taken":[{"damage":9.0,"enemies":"Jaw Worm","floor":1.0,"turns":3.0},{"damage":0.0,"enemies":"2 Louse","floor":2.0,"turns":2.0},{"damage":1.0,"enemies":"Cultist","floor":5.0,"turns":3.0},{"damage":22.0,"enemies":"Lagavulin","floor":7.0,"turns":6.0},{"damage":11.0,"enemies":"Looter","floor":8.0,"turns":3.0},{"damage":0.0,"enemies":"Blue Slaver","floor":12.0,"turns":4.0},{"damage":28.0,"enemies":"Gremlin Nob","floor":13.0,"turns":4.0},{"damage":5.0,"enemies":"Hexaghost","floor":16.0,"turns":14.0},{"damage":14.0,"enemies":"Shell Parasite","floor":18.0,"turns":4.0},{"damage":5.0,"enemies":"2 Thieves","floor":21.0,"turns":3.0},{"damage":15.0,"enemies":"Snecko","floor":22.0,"turns":5.0},{"damage":26.0,"enemies":"Gremlin Leader","floor":23.0,"turns":6.0},{"damage":26.0,"enemies":"Slavers","floor":25.0,"turns":2.0},{"damage":12.0,"enemies":"Centurion and Healer","floor":28.0,"turns":4.0},{"damage":0.0,"enemies":"Sentry and Sphere","floor":31.0,"turns":2.0},{"damage":16.0,"enemies":"Champ","floor":33.0,"turns":12.0},{"damage":1.0,"enemies":"3 Shapes","floor":35.0,"turns":5.0},{"damage":19.0,"enemies":"3 Darklings","floor":39.0,"turns":4.0},{"damage":5.0,"enemies":"Reptomancer","floor":40.0,"turns":3.0},{"damage":0.0,"enemies":"Giant Head","floor":42.0,"turns":6.0},{"damage":40,"enemies":"Nemesis","floor":44,"turns":5},{"damage":44,"enemies":"Transient","floor":45,"turns":4}],"seed_played":"6270196870080277735","potions_obtained":[{"floor":1.0,"key":"EntropicBrew"},{"floor":2.0,"key":"SpeedPotion"},{"floor":7.0,"key":"Poison Potion"},{"floor":16.0,"key":"Swift Potion"},{"floor":21.0,"key":"Strength Potion"},{"floor":25.0,"key":"GamblersBrew"},{"floor":35.0,"key":"Fruit Juice"}],"is_trial":false,"path_per_floor":["M","M","$","?","M","R","E","M","T","$","R","M","E","?","R","B",null,"M","?","?","M","M","E","R","E","T","R","M","R","$","M","R","B",null,"M","?","?","$","M","E","R","E","T","E","M"],"character_chosen":"DEFECT","items_purchased":["White Noise","Leap","Anchor","Defragment","Self Repair"],"campfire_rested":4,"item_purchase_floors":[3,10,30,30,38],"current_hp_per_floor":[66,66,66,51,50,50,28,17,17,17,39,39,11,11,11,6,75,61,61,61,56,41,15,37,11,11,33,21,21,21,21,43,27,75,74,74,74,79,67,69,69,76,76,43,0],"gold":121,"neow_bonus":"TRANSFORM_CARD","is_prod":false,"is_daily":false,"chose_seed":false,"campfire_upgraded":4,"win_rate":0,"timestamp":1557025095,"path_taken":["M","M","$","?","M","R","E","M","T","$","R","M","E","?","R","BOSS","M","?","?","?","M","E","R","E","T","R","M","R","?","M","R","BOSS","M","?","?","$","M","E","R","E","T","E","?"],"build_version":"2019-01-23","purchased_purges":2,"victory":false,"max_hp_per_floor":[75,75,75,75,75,75,75,75,75,75,75,75,75,75,75,75,75,75,75,75,75,75,75,75,75,75,75,75,75,75,75,75,75,75,75,75,75,80,80,80,80,80,80,80,80],"card_choices":[{"not_picked":["Redo","Turbo"],"picked":"Hologram","floor":1.0},{"not_picked":["Streamline","Ball Lightning"],"picked":"White Noise","floor":2.0},{"not_picked":["Genetic Algorithm","Amplify","Rebound"],"picked":"SKIP","floor":5.0},{"not_picked":["Force Field","Redo"],"picked":"White Noise","floor":7.0},{"not_picked":["Streamline","Reinforced Body"],"picked":"Auto Shields","floor":8.0},{"not_picked":["Barrage","Scrape"],"picked":"Coolheaded","floor":12.0},{"not_picked":["Turbo","Stack"],"picked":"Electrodynamics","floor":13.0},{"not_picked":["Leap","Stack","Redo"],"picked":"SKIP","floor":18.0},{"not_picked":["Ball Lightning","Go for the Eyes"],"picked":"Coolheaded","floor":21.0},{"not_picked":["Barrage","Force Field+1","Aggregate"],"picked":"SKIP","floor":22.0},{"not_picked":["Rip and Tear+1","Streamline"],"picked":"Capacitor+1","floor":23.0},{"not_picked":["Core Surge","Go for the Eyes"],"picked":"Double Energy","floor":25.0},{"not_picked":["Leap+1","Gash"],"picked":"Turbo","floor":28.0},{"not_picked":["Heatsinks","Rainbow","Blizzard"],"picked":"SKIP","floor":31.0},{"not_picked":["Cold Snap","Beam Cell"],"picked":"Aggregate","floor":32.0},{"not_picked":["Machine Learning","Amplify"],"picked":"Creative AI","floor":33.0},{"not_picked":["Rebound+1","Stack"],"picked":"Cold Snap+1","floor":35.0},{"not_picked":["Redo+1","Leap+1"],"picked":"Tempest+1","floor":39.0},{"not_picked":["Cold Snap","Doom and Gloom"],"picked":"Turbo+1","floor":40.0},{"not_picked":["Scrape+1","Compile Driver+1"],"picked":"Meteor Strike","floor":42.0},{"not_picked":["Genetic Algorithm","Rebound","Melter"],"picked":"SKIP","floor":44}],"player_experience":65432,"relics_obtained":[{"floor":7.0,"key":"Vajra"},{"floor":9.0,"key":"PreservedInsect"},{"floor":13.0,"key":"Dream Catcher"},{"floor":23.0,"key":"Ice Cream"},{"floor":25.0,"key":"Girya"},{"floor":26.0,"key":"Letter Opener"},{"floor":40.0,"key":"Mummified Hand"},{"floor":42.0,"key":"Orichalcum"},{"floor":44,"key":"Bottled Flame"}],"event_choices":[{"damage_healed":0.0,"max_hp_gain":0.0,"max_hp_loss":0.0,"gold_gain":0.0,"event_name":"Shining Light","player_choice":"Entered Light","floor":4.0,"gold_loss":0.0,"damage_taken":15.0,"cards_upgraded":["Defend_B","Strike_B"]},{"damage_healed":0.0,"max_hp_gain":0.0,"max_hp_loss":0.0,"gold_gain":56.0,"event_name":"Golden Wing","player_choice":"Gained Gold","floor":14.0,"gold_loss":0.0,"damage_taken":0.0},{"damage_healed":0.0,"max_hp_gain":0.0,"max_hp_loss":0.0,"gold_gain":0.0,"event_name":"Addict","player_choice":"Obtained Relic","floor":19.0,"gold_loss":85.0,"damage_taken":0.0,"relics_obtained":["Ornamental Fan"]},{"cards_removed":["Defend_B"],"damage_healed":0.0,"max_hp_gain":0.0,"max_hp_loss":0.0,"gold_gain":0.0,"event_name":"Beggar","player_choice":"Gave Gold","floor":20.0,"gold_loss":75.0,"damage_taken":0.0},{"cards_removed":["Strike_B"],"damage_healed":0.0,"max_hp_gain":0.0,"max_hp_loss":0.0,"gold_gain":0.0,"event_name":"Falling","player_choice":"Removed Attack","floor":36.0,"gold_loss":0.0,"damage_taken":0.0},{"damage_healed":0.0,"max_hp_gain":0.0,"max_hp_loss":0.0,"gold_gain":0.0,"event_name":"Upgrade Shrine","player_choice":"Upgraded","floor":37.0,"gold_loss":0.0,"damage_taken":0.0,"cards_upgraded":["White Noise"]}],"is_beta":false,"boss_relics":[{"not_picked":["Fusion Hammer","Runic Pyramid"],"picked":"Cursed Key"},{"not_picked":["Empty Cage","Snecko Eye"],"picked":"FrozenCore"}],"items_purged_floors":[10,38],"is_endless":false,"potions_floor_spawned":[1,2,7,16,21,25,28,35],"killed_by":"Transient","ascension_level":3}