{"gold_per_floor":[364,364,374,390,565,600,610,610,664,664,215,242,262,280,280,352,352,365,56,56,56,76,76,175,29,29,29,29,45,45],"floor_reached":30,"playtime":1329,"items_purged":["Normality"],"score":401,"play_id":"84d033b6-a766-4f44-83c4-ee3a74ca0588","local_time":"20190915202425","is_ascension_mode":true,"campfire_choices":[{"floor":8.0,"key":"REST"},{"data":"Capacitor","floor":15,"key":"SMITH"},{"floor":23,"key":"REST"},{"floor":27,"key":"REST"}],"neow_cost":"CURSE","seed_source_timestamp":0,"circlet_count":0,"master_deck":["AscendersBane","Strike_B+1","Strike_B+1","Strike_B+1","Strike_B+1","Defend_B+1","Defend_B+1","Defend_B+1","Defend_B+1","Zap","Dualcast","Gash","Glacier","Hyperbeam","Ball Lightning","Streamline","Gash","Doubt","Capacitor+1","Steam","Gash","Leap","Go for the Eyes","Hello World","Conserve Battery","Rebound","Stack","Genetic Algorithm","Rainbow","Gash","Gash","Chaos","Self Repair"],"special_seed":0,"relics":["Cracked Core","Letter Opener","Orichalcum","Incense Burner","Orrery","Odd Mushroom","Inserter","DollysMirror","Juzu Bracelet","MutagenicStrength","Bottled Tornado"],"potions_floor_usage":[18],"damage_taken":[{"damage":2.0,"enemies":"2 Louse","floor":1.0,"turns":3.0},{"damage":0.0,"enemies":"Cultist","floor":3.0,"turns":2.0},{"damage":2.0,"enemies":"Jaw Worm","floor":4.0,"turns":3.0},{"damage":46.0,"enemies":"Gremlin Nob","floor":6.0,"turns":5.0},{"damage":2.0,"enemies":"2 Fungi Beasts","floor":7.0,"turns":4.0},{"damage":0,"enemies":"The Mushroom Lair","floor":12,"turns":2},{"damage":10,"enemies":"Exordium Wildlife","floor":13,"turns":3},{"damage":9,"enemies":"Large Slime","floor":14,"turns":5},{"damage":42,"enemies":"Slime Boss","floor":16,"turns":12},{"damage":43,"enemies":"3 Byrds","floor":18,"turns":7},{"damage":17,"enemies":"Spheric Guardian","floor":22,"turns":4},{"damage":17,"enemies":"Snecko","floor":29,"turns":8},{"damage":62,"enemies":"Book of Stabbing","floor":30,"turns":8}],"seed_played":"5669505065948428525","potions_obtained":[{"floor":1.0,"key":"FocusPotion"},{"floor":4.0,"key":"SmokeBomb"},{"floor":16,"key":"PowerPotion"},{"floor":22,"key":"DuplicationPotion"}],"is_trial":false,"path_per_floor":["M","?","M","M","?","E","M","R","T","?","$","?","M","M","R","B",null,"M","$","?","?","M","R","?","$","T","R","?","M","E"],"character_chosen":"DEFECT","items_purchased":["Incense Burner","Orrery","DollysMirror","Juzu Bracelet","Self Repair"],"campfire_rested":3,"item_purchase_floors":[11,11,19,19,25],"current_hp_per_floor":[66,66,66,64,64,18,16,38,38,63,63,63,53,44,44,2,57,14,14,39,39,22,44,44,44,44,66,66,56,0],"gold":45,"neow_bonus":"TWO_FIFTY_GOLD","is_prod":false,"is_daily":false,"chose_seed":false,"campfire_upgraded":1,"win_rate":0,"timestamp":1568593465,"path_taken":["M","?","?","?","?","E","M","R","T","?","$","?","?","M","R","BOSS","M","$","?","?","M","R","?","?","T","R","?","M","E"],"build_version":"2019-09-12","purchased_purges":1,"victory":false,"max_hp_per_floor":[75,75,75,75,75,75,75,75,75,75,75,75,75,75,75,75,75,75,75,75,75,75,75,75,75,75,75,75,75,75],"card_choices":[{"not_picked":["Cold Snap","Go for the Eyes"],"picked":"Gash","floor":1.0},{"not_picked":["Force Field","Sweeping Beam"],"picked":"Streamline","floor":3.0},{"not_picked":["Coolheaded","Compile Driver"],"picked":"Gash","floor":4.0},{"not_picked":["Rebound","Cold Snap"],"picked":"Capacitor","floor":6.0},{"not_picked":["Tempest","Blizzard"],"picked":"Steam","floor":7.0},{"not_picked":["Rip and Tear","Darkness"],"picked":"Gash","floor":11},{"not_picked":["Compile Driver","Streamline"],"picked":"Leap","floor":11},{"not_picked":["Beam Cell","Stack"],"picked":"Go for the Eyes","floor":11},{"not_picked":["Doom and Gloom","Machine Learning"],"picked":"Hello World","floor":11},{"not_picked":["Turbo","Coolheaded"],"picked":"Conserve Battery","floor":11},{"not_picked":["Tempest","Streamline"],"picked":"Rebound","floor":12},{"not_picked":["Rip and Tear","Hologram"],"picked":"Stack","floor":13},{"not_picked":["Turbo","Sunder"],"picked":"Genetic Algorithm","floor":14},{"not_picked":["Multi-Cast","Fission"],"picked":"Rainbow","floor":16},{"not_picked":["Fusion","Stack"],"picked":"Gash","floor":18},{"not_picked":["Streamline","Rebound"],"picked":"Chaos","floor":22},{"not_picked":["Coolheaded","Conserve Battery","Rip and Tear"],"picked":"SKIP","floor":29}],"player_experience":437630,"relics_obtained":[{"floor":6.0,"key":"Letter Opener"},{"floor":9.0,"key":"Orichalcum"},{"floor":12,"key":"Odd Mushroom"},{"floor":26,"key":"Bottled Tornado"}],"event_choices":[{"damage_healed":0.0,"max_hp_gain":0.0,"max_hp_loss":0.0,"gold_gain":0.0,"event_name":"Match and Keep!","player_choice":"3 cards matched","floor":2.0,"gold_loss":0.0,"damage_taken":0.0,"cards_obtained":["Glacier","Hyperbeam","Ball Lightning"]},{"damage_healed":0.0,"max_hp_gain":0.0,"max_hp_loss":0.0,"gold_gain":175.0,"event_name":"Liars Game","player_choice":"AGREE","floor":5.0,"gold_loss":0.0,"damage_taken":0.0,"cards_obtained":["Doubt"]},{"damage_healed":25,"gold_gain":0,"player_choice":"Banana","damage_taken":0,"max_hp_gain":0,"max_hp_loss":0,"event_name":"Big Fish","floor":10,"gold_loss":0},{"damage_healed":0,"gold_gain":0,"player_choice":"Fought Mushrooms","damage_taken":0,"max_hp_gain":0,"max_hp_loss":0,"event_name":"Mushrooms","floor":12,"gold_loss":0},{"damage_healed":25,"gold_gain":0,"player_choice":"Heal","damage_taken":0,"max_hp_gain":0,"max_hp_loss":0,"event_name":"The Library","floor":20,"gold_loss":0},{"damage_healed":0,"gold_gain":0,"player_choice":"Inject Mutagens","damage_taken":0,"relics_obtained":["MutagenicStrength"],"max_hp_gain":0,"max_hp_loss":0,"event_name":"Drug Dealer","floor":21,"gold_loss":0},{"damage_healed":0,"gold_gain":99,"player_choice":"Stole From Cult","damage_taken":0,"max_hp_gain":0,"max_hp_loss":0,"event_name":"Nest","floor":24,"gold_loss":0},{"damage_healed":0,"gold_gain":0,"player_choice":"Simplicity","damage_taken":0,"max_hp_gain":0,"max_hp_loss":0,"event_name":"Back to Basics","floor":28,"gold_loss":0,"cards_upgraded":["Strike_B","Strike_B","Strike_B","Strike_B","Defend_B","Defend_B","Defend_B","Defend_B"]}],"is_beta":true,"boss_relics":[{"not_picked":["Philosopher\u0027s Stone","Sozu"],"picked":"Inserter"}],"items_purged_floors":[25],"is_endless":false,"potions_floor_spawned":[1,4,14,16,22],"killed_by":"Book of Stabbing","ascension_level":13}