{"gold_per_floor":[118,128,128,140,16,43,43,43,88,100,135,135,147,169,169,274,274,292,304,44,63,153,153,182,107,107,107,142,142,154,184,184,288,288,305,305,305,24,24,24,57,68,68,68,93,103,103,24,24,24],"floor_reached":51,"playtime":4140,"items_purged":["Decay"],"score":924,"play_id":"08c3d619-9fb7-42e1-9e52-8ab533ddaa7b","local_time":"20181022020209","is_ascension_mode":true,"campfire_choices":[{"data":"Endless Agony","floor":8,"key":"SMITH"},{"data":"Prepared","floor":12,"key":"SMITH"},{"data":"Quick Slash","floor":15,"key":"SMITH"},{"floor":23,"key":"REST"},{"floor":27,"key":"REST"},{"floor":29,"key":"REST"},{"floor":32,"key":"REST"},{"floor":40,"key":"REST"},{"data":"Infinite Blades","floor":44,"key":"SMITH"},{"floor":47,"key":"REST"},{"floor":49,"key":"REST"}],"neow_cost":"NONE","seed_source_timestamp":1042986298855817,"circlet_count":0,"master_deck":["Defend_G","Defend_G","Defend_G","Defend_G","Defend_G+1","Strike_G","Strike_G","Strike_G","Strike_G","Survivor","Neutralize","Slice","Endless Agony+1","Dagger Throw","Dodge and Roll","Prepared+1","Terror","Infinite Blades+1","Quick Slash+1","Doppelganger","Backstab","Eviscerate+1","Prepared","Acrobatics","Cloak And Dagger","Leg Sweep","Distraction","Flying Knee","After Image","Dodge and Roll+1","Writhe","Madness","Deep Breath+1","Swift Strike","Dodge and Roll","Reflex+1","Dagger Throw+1","Quick Slash+1","Deflect+1","Endless Agony+1","PiercingWail"],"relics":["Ring of the Snake","Centennial Puzzle","Oddly Smooth Stone","Bronze Scales","Odd Mushroom","WristBlade","Kunai","Turnip","Sundial","Calipers","Letter Opener","Runic Dome","War Paint","Unceasing Top","Molten Egg 2","Omamori"],"potions_floor_usage":[24,28,30,50,50],"damage_taken":[{"damage":0,"enemies":"Jaw Worm","floor":1,"turns":5},{"damage":0,"enemies":"Cultist","floor":2,"turns":4},{"damage":0,"enemies":"Small Slimes","floor":4,"turns":3},{"damage":55,"enemies":"Lagavulin","floor":6,"turns":10},{"damage":5,"enemies":"Exordium Thugs","floor":10,"turns":6},{"damage":15,"enemies":"3 Sentries","floor":11,"turns":11},{"damage":1,"enemies":"Gremlin Gang","floor":13,"turns":5},{"damage":4,"enemies":"The Mushroom Lair","floor":14,"turns":4},{"damage":36,"enemies":"The Guardian","floor":16,"turns":13},{"damage":6,"enemies":"2 Thieves","floor":18,"turns":3},{"damage":6,"enemies":"Shell Parasite","floor":19,"turns":2},{"damage":10,"enemies":"3 Cultists","floor":21,"turns":4},{"damage":19,"enemies":"Book of Stabbing","floor":24,"turns":4},{"damage":18,"enemies":"Slavers","floor":28,"turns":5},{"damage":17,"enemies":"Snake Plant","floor":30,"turns":4},{"damage":23,"enemies":"Book of Stabbing","floor":31,"turns":7},{"damage":17,"enemies":"Champ","floor":33,"turns":12},{"damage":35,"enemies":"3 Darklings","floor":35,"turns":5},{"damage":4,"enemies":"Nemesis","floor":41,"turns":7},{"damage":2,"enemies":"3 Shapes","floor":42,"turns":3},{"damage":44,"enemies":"Reptomancer","floor":45,"turns":9},{"damage":7,"enemies":"Jaw Worm Horde","floor":46,"turns":3},{"damage":57,"enemies":"Time Eater","floor":50,"turns":12}],"seed_played":"-6892522567687264956","potions_obtained":[{"floor":1,"key":"LiquidBronze"},{"floor":6,"key":"GamblersBrew"},{"floor":11,"key":"GamblersBrew"},{"floor":21,"key":"GhostInAJar"},{"floor":24,"key":"Weak Potion"},{"floor":28,"key":"Fruit Juice"},{"floor":42,"key":"AttackPotion"},{"floor":45,"key":"Strength Potion"}],"is_trial":false,"path_per_floor":["M","M","?","M","$","E","?","R","T","M","E","R","M","?","R","B",null,"M","M","$","M","?","R","E","?","T","R","E","R","M","E","R","B",null,"M","?","?","$","?","R","E","M","T","R","E","M","R","$","R","B"],"character_chosen":"THE_SILENT","items_purchased":["Dodge and Roll","Prepared","Kunai","War Paint","Swift Strike","Dodge and Roll","Endless Agony+1","PiercingWail"],"campfire_rested":7,"item_purchase_floors":[5,20,20,38,38,38,48,48],"current_hp_per_floor":[77,77,77,77,77,22,77,77,77,72,57,57,56,52,52,16,62,56,50,50,40,26,49,30,30,30,53,35,58,46,23,47,30,69,34,55,45,45,45,69,65,63,63,63,19,12,36,36,60,3],"gold":24,"neow_bonus":"TEN_PERCENT_HP_BONUS","is_prod":false,"is_daily":false,"chose_seed":false,"campfire_upgraded":4,"win_rate":0,"timestamp":1540188129,"path_taken":["M","M","?","?","$","E","?","R","T","?","E","R","M","?","R","BOSS","M","M","$","M","?","R","E","?","T","R","E","R","?","E","R","BOSS","M","?","?","$","?","R","E","?","T","R","E","M","R","?","R","BOSS"],"build_version":"2018-10-18","purchased_purges":1,"victory":true,"max_hp_per_floor":[77,77,77,77,77,77,77,77,77,77,77,77,77,77,77,77,77,77,77,77,77,77,77,77,77,77,77,77,77,82,82,82,82,82,82,82,82,82,82,82,82,82,82,82,82,82,82,82,82,82],"card_choices":[{"not_picked":["Crippling Poison","Dodge and Roll"],"picked":"Slice","floor":1},{"not_picked":["Blade Dance","Choke"],"picked":"Endless Agony","floor":2},{"not_picked":["Setup","Bane"],"picked":"Dagger Throw","floor":4},{"not_picked":["Heel Hook","Accuracy"],"picked":"Distraction","floor":6},{"not_picked":["Distraction","All Out Attack"],"picked":"Prepared","floor":10},{"not_picked":["Underhanded Strike","Tactician"],"picked":"Terror","floor":11},{"not_picked":["Predator","Underhanded Strike"],"picked":"Infinite Blades","floor":13},{"not_picked":["Deadly Poison","Flechettes"],"picked":"Quick Slash","floor":14},{"not_picked":["Phantasmal Killer","Wraith Form v2"],"picked":"Doppelganger","floor":16},{"not_picked":["Bane","Dodge and Roll"],"picked":"Backstab","floor":18},{"not_picked":["Blade Dance","Caltrops"],"picked":"Eviscerate+1","floor":19},{"not_picked":["Outmaneuver","Backflip"],"picked":"Acrobatics","floor":21},{"not_picked":["Bouncing Flask","Noxious Fumes"],"picked":"Cloak And Dagger","floor":24},{"not_picked":["Infinite Blades","Malaise"],"picked":"Leg Sweep","floor":28},{"not_picked":["Dash","PiercingWail+1"],"picked":"Distraction","floor":30},{"not_picked":["Dagger Spray","Crippling Poison"],"picked":"Flying Knee","floor":31},{"not_picked":["Burst","Corpse Explosion"],"picked":"After Image","floor":33},{"not_picked":["Dagger Throw","Slice"],"picked":"Dodge and Roll+1","floor":35},{"not_picked":["Sadistic Nature","The Bomb"],"picked":"Bandage Up","floor":37},{"not_picked":["Enlightenment","Thinking Ahead"],"picked":"Madness","floor":37},{"not_picked":["Panache","HandOfGreed"],"picked":"Deep Breath","floor":37},{"not_picked":["Underhanded Strike","Outmaneuver"],"picked":"Reflex+1","floor":41},{"not_picked":["Outmaneuver+1","Bouncing Flask+1"],"picked":"Dagger Throw+1","floor":42},{"not_picked":["Grand Finale+1","Crippling Poison+1"],"picked":"Quick Slash+1","floor":45},{"not_picked":["Well Laid Plans","Acrobatics+1"],"picked":"Deflect+1","floor":46}],"player_experience":288389,"relics_obtained":[{"floor":6,"key":"Centennial Puzzle"},{"floor":9,"key":"Oddly Smooth Stone"},{"floor":11,"key":"Bronze Scales"},{"floor":14,"key":"Odd Mushroom"},{"floor":24,"key":"Turnip"},{"floor":26,"key":"Sundial"},{"floor":28,"key":"Calipers"},{"floor":31,"key":"Letter Opener"},{"floor":41,"key":"Unceasing Top"},{"floor":43,"key":"Molten Egg 2"},{"floor":45,"key":"Omamori"}],"event_choices":[{"damage_healed":0,"gold_gain":0,"player_choice":"Cursed","damage_taken":0,"max_hp_gain":0,"max_hp_loss":0,"event_name":"Wheel of Change","floor":3,"gold_loss":0,"cards_obtained":["Decay"]},{"cards_removed":["Distraction"],"damage_healed":55,"gold_gain":0,"player_choice":"Offered Uncommon","damage_taken":0,"max_hp_gain":0,"max_hp_loss":0,"event_name":"Bonfire Elementals","floor":7,"gold_loss":0},{"damage_healed":0,"gold_gain":0,"player_choice":"Fought Mushrooms","damage_taken":0,"max_hp_gain":0,"max_hp_loss":0,"event_name":"Mushrooms","floor":14,"gold_loss":0},{"damage_healed":0,"gold_gain":90,"player_choice":"GOLD ","damage_taken":14,"max_hp_gain":0,"max_hp_loss":0,"event_name":"Knowing Skull","floor":22,"potions_obtained":[],"gold_loss":0,"cards_obtained":[]},{"cards_removed":["Strike_G"],"damage_healed":0,"gold_gain":0,"player_choice":"Gave Gold","damage_taken":0,"max_hp_gain":0,"max_hp_loss":0,"event_name":"Beggar","floor":25,"gold_loss":75},{"damage_healed":21,"gold_gain":0,"player_choice":"Writhe","damage_taken":0,"max_hp_gain":0,"max_hp_loss":0,"event_name":"Winding Halls","floor":36,"gold_loss":0,"cards_obtained":["Writhe"]},{"damage_healed":0,"gold_gain":0,"player_choice":"Memory 3","damage_taken":10,"max_hp_gain":0,"max_hp_loss":0,"event_name":"SensoryStone","floor":37,"gold_loss":0},{"cards_removed":["Bandage Up"],"damage_healed":0,"gold_gain":0,"player_choice":"Removed Skill","damage_taken":0,"max_hp_gain":0,"max_hp_loss":0,"event_name":"Falling","floor":39,"gold_loss":0}],"is_beta":false,"boss_relics":[{"not_picked":["Astrolabe","Calling Bell"],"picked":"WristBlade"},{"not_picked":["Black Star","Runic Pyramid"],"picked":"Runic Dome"}],"items_purged_floors":[5],"is_endless":false,"potions_floor_spawned":[1,6,11,16,18,21,24,28,42,45],"ascension_level":5}