{"gold_per_floor":[119,47,65,85,100,100,128,203,226,245,245,265,280,280,280,385,385,401,401,316,331,331,343,343,28,51,61,61,71,98,111,111,213,213,223,323,179,193,193,193,210,227,227,237,237,266,266,24,24,24],"floor_reached":51,"playtime":9887,"items_purged":[],"score":1067,"play_id":"0aa96aff-d5e8-403f-9a7f-ad11d8fe70d7","local_time":"20190915011621","is_ascension_mode":true,"campfire_choices":[{"floor":6,"key":"REST"},{"floor":15,"key":"REST"},{"data":"Capacitor","floor":24,"key":"SMITH"},{"floor":28,"key":"REST"},{"floor":32,"key":"REST"},{"data":"Consume","floor":40,"key":"SMITH"},{"floor":49,"key":"REST"}],"neow_cost":"NONE","seed_source_timestamp":13469274989437,"circlet_count":0,"master_deck":["AscendersBane","Strike_B+1","Strike_B+1","Strike_B+1","Strike_B+1","Defend_B+1","Defend_B+1","Defend_B+1","Defend_B+1","Zap","Dualcast","Coolheaded","Defragment+1","Go for the Eyes+1","Loop","Glacier","Genetic Algorithm","Leap","BootSequence","Streamline+1","Electrodynamics","Cold Snap+1","Capacitor+1","Redo","Go for the Eyes+1","Creative AI","Reprogram+1","Rainbow","Static Discharge","Undo+1","Loop","Consume+1","Streamline+1","Steam+1","Consume+1","Multi-Cast","Defragment"],"relics":["SlaversCollar","Bronze Scales","InkBottle","Shuriken","Velvet Choker","Bag of Marbles","Thread and Needle","Whetstone","DataDisk","Snecko Eye","Shovel","Orrery","Sundial","Toy Ornithopter","Chemical X"],"potions_floor_usage":[21,30,35,44,50,50],"damage_taken":[{"damage":6,"enemies":"Cultist","floor":1,"turns":4},{"damage":5,"enemies":"2 Louse","floor":3,"turns":4},{"damage":16,"enemies":"Small Slimes","floor":4,"turns":4},{"damage":7,"enemies":"Blue Slaver","floor":5,"turns":4},{"damage":38,"enemies":"Gremlin Nob","floor":7,"turns":7},{"damage":3,"enemies":"Exordium Wildlife","floor":10,"turns":6},{"damage":1,"enemies":"Large Slime","floor":12,"turns":9},{"damage":1,"enemies":"Looter","floor":13,"turns":4},{"damage":38,"enemies":"The Guardian","floor":16,"turns":13},{"damage":15,"enemies":"Spheric Guardian","floor":18,"turns":5},{"damage":8,"enemies":"Shell Parasite","floor":21,"turns":5},{"damage":10,"enemies":"Snake Plant","floor":23,"turns":4},{"damage":5,"enemies":"Centurion and Healer","floor":27,"turns":5},{"damage":9,"enemies":"Cultist and Chosen","floor":29,"turns":5},{"damage":21,"enemies":"Gremlin Leader","floor":30,"turns":7},{"damage":0,"enemies":"Snecko","floor":31,"turns":5},{"damage":20,"enemies":"Automaton","floor":33,"turns":11},{"damage":0,"enemies":"3 Shapes","floor":35,"turns":6},{"damage":0,"enemies":"Mind Bloom Boss Battle","floor":36,"turns":8},{"damage":8,"enemies":"3 Darklings","floor":38,"turns":4},{"damage":0,"enemies":"Spire Growth","floor":41,"turns":7},{"damage":28,"enemies":"Writhing Mass","floor":42,"turns":7},{"damage":0,"enemies":"Transient","floor":44,"turns":5},{"damage":63,"enemies":"Reptomancer","floor":46,"turns":9},{"damage":6,"enemies":"Donu and Deca","floor":50,"turns":10}],"seed_played":"-8591039810601026437","potions_obtained":[{"floor":3,"key":"SpeedPotion"},{"floor":5,"key":"DuplicationPotion"},{"floor":18,"key":"Regen Potion"},{"floor":23,"key":"Poison Potion"},{"floor":33,"key":"FairyPotion"},{"floor":35,"key":"DuplicationPotion"},{"floor":44,"key":"Energy Potion"},{"floor":46,"key":"Dexterity Potion"}],"is_trial":false,"path_per_floor":["M","$","M","M","M","R","E","?","T","M","?","M","M","T","R","B",null,"M","?","?","M","?","M","R","$","T","M","R","M","E","M","R","B",null,"M","?","$","M","?","R","M","M","T","M","?","E","?","$","R","B",null],"character_chosen":"DEFECT","items_purchased":["Defragment","Thread and Needle","Orrery","Chemical X","Defragment","PowerPotion"],"campfire_rested":5,"item_purchase_floors":[2,25,37,48,48,48],"current_hp_per_floor":[62,62,57,41,34,56,18,7,7,4,29,28,27,27,49,11,59,44,44,44,51,51,41,41,41,41,36,58,49,28,28,50,30,64,64,64,64,56,56,56,56,28,28,28,28,2,2,2,24,28],"gold":24,"neow_bonus":"BOSS_RELIC","is_prod":false,"is_daily":false,"chose_seed":false,"campfire_upgraded":2,"win_rate":0,"timestamp":1568524581,"path_taken":["M","$","?","M","M","R","E","?","T","M","?","M","M","?","R","BOSS","M","?","?","M","?","M","R","$","T","?","R","M","E","M","R","BOSS","M","?","$","M","?","R","M","M","T","?","?","E","?","$","R","BOSS"],"build_version":"2019-09-12","purchased_purges":0,"victory":true,"max_hp_per_floor":[75,75,75,75,75,75,75,75,75,75,75,75,75,75,75,75,75,75,75,75,75,75,75,75,75,75,75,75,75,75,75,75,75,75,75,75,75,75,75,75,75,75,75,75,75,75,75,75,75,75],"card_choices":[{"not_picked":["Compile Driver","Turbo"],"picked":"Coolheaded","floor":1},{"not_picked":["Recycle","Redo"],"picked":"Go for the Eyes","floor":3},{"not_picked":["Hologram","Conserve Battery"],"picked":"Loop","floor":4},{"not_picked":["Hello World","Steam"],"picked":"Glacier","floor":5},{"not_picked":["Hologram","Barrage"],"picked":"Genetic Algorithm","floor":7},{"not_picked":["Hologram","Barrage"],"picked":"Leap","floor":10},{"not_picked":["Redo","Loop"],"picked":"BootSequence","floor":12},{"not_picked":["Coolheaded","Rebound"],"picked":"Streamline","floor":13},{"not_picked":["Seek","Machine Learning"],"picked":"Electrodynamics","floor":16},{"not_picked":["Loop","Streamline"],"picked":"Cold Snap+1","floor":18},{"not_picked":["Compile Driver","Go for the Eyes"],"picked":"Capacitor","floor":21},{"not_picked":["Scrape","Coolheaded"],"picked":"Redo","floor":23},{"not_picked":["Rebound+1","Steam Power+1"],"picked":"Go for the Eyes+1","floor":27},{"not_picked":["Skim","Fission","Hologram"],"picked":"SKIP","floor":29},{"not_picked":["Go for the Eyes+1","Gash"],"picked":"Creative AI","floor":30},{"not_picked":["Tempest+1","Barrage"],"picked":"Reprogram+1","floor":31},{"not_picked":["Creative AI","Thunder Strike"],"picked":"Rainbow","floor":33},{"not_picked":["Rip and Tear+1","Scrape+1"],"picked":"Static Discharge","floor":35},{"not_picked":["Leap+1","Lockon"],"picked":"Undo+1","floor":37},{"not_picked":["Sweeping Beam+1","Steam+1"],"picked":"Loop","floor":37},{"not_picked":["FTL+1","Chill"],"picked":"Consume","floor":37},{"not_picked":["Barrage+1","Chaos"],"picked":"Streamline+1","floor":37},{"not_picked":["Aggregate","Hologram"],"picked":"Steam+1","floor":38},{"not_picked":["Mayhem","Trip"],"picked":"Finesse","floor":39},{"not_picked":["Sweeping Beam","Beam Cell","Streamline"],"picked":"SKIP","floor":41},{"not_picked":["Lockon","Beam Cell+1","Gash"],"picked":"SKIP","floor":42},{"not_picked":["Streamline","Storm"],"picked":"Consume+1","floor":44},{"not_picked":["Recycle","Streamline"],"picked":"Multi-Cast","floor":46}],"player_experience":418901,"relics_obtained":[{"floor":7,"key":"Bronze Scales"},{"floor":9,"key":"InkBottle"},{"floor":14,"key":"Shuriken"},{"floor":26,"key":"Whetstone"},{"floor":30,"key":"DataDisk"},{"floor":36,"key":"Shovel"},{"floor":43,"key":"Sundial"},{"floor":46,"key":"Toy Ornithopter"}],"event_choices":[{"damage_healed":0,"gold_gain":75,"player_choice":"Gather Gold","damage_taken":11,"max_hp_gain":0,"max_hp_loss":0,"event_name":"World of Goop","floor":8,"gold_loss":0},{"damage_healed":25,"gold_gain":0,"player_choice":"Banana","damage_taken":0,"max_hp_gain":0,"max_hp_loss":0,"event_name":"Big Fish","floor":11,"gold_loss":0},{"damage_healed":0,"gold_gain":0,"player_choice":"Simplicity","damage_taken":0,"max_hp_gain":0,"max_hp_loss":0,"event_name":"Back to Basics","floor":19,"gold_loss":0,"cards_upgraded":["Strike_B","Strike_B","Strike_B","Strike_B","Defend_B","Defend_B","Defend_B","Defend_B"]},{"damage_healed":0,"gold_gain":0,"player_choice":"Obtained Relic","damage_taken":0,"relics_obtained":["Bag of Marbles"],"max_hp_gain":0,"max_hp_loss":0,"event_name":"Addict","floor":20,"gold_loss":85},{"damage_healed":0,"gold_gain":0,"player_choice":"Forge","damage_taken":0,"max_hp_gain":0,"max_hp_loss":0,"event_name":"Accursed Blacksmith","floor":22,"gold_loss":0,"cards_upgraded":["Defragment"]},{"damage_healed":0,"gold_gain":0,"player_choice":"Fight","damage_taken":0,"max_hp_gain":0,"max_hp_loss":0,"event_name":"MindBloom","floor":36,"gold_loss":0},{"damage_healed":0,"gold_gain":0,"player_choice":"Memory 1","damage_taken":0,"max_hp_gain":0,"max_hp_loss":0,"event_name":"SensoryStone","floor":39,"gold_loss":0},{"damage_healed":0,"gold_gain":0,"player_choice":"Ignored","damage_taken":0,"max_hp_gain":0,"max_hp_loss":0,"event_name":"Tomb of Lord Red Mask","floor":45,"gold_loss":0},{"cards_removed":["Finesse"],"damage_healed":0,"gold_gain":0,"player_choice":"Purged","damage_taken":0,"max_hp_gain":0,"max_hp_loss":0,"event_name":"Purifier","floor":47,"gold_loss":0}],"is_beta":true,"boss_relics":[{"not_picked":["Fusion Hammer","Empty Cage"],"picked":"Velvet Choker"},{"not_picked":["Coffee Dripper","Runic Dome"],"picked":"Snecko Eye"}],"items_purged_floors":[],"is_endless":false,"potions_floor_spawned":[3,5,7,13,16,18,23,33,35,44,46],"ascension_level":12}