{"path_per_floor":["M","$","M","M","M","R","E","M","T","?","M","T","M","M","R","B",null,"M","$","M","M","?","R","E","R","T","R","?","M","M","?","R","B",null,"M","?","$","?","?","R","?","M","T","R","M","M","?","M","R","B"],"character_chosen":"DEFECT","items_purchased":["Gash","Skim","Gash","Pear","Beam Cell","Coolheaded"],"gold_per_floor":[119,3,18,31,51,51,76,87,164,164,182,209,227,242,242,342,342,352,31,45,57,57,57,84,84,84,84,7,21,37,0,0,105,105,121,121,24,24,79,79,79,94,120,120,138,151,151,167,167,167],"floor_reached":51,"campfire_rested":5,"playtime":3328,"current_hp_per_floor":[68,68,68,63,57,57,39,24,24,24,35,35,37,39,39,26,68,54,64,66,53,37,60,25,48,48,48,48,38,35,35,58,34,78,65,65,65,55,49,49,39,23,23,46,27,29,68,56,68,31],"items_purged":[],"gold":167,"score":671,"play_id":"b7d0c828-f103-47e2-9717-882e0015786a","local_time":"20180506083512","is_prod":false,"is_daily":false,"chose_seed":false,"is_ascension_mode":false,"campfire_upgraded":4,"timestamp":1525563312,"path_taken":["M","$","M","M","M","R","E","M","T","?","M","?","M","M","R","BOSS","M","$","M","M","?","R","E","R","T","R","?","M","M","?","R","BOSS","M","?","$","?","?","R","?","M","T","R","M","M","?","M","R","BOSS"],"build_version":"2018-05-03","seed_source_timestamp":2016885450769679,"purchased_purges":1,"victory":true,"master_deck":["Defend_B","Defend_B","Defend_B","Defend_B","Zap","Dualcast","Stack","Gash+1","Gash","Skim","Stack","FTL","Cold Snap","Coolheaded","Beam Cell+1","All For One+1","Streamline+1","Thunder Strike+1","Streamline+1","Skim","Gash+1","Rebound+1","J.A.X.","Defragment+1","Rebound","Seek","Defragment+1","Beam Cell","Coolheaded","Madness","Madness","Skim+1","Deep Breath","Apotheosis","Flash of Steel","Leap+1","Reprogram","Reprogram","Leap+1"],"max_hp_per_floor":[68,68,68,68,68,68,68,68,68,68,68,68,68,68,68,68,68,68,78,78,78,78,78,78,78,78,78,78,78,78,78,78,78,78,78,78,78,78,78,78,78,78,78,78,78,78,68,68,68,68],"relics":["Cracked Core","Blood Vial","Dodecahedron","Juzu Bracelet","Astrolabe","Pear","Enchiridion","Turnip","Whetstone","Sozu","Unceasing Top","Bag of Marbles"],"card_choices":[{"not_picked":["Beam Cell","Streamline"],"picked":"Gash","floor":1},{"not_picked":["Consume","Buffer"],"picked":"Stack","floor":3},{"not_picked":["Genetic Algorithm","Tempest"],"picked":"FTL","floor":7},{"not_picked":["Ball Lightning","Hologram"],"picked":"Cold Snap","floor":8},{"not_picked":["Turbo","Barrage"],"picked":"Coolheaded","floor":13},{"not_picked":["Axe Kick","Streamline"],"picked":"Beam Cell","floor":14},{"not_picked":["Thunder Strike","Fusion"],"picked":"All For One","floor":16},{"not_picked":["Rebound","Tempest"],"picked":"Skim","floor":18},{"not_picked":["Conserve Battery","Impulse"],"picked":"Beam Cell","floor":21},{"not_picked":["Doom and Gloom","Heatsinks"],"picked":"Rebound","floor":24},{"not_picked":["Auto Shields","Multi-Cast"],"picked":"Defragment","floor":29},{"not_picked":["Capacitor","Barrage"],"picked":"Rebound","floor":30},{"not_picked":["Prime","Meteor Strike"],"picked":"Seek","floor":33},{"not_picked":["Coolheaded","Undo"],"picked":"Defragment","floor":35},{"not_picked":["Axe Kick","Stack"],"picked":"Skim","floor":39},{"not_picked":["Panacea","Flash of Steel"],"picked":"Deep Breath","floor":41},{"not_picked":["Deep Breath","Flash of Steel"],"picked":"Apotheosis","floor":41},{"not_picked":["Dramatic Entrance","Enlightenment"],"picked":"Flash of Steel","floor":41},{"not_picked":["Force Field","Tempest"],"picked":"Leap","floor":42},{"not_picked":["Coolheaded","Barrage"],"picked":"Reprogram","floor":45},{"not_picked":["Capacitor","Beam Cell"],"picked":"Reprogram","floor":46},{"not_picked":["Melter","Recycle"],"picked":"Leap","floor":48}],"player_experience":33733,"potions_floor_usage":[7,11,11,21,24,33,42,50,50],"damage_taken":[{"damage":0,"enemies":"2 Louse","floor":1,"turns":2},{"damage":0,"enemies":"Cultist","floor":3,"turns":3},{"damage":5,"enemies":"Jaw Worm","floor":4,"turns":5},{"damage":6,"enemies":"Exordium Wildlife","floor":5,"turns":3},{"damage":18,"enemies":"Gremlin Nob","floor":7,"turns":5},{"damage":17,"enemies":"Gremlin Gang","floor":8,"turns":5},{"damage":0,"enemies":"3 Louse","floor":11,"turns":4},{"damage":0,"enemies":"Large Slime","floor":13,"turns":5},{"damage":0,"enemies":"Looter","floor":14,"turns":3},{"damage":15,"enemies":"The Guardian","floor":16,"turns":12},{"damage":14,"enemies":"Shell Parasite","floor":18,"turns":4},{"damage":0,"enemies":"Chosen","floor":20,"turns":2},{"damage":15,"enemies":"Slaver and Parasite","floor":21,"turns":5},{"damage":37,"enemies":"Slavers","floor":24,"turns":4},{"damage":12,"enemies":"Snake Plant","floor":29,"turns":3},{"damage":5,"enemies":"3 Cultists","floor":30,"turns":4},{"damage":26,"enemies":"Champ","floor":33,"turns":7},{"damage":13,"enemies":"Flame Bruiser 1 Orb","floor":35,"turns":5},{"damage":8,"enemies":"Mysterious Sphere","floor":39,"turns":4},{"damage":27,"enemies":"3 Darklings","floor":42,"turns":4},{"damage":21,"enemies":"Flame Bruiser 2 Orb","floor":45,"turns":5},{"damage":0,"enemies":"Maw","floor":46,"turns":6},{"damage":12,"enemies":"3 Darklings","floor":48,"turns":5},{"damage":37,"enemies":"Awakened One","floor":50,"turns":8}],"event_choices":[{"event_name":"The Lab","player_choice":"Got Potions","floor":10,"damage_taken":0},{"event_name":"Cursed Tome","player_choice":"Obtained Book","floor":22,"damage_taken":0},{"event_name":"Drug Dealer","player_choice":"Got JAXXED","floor":28,"damage_taken":0},{"event_name":"Masked Bandits","player_choice":"Paid Bandits 37 gold","floor":31,"damage_taken":0},{"event_name":"Winding Halls","player_choice":"Embrace Madness","floor":38,"damage_taken":0},{"event_name":"Mysterious Sphere","player_choice":"Fight","floor":39,"damage_taken":0},{"event_name":"SensoryStone","player_choice":"Memory 3","floor":41,"damage_taken":0},{"event_name":"The Moai Head","player_choice":"Heal","floor":47,"damage_taken":0}],"boss_relics":[{"not_picked":["Inserter","Philosopher\u0027s Stone"],"picked":"Astrolabe"},{"not_picked":["Calling Bell","Runic Dome"],"picked":"Sozu"}],"potions_floor_spawned":[3,5,7,8,11,20,21,24,29,33,39,48],"seed_played":"-2926640538420898740","ascension_level":0,"is_trial":false}