{"path_per_floor":["M","?","M","$","?","E","R","M","T","M","E","?","$","M","R","B",null,"M","?","M","?","M","E","M","?","T","?","$","R","M","E","R","B",null,"M","?","$","M","M","E","M","R","T","M","E","M","E","?","R","B"],"character_chosen":"IRONCLAD","items_purchased":["Happy Flower","Carnage","Jack Of All Trades","Dual Wield","Metallicize","Uppercut"],"gold_per_floor":[114,114,124,49,224,253,253,264,264,281,309,409,30,46,46,147,147,159,159,178,178,188,216,228,153,153,153,15,15,26,53,53,157,157,174,134,63,80,100,129,141,141,192,205,239,253,286,386,386,386],"floor_reached":51,"campfire_rested":0,"playtime":4290,"item_purchase_floors":[13,13,13,28,28,37],"current_hp_per_floor":[72,72,72,72,72,45,45,47,47,48,55,55,55,64,64,41,82,82,82,82,82,78,63,64,64,64,64,64,64,51,48,48,82,82,66,66,66,72,65,76,78,78,78,82,82,82,80,80,80,72],"items_purged":["Strike_R","Doubt"],"gold":386,"score":900,"play_id":"5ab66867-df0a-4aa8-87d0-3d2e4c99b62d","local_time":"20180520073234","is_prod":false,"is_daily":false,"chose_seed":false,"is_ascension_mode":true,"campfire_upgraded":6,"timestamp":1526815954,"campfire_choices":[{"data":"Carnage","floor":7,"key":"SMITH"},{"data":"Havoc","floor":15,"key":"SMITH"},{"data":"Demon Form","floor":29,"key":"SMITH"},{"data":"Limit Break","floor":32,"key":"SMITH"},{"data":"Dual Wield","floor":42,"key":"SMITH"},{"data":"Disarm","floor":49,"key":"SMITH"}],"path_taken":["M","?","?","?","?","E","R","M","T","M","E","?","$","?","R","BOSS","M","?","M","?","M","E","M","?","T","?","$","R","M","E","R","BOSS","M","?","$","M","M","E","M","R","T","?","E","M","E","?","R","BOSS"],"build_version":"2018-05-18","seed_source_timestamp":17548659911993,"purchased_purges":2,"victory":true,"master_deck":["Strike_R","Strike_R","Strike_R","Defend_R","Defend_R","Defend_R","Defend_R","Bash","Seeing Red","Clothesline","Carnage+1","Shrug It Off","Shrug It Off","Warcry","Clothesline","Demon Form+1","Carnage","Jack Of All Trades","Shrug It Off","Havoc+1","Limit Break+1","Burning Pact","Inflame","Metallicize","Cleave","Metallicize","Armaments+1","Blood for Blood","Twin Strike","Blood for Blood+1","Dual Wield+1","Dual Wield","Metallicize","Reaper","Havoc+1","Warcry","Offering","Sever Soul+1","Blood for Blood+1","Uppercut","Anger+1","Warcry+1","Shrug It Off","Iron Wave+1","Second Wind+1","Disarm+1","Shockwave","Clothesline+1","Headbutt+1","Intimidate","Twin Strike+1","Shockwave"],"max_hp_per_floor":[72,72,72,72,72,72,72,72,72,72,82,82,82,82,82,82,82,82,82,82,82,82,82,82,82,82,82,82,82,82,82,82,82,82,82,82,82,82,82,82,82,82,82,82,82,82,82,82,82,82],"relics":["Burning Blood","Sundial","Prayer Wheel","Magic Flower","Pear","Happy Flower","Black Star","Anchor","Orichalcum","Turnip","Pen Nib","Letter Opener","Meat on the Bone","Velvet Choker","Bag of Preparation","Bronze Scales","Omamori","Centennial Puzzle","Toolbox","Bottled Tornado","Question Card"],"card_choices":[{"not_picked":["Flame Barrier","Body Slam"],"picked":"Seeing Red","floor":1},{"not_picked":["Cleave","Ghostly Armor"],"picked":"Clothesline","floor":3},{"not_picked":["Berserk","Cleave"],"picked":"Carnage","floor":6},{"not_picked":["Cleave","True Grit"],"picked":"Shrug It Off","floor":8},{"not_picked":["Armaments","Perfected Strike"],"picked":"Shrug It Off","floor":8},{"not_picked":["True Grit","Corruption"],"picked":"Warcry","floor":10},{"not_picked":["Armaments","Thunderclap"],"picked":"Clothesline","floor":10},{"not_picked":["Headbutt","Evolve"],"picked":"Demon Form","floor":11},{"not_picked":["Second Wind","Sword Boomerang"],"picked":"Shrug It Off","floor":14},{"not_picked":["Clash","Sentinel"],"picked":"Havoc","floor":14},{"not_picked":["Bludgeon","Reaper"],"picked":"Limit Break","floor":16},{"not_picked":["Ghostly Armor","Bloodletting"],"picked":"Burning Pact","floor":18},{"not_picked":["Pommel Strike","Cleave+1"],"picked":"Inflame","floor":18},{"not_picked":["Hemokinesis+1","Heavy Blade"],"picked":"Metallicize","floor":20},{"not_picked":["Searing Blow+1","Rupture+1"],"picked":"Cleave","floor":20},{"not_picked":["Body Slam","Clash+1"],"picked":"Armaments+1","floor":22},{"not_picked":["Flex","Evolve"],"picked":"Blood for Blood","floor":22},{"not_picked":["Havoc","Power Through"],"picked":"Twin Strike","floor":23},{"not_picked":["Clash","Havoc"],"picked":"Blood for Blood+1","floor":24},{"not_picked":["Pommel Strike","Infernal Blade+1","Dual Wield"],"picked":"SKIP","floor":24},{"not_picked":["Pommel Strike","Infernal Blade+1"],"picked":"Dual Wield","floor":24},{"not_picked":["Perfected Strike","Iron Wave+1"],"picked":"Reaper","floor":30},{"not_picked":["Burning Pact","Evolve"],"picked":"Havoc+1","floor":30},{"not_picked":["Rampage","Entrench"],"picked":"Warcry","floor":31},{"not_picked":["Barricade","Demon Form"],"picked":"Offering","floor":33},{"not_picked":["Sword Boomerang","Dropkick+1"],"picked":"Sever Soul+1","floor":35},{"not_picked":["Heavy Blade","Headbutt"],"picked":"Blood for Blood+1","floor":35},{"not_picked":["Headbutt","Cleave"],"picked":"Anger+1","floor":38},{"not_picked":["Clothesline","Wild Strike+1","Twin Strike"],"picked":"SKIP","floor":38},{"not_picked":["Sword Boomerang","Wild Strike+1"],"picked":"Warcry+1","floor":39},{"not_picked":["Perfected Strike","Iron Wave"],"picked":"Shrug It Off","floor":39},{"not_picked":["Intimidate","Sentinel"],"picked":"Iron Wave+1","floor":40},{"not_picked":["Evolve+1","Sever Soul+1"],"picked":"Second Wind+1","floor":41},{"not_picked":["Feed","Headbutt+1"],"picked":"Disarm","floor":41},{"not_picked":["Havoc+1","Pommel Strike"],"picked":"Shockwave","floor":44},{"not_picked":["Fire Breathing","Heavy Blade"],"picked":"Clothesline+1","floor":44},{"not_picked":["Seeing Red","Feed"],"picked":"Headbutt+1","floor":45},{"not_picked":["True Grit+1","Rage+1"],"picked":"Intimidate","floor":46},{"not_picked":["Sentinel+1","Sever Soul+1"],"picked":"Twin Strike+1","floor":46},{"not_picked":["Bludgeon","Intimidate+1"],"picked":"Shockwave","floor":47}],"player_experience":88385,"potions_floor_usage":[6,14,20,23,30,31,33,33,45,50,50],"damage_taken":[{"damage":6,"enemies":"Jaw Worm","floor":1,"turns":4},{"damage":6,"enemies":"Cultist","floor":3,"turns":3},{"damage":33,"enemies":"3 Sentries","floor":6,"turns":12},{"damage":4,"enemies":"2 Louse","floor":8,"turns":3},{"damage":8,"enemies":"Red Slaver","floor":10,"turns":6},{"damage":12,"enemies":"Gremlin Nob","floor":11,"turns":5},{"damage":0,"enemies":"Lots of Slimes","floor":14,"turns":4},{"damage":32,"enemies":"Hexaghost","floor":16,"turns":8},{"damage":2,"enemies":"Chosen","floor":18,"turns":6},{"damage":2,"enemies":"Spheric Guardian","floor":20,"turns":3},{"damage":13,"enemies":"Centurion and Healer","floor":22,"turns":7},{"damage":24,"enemies":"Book of Stabbing","floor":23,"turns":6},{"damage":8,"enemies":"Snake Plant","floor":24,"turns":3},{"damage":22,"enemies":"Chosen and Byrds","floor":30,"turns":13},{"damage":18,"enemies":"Slavers","floor":31,"turns":7},{"damage":32,"enemies":"Collector","floor":33,"turns":11},{"damage":43,"enemies":"Flame Bruiser 1 Orb","floor":35,"turns":12},{"damage":5,"enemies":"3 Shapes","floor":38,"turns":4},{"damage":34,"enemies":"Sphere and 2 Shapes","floor":39,"turns":8},{"damage":48,"enemies":"Giant Head","floor":40,"turns":8},{"damage":7,"enemies":"3 Darklings","floor":41,"turns":5},{"damage":5,"enemies":"Maw","floor":44,"turns":7},{"damage":11,"enemies":"Nemesis","floor":45,"turns":7},{"damage":6,"enemies":"Sphere and 2 Shapes","floor":46,"turns":4},{"damage":23,"enemies":"2 Orb Walkers","floor":47,"turns":5},{"damage":56,"enemies":"Awakened One","floor":50,"turns":10}],"relics_obtained":[{"floor":6,"key":"Prayer Wheel"},{"floor":9,"key":"Magic Flower"},{"floor":11,"key":"Pear"},{"floor":23,"key":"Anchor"},{"floor":23,"key":"Orichalcum"},{"floor":26,"key":"Turnip"},{"floor":31,"key":"Letter Opener"},{"floor":31,"key":"Meat on the Bone"},{"floor":40,"key":"Bag of Preparation"},{"floor":40,"key":"Bronze Scales"},{"floor":43,"key":"Omamori"},{"floor":45,"key":"Centennial Puzzle"},{"floor":45,"key":"Toolbox"},{"floor":47,"key":"Bottled Tornado"},{"floor":47,"key":"Question Card"}],"event_choices":[{"event_name":"The Lab","player_choice":"Got Potions","floor":2,"damage_taken":0},{"event_name":"Liars Game","player_choice":"agreed","floor":5,"damage_taken":0},{"event_name":"Golden Shrine","player_choice":"Pray","floor":12,"damage_taken":0},{"event_name":"Ghosts","player_choice":"Ignored","floor":19,"damage_taken":0},{"event_name":"The Library","player_choice":"Read","floor":21,"damage_taken":0},{"event_name":"Beggar","player_choice":"Gave Gold","floor":25,"damage_taken":0},{"event_name":"The Mausoleum","player_choice":"Yes","floor":27,"damage_taken":0},{"event_name":"The Woman in Blue","player_choice":"Bought 3 Potions","floor":36,"damage_taken":0},{"event_name":"Golden Shrine","player_choice":"Pray","floor":48,"damage_taken":0}],"boss_relics":[{"not_picked":["Runic Cube","Astrolabe"],"picked":"Black Star"},{"not_picked":["White Beast Statue","Calling Bell"],"picked":"Velvet Choker"}],"items_purged_floors":[4,13],"potions_floor_spawned":[1,3,8,11,20,23,30,31,39,40,41,45,47],"seed_played":"4431460963709769098","ascension_level":1,"potions_obtained":[{"floor":1,"key":"SteroidPotion"},{"floor":2,"key":"Block Potion"},{"floor":2,"key":"Strength Potion"},{"floor":8,"key":"Energy Potion"},{"floor":11,"key":"AttackPotion"},{"floor":20,"key":"Fire Potion"},{"floor":23,"key":"Swift Potion"},{"floor":30,"key":"SteroidPotion"},{"floor":31,"key":"Block Potion"},{"floor":36,"key":"SpeedPotion"},{"floor":36,"key":"FearPotion"},{"floor":36,"key":"FairyPotion"},{"floor":41,"key":"Block Potion"},{"floor":45,"key":"Weak Potion"}],"is_trial":false}