{"gold_per_floor":[118,138,148,158,14,14,47,64,64,80,108,108,127,153,153,254,254,271,282,381,392,405,405,440,457,457,457,153,428,22,47,47,147,147,165,165,165,184,198,198,198],"floor_reached":41,"playtime":2451,"items_purged":["Strike_R","Defend_R","Regret"],"score":503,"play_id":"37a29b99-6dca-4460-a410-7e753d28c4ba","local_time":"20190816001852","is_ascension_mode":true,"campfire_choices":[{"data":"Intimidate","floor":6,"key":"SMITH"},{"floor":12,"key":"REST"},{"floor":15,"key":"REST"},{"floor":23,"key":"REST"},{"data":"Armaments","floor":32,"key":"SMITH"},{"floor":40,"key":"RECALL"}],"neow_cost":"NONE","seed_source_timestamp":40697878035900,"circlet_count":0,"master_deck":["Defend_R","Defend_R","Defend_R","Bash","Disarm","Thunderclap","Brutality","Pommel Strike","Intimidate+1","Combust","Armaments+1","Shockwave","Iron Wave","Evolve","Inflame","Feed","Offering","Wild Strike","Cleave+1","Feel No Pain+1","Warcry+1","True Grit+1","Bloodletting","Bite","Bite","Bite","Bite","Bite","Armaments+1","Double Tap","Battle Trance","Hemokinesis+1"],"relics":["Black Blood","Pantograph","Self Forming Clay","Nunchaku","Gremlin Horn","Black Star","Mummified Hand","Bottled Lightning","FossilizedHelix","Lee\u0027s Waffle","Medical Kit","Omamori","PreservedInsect"],"potions_floor_usage":[11,14,16,22,22,25,41],"damage_taken":[{"damage":5,"enemies":"Cultist","floor":1,"turns":4},{"damage":8,"enemies":"Small Slimes","floor":2,"turns":3},{"damage":5,"enemies":"Jaw Worm","floor":3,"turns":3},{"damage":12,"enemies":"Looter","floor":4,"turns":3},{"damage":35,"enemies":"Gremlin Nob","floor":7,"turns":5},{"damage":10,"enemies":"3 Louse","floor":8,"turns":4},{"damage":13,"enemies":"2 Fungi Beasts","floor":10,"turns":3},{"damage":16,"enemies":"3 Sentries","floor":11,"turns":6},{"damage":17,"enemies":"Red Slaver","floor":13,"turns":3},{"damage":14,"enemies":"Gremlin Nob","floor":14,"turns":4},{"damage":48,"enemies":"Hexaghost","floor":16,"turns":10},{"damage":23,"enemies":"Chosen","floor":18,"turns":7},{"damage":27,"enemies":"Shell Parasite","floor":19,"turns":7},{"damage":19,"enemies":"Cultist and Chosen","floor":21,"turns":5},{"damage":26,"enemies":"Snake Plant","floor":22,"turns":6},{"damage":31,"enemies":"Gremlin Leader","floor":24,"turns":6},{"damage":5,"enemies":"Snecko","floor":25,"turns":5},{"damage":43,"enemies":"Book of Stabbing","floor":31,"turns":7},{"damage":88,"enemies":"Automaton","floor":33,"turns":10},{"damage":10,"enemies":"Orb Walker","floor":35,"turns":2},{"damage":33,"enemies":"3 Darklings","floor":38,"turns":5},{"damage":42,"enemies":"4 Shapes","floor":39,"turns":5},{"damage":61,"enemies":"Reptomancer","floor":41,"turns":2}],"seed_played":"-5531524188717132085","potions_obtained":[{"floor":2,"key":"Weak Potion"},{"floor":8,"key":"Explosive Potion"},{"floor":13,"key":"Strength Potion"},{"floor":16,"key":"SteroidPotion"},{"floor":18,"key":"SteroidPotion"},{"floor":25,"key":"Fruit Juice"},{"floor":33,"key":"FairyPotion"},{"floor":38,"key":"LiquidBronze"}],"is_trial":false,"path_per_floor":["M","M","M","M","$","R","E","M","T","M","E","R","M","E","R","B",null,"M","M","?","M","M","R","E","M","T","?","$","?","$","E","R","B",null,"M","T","$","M","M","R","E"],"character_chosen":"IRONCLAD","items_purchased":["Combust","Lee\u0027s Waffle","Medical Kit","BloodPotion"],"campfire_rested":3,"item_purchase_floors":[5,28,30,30],"current_hp_per_floor":[80,78,79,73,73,73,44,40,40,33,23,47,36,28,52,35,80,63,42,42,32,12,36,11,17,17,17,68,68,68,43,43,19,72,76,76,76,66,42,42,0],"gold":198,"neow_bonus":"TRANSFORM_CARD","is_prod":false,"is_daily":false,"chose_seed":false,"campfire_upgraded":2,"win_rate":0,"timestamp":1565907532,"path_taken":["M","M","M","M","$","R","E","M","T","?","E","R","M","E","R","BOSS","M","M","?","M","M","R","E","M","T","?","$","?","$","E","R","BOSS","M","?","$","M","M","R","E"],"build_version":"2019-07-17","purchased_purges":3,"victory":false,"max_hp_per_floor":[80,80,80,80,80,80,80,80,80,80,80,80,80,80,80,80,80,80,80,80,83,83,83,83,88,88,61,68,68,68,68,68,72,72,76,76,76,76,79,79,79],"card_choices":[{"not_picked":["Clothesline","Wild Strike"],"picked":"Thunderclap","floor":1},{"not_picked":["True Grit","Hemokinesis"],"picked":"Brutality","floor":2},{"not_picked":["Clothesline","Body Slam"],"picked":"Pommel Strike","floor":3},{"not_picked":["Flex","Cleave"],"picked":"Intimidate","floor":4},{"not_picked":["Shrug It Off","Flex"],"picked":"Armaments","floor":7},{"not_picked":["Perfected Strike","Clothesline"],"picked":"Shockwave","floor":8},{"not_picked":["Headbutt","True Grit"],"picked":"Iron Wave","floor":10},{"not_picked":["Anger","Headbutt"],"picked":"Evolve","floor":11},{"not_picked":["Clothesline","Uppercut"],"picked":"Inflame","floor":13},{"not_picked":["Seeing Red","Spot Weakness"],"picked":"Feed","floor":14},{"not_picked":["Exhume","Brutality"],"picked":"Offering","floor":16},{"not_picked":["Clash+1","Shrug It Off"],"picked":"Wild Strike","floor":18},{"not_picked":["Flame Barrier","Seeing Red+1"],"picked":"Cleave+1","floor":19},{"not_picked":["Battle Trance","Pommel Strike"],"picked":"Feel No Pain+1","floor":21},{"not_picked":["Clash","Rage"],"picked":"Warcry+1","floor":22},{"not_picked":["Body Slam","Carnage"],"picked":"True Grit+1","floor":24},{"not_picked":["True Grit","Wild Strike"],"picked":"Bloodletting","floor":25},{"not_picked":["Whirlwind","Offering"],"picked":"Armaments+1","floor":31},{"not_picked":["Impervious","Juggernaut"],"picked":"Double Tap","floor":33},{"not_picked":["Cleave+1","Flex"],"picked":"Battle Trance","floor":35},{"not_picked":["Headbutt+1","Iron Wave"],"picked":"Hemokinesis+1","floor":38},{"not_picked":["Hemokinesis","Shrug It Off+1","Clothesline"],"picked":"SKIP","floor":39}],"player_experience":113753,"relics_obtained":[{"floor":7,"key":"Pantograph"},{"floor":9,"key":"Self Forming Clay"},{"floor":11,"key":"Nunchaku"},{"floor":14,"key":"Gremlin Horn"},{"floor":24,"key":"Mummified Hand"},{"floor":24,"key":"Bottled Lightning"},{"floor":26,"key":"FossilizedHelix"},{"floor":31,"key":"Omamori"},{"floor":31,"key":"PreservedInsect"}],"event_choices":[{"damage_healed":0,"gold_gain":99,"player_choice":"Stole From Cult","damage_taken":0,"max_hp_gain":0,"max_hp_loss":0,"event_name":"Nest","floor":20,"gold_loss":0},{"damage_healed":0,"gold_gain":0,"player_choice":"Became a vampire","damage_taken":0,"max_hp_gain":0,"max_hp_loss":27,"event_name":"Vampires","floor":27,"gold_loss":0,"cards_obtained":["Bite","Bite","Bite","Bite","Bite"]},{"damage_healed":0,"gold_gain":275,"player_choice":"Desecrate","damage_taken":0,"max_hp_gain":0,"max_hp_loss":0,"event_name":"Golden Shrine","floor":29,"gold_loss":0,"cards_obtained":["Regret"]}],"is_beta":false,"boss_relics":[{"not_picked":["Orrery","White Beast Statue"],"picked":"Black Star"},{"not_picked":["Astrolabe","Sozu"],"picked":"Black Blood"}],"items_purged_floors":[5,28,30],"is_endless":false,"potions_floor_spawned":[2,8,13,16,18,25,33,38,39],"killed_by":"Reptomancer","ascension_level":1}