{"gold_per_floor":[114,114,128,128,147,147,147,147,224,224,224,224,245,268,268,388,388,411,404,404,404,404,448,363,383,409,47,61,15,15,36,36,156,156,170,186,254,254,30,30,30,30,30,48,72,72,72,93,93,93],"floor_reached":51,"playtime":2986,"items_purged":[],"score":729,"play_id":"af9318d0-a1c1-4d97-ae19-a25f9ab98c96","local_time":"20181101030148","is_ascension_mode":false,"campfire_choices":[{"data":"Zap","floor":6,"key":"SMITH"},{"data":"Coolheaded","floor":8,"key":"SMITH"},{"data":"Rebound","floor":10,"key":"SMITH"},{"data":"Defend_B","floor":12,"key":"SMITH"},{"data":"Gash","floor":15,"key":"SMITH"},{"floor":30,"key":"REST"},{"floor":32,"key":"REST"},{"floor":40,"key":"REST"},{"data":"Echo Form","floor":42,"key":"SMITH"},{"floor":46,"key":"REST"},{"data":"Stack","floor":49,"key":"SMITH"}],"neow_cost":"TEN_PERCENT_HP_LOSS","seed_source_timestamp":1911787519953436,"circlet_count":0,"master_deck":["Strike_B+1","Defend_B+1","Defend_B+1","Defend_B+1","Defend_B+1","Zap+1","Dualcast+1","Chill+1","Rebound+1","Injury","Coolheaded+1","Gash+1","Gash+1","Echo Form+1","Strike_B+1","Strike_B+1","Defend_B+1","Defend_B+1","Defend_B+1","Defend_B+1","Zap+1","Dualcast+1","Cold Snap+1","Cold Snap+1","Coolheaded+1","Rip and Tear+1","Gash+1","Gash+1","Gash+1","Stack+1","Cold Snap+1","Barrage+1","Coolheaded+1","Creative AI+1","Strike_B+1","Strike_B+1","Strike_B+1","Strike_B+1","Defend_B+1","Defend_B+1","Defend_B+1","Defend_B+1","Zap+1","Dualcast+1","Loop+1","Cold Snap+1","Gash+1","Defragment+1","Loop+1","Gash+1","Turbo+1","Compile Driver+1","Writhe","Stack+1","Doom and Gloom+1","Stack+1"],"relics":["Cracked Core","Golden Idol","Cables","Inserter","Enchiridion","Mercury Hourglass","Singing Bowl","Centennial Puzzle","Du-Vu Doll","Cursed Key","WingedGreaves","The Courier","Spirit Poop","Mango","Mark of the Bloom"],"potions_floor_usage":[23,25,37,37,50,50,50],"damage_taken":[{"damage":1,"enemies":"Jaw Worm","floor":1,"turns":3},{"damage":0,"enemies":"2 Louse","floor":3,"turns":3},{"damage":4,"enemies":"Small Slimes","floor":5,"turns":3},{"damage":0,"enemies":"Looter","floor":13,"turns":3},{"damage":0,"enemies":"Large Slime","floor":14,"turns":5},{"damage":10,"enemies":"Hexaghost","floor":16,"turns":9},{"damage":17,"enemies":"Chosen","floor":18,"turns":5},{"damage":13,"enemies":"2 Thieves","floor":19,"turns":4},{"damage":19,"enemies":"Slavers","floor":23,"turns":7},{"damage":2,"enemies":"Centurion and Healer","floor":25,"turns":6},{"damage":0,"enemies":"Shelled Parasite and Fungi","floor":28,"turns":7},{"damage":3,"enemies":"Snake Plant","floor":31,"turns":5},{"damage":30,"enemies":"Automaton","floor":33,"turns":10},{"damage":2,"enemies":"Orb Walker","floor":35,"turns":4},{"damage":11,"enemies":"3 Shapes","floor":36,"turns":4},{"damage":15,"enemies":"2 Orb Walkers","floor":37,"turns":6},{"damage":15,"enemies":"3 Darklings","floor":44,"turns":7},{"damage":28,"enemies":"Maw","floor":45,"turns":7},{"damage":0,"enemies":"4 Shapes","floor":48,"turns":5},{"damage":40,"enemies":"Time Eater","floor":50,"turns":10}],"seed_played":"4919892634117059565","potions_obtained":[{"floor":1,"key":"LiquidBronze"},{"floor":16,"key":"SteroidPotion"},{"floor":18,"key":"FearPotion"},{"floor":23,"key":"Swift Potion"},{"floor":36,"key":"Fire Potion"},{"floor":44,"key":"Dexterity Potion"},{"floor":45,"key":"SpeedPotion"},{"floor":48,"key":"FocusPotion"}],"is_trial":false,"path_per_floor":["M","?","M","?","M","R","?","R","T","R","?","R","M","M","R","B",null,"M","M","?","?","?","E","?","M","T","$","M","$","R","M","R","B",null,"M","M","?","T","$","R","?","R","T","M","M","R","?","M","R","B",null],"character_chosen":"DEFECT","items_purchased":["Du-Vu Doll","Gash","Stack","Barrage","Defragment","Loop","Gash","Turbo","Compile Driver"],"campfire_rested":4,"item_purchase_floors":[27,27,27,29,39,39,39,39,39],"current_hp_per_floor":[67,67,67,67,63,63,56,56,56,56,42,42,42,42,42,32,68,51,38,22,22,44,25,25,23,23,23,23,23,43,40,60,30,68,66,55,40,40,40,60,60,60,74,59,31,55,55,55,55,15],"gold":93,"neow_bonus":"REMOVE_TWO","is_prod":false,"is_daily":false,"chose_seed":false,"campfire_upgraded":7,"win_rate":0,"timestamp":1541055708,"path_taken":["M","?","M","?","M","R","?","R","T","R","?","R","M","M","R","BOSS","M","M","?","?","?","E","?","M","T","$","M","$","R","M","R","BOSS","M","M","?","?","$","R","?","R","T","?","M","R","?","M","R","BOSS"],"build_version":"2018-10-31","purchased_purges":0,"victory":true,"max_hp_per_floor":[68,68,68,68,68,68,68,68,68,68,68,68,68,68,68,68,68,68,68,68,68,68,68,68,68,68,68,68,68,68,68,68,68,68,68,68,68,68,68,68,68,68,82,82,82,82,82,82,82,82],"card_choices":[{"not_picked":["Tempest","Hologram"],"picked":"Chill","floor":1},{"not_picked":["Lockon","Auto Shields"],"picked":"Rebound","floor":3},{"not_picked":["Leap","Rebound"],"picked":"Coolheaded","floor":5},{"not_picked":["Undo","Storm"],"picked":"Gash","floor":13},{"not_picked":["Hologram","Scrape"],"picked":"Gash","floor":14},{"not_picked":["Core Surge","Biased Cognition"],"picked":"Echo Form","floor":16},{"not_picked":["Redo","Barrage"],"picked":"Cold Snap","floor":18},{"not_picked":["Conserve Battery+1","Stack+1"],"picked":"Cold Snap","floor":19},{"not_picked":["Beam Cell","Barrage"],"picked":"Gash+1","floor":23},{"not_picked":["Compile Driver","Redo"],"picked":"Gash+1","floor":25},{"not_picked":["Conserve Battery","Fission"],"picked":"Cold Snap","floor":28},{"not_picked":["Steam","Stack"],"picked":"Coolheaded","floor":31},{"not_picked":["Core Surge","Seek"],"picked":"Creative AI","floor":33},{"not_picked":["Heatsinks","Turbo"],"picked":"Loop+1","floor":35},{"not_picked":["Beam Cell","Tempest"],"picked":"Cold Snap+1","floor":36},{"not_picked":["Undo+1","FTL+1"],"picked":"Gash","floor":37},{"not_picked":["Rip and Tear+1","Rebound+1"],"picked":"Stack+1","floor":44},{"not_picked":["Steam","BootSequence"],"picked":"Doom and Gloom","floor":45},{"not_picked":["Tempest+1","Sunder+1"],"picked":"Stack","floor":48}],"player_experience":119821,"relics_obtained":[{"floor":9,"key":"Cables"},{"floor":20,"key":"Enchiridion"},{"floor":23,"key":"Mercury Hourglass"},{"floor":26,"key":"Centennial Puzzle"},{"floor":37,"key":"WingedGreaves"},{"floor":38,"key":"The Courier"},{"floor":43,"key":"Mango"}],"event_choices":[{"damage_healed":0,"gold_gain":0,"player_choice":"Grow","damage_taken":0,"max_hp_gain":0,"max_hp_loss":0,"event_name":"Living Wall","floor":2,"gold_loss":0,"cards_upgraded":["Chill"]},{"damage_healed":0,"gold_gain":0,"player_choice":"Take Wound","damage_taken":0,"relics_obtained":["Golden Idol"],"max_hp_gain":0,"max_hp_loss":0,"event_name":"Golden Idol","floor":4,"gold_loss":0,"cards_obtained":["Injury"]},{"cards_removed":["Strike_B"],"damage_healed":0,"gold_gain":0,"player_choice":"Card Removal","damage_taken":7,"max_hp_gain":0,"max_hp_loss":0,"event_name":"Golden Wing","floor":7,"gold_loss":0},{"damage_healed":0,"gold_gain":0,"player_choice":"Entered Light","damage_taken":14,"max_hp_gain":0,"max_hp_loss":0,"event_name":"Shining Light","floor":11,"gold_loss":0,"cards_upgraded":["Defend_B","Dualcast"]},{"damage_healed":0,"gold_gain":0,"player_choice":"Obtained Book","damage_taken":16,"max_hp_gain":0,"max_hp_loss":0,"event_name":"Cursed Tome","floor":20,"gold_loss":0},{"damage_healed":0,"gold_gain":0,"cards_transformed":["Strike_B","Strike_B"],"player_choice":"Became Test Subject","damage_taken":0,"max_hp_gain":0,"max_hp_loss":0,"event_name":"Drug Dealer","floor":21,"gold_loss":0,"cards_obtained":["Coolheaded","Rip and Tear"]},{"damage_healed":22,"gold_gain":0,"player_choice":"Heal","damage_taken":0,"max_hp_gain":0,"max_hp_loss":0,"event_name":"The Library","floor":22,"gold_loss":0},{"damage_healed":0,"gold_gain":0,"player_choice":"Obtained Relic","damage_taken":0,"relics_obtained":["Singing Bowl"],"max_hp_gain":0,"max_hp_loss":0,"event_name":"Addict","floor":24,"gold_loss":85},{"damage_healed":0,"gold_gain":0,"player_choice":"Fight","damage_taken":0,"max_hp_gain":0,"max_hp_loss":0,"event_name":"Mysterious Sphere","floor":37,"gold_loss":0},{"cards_removed":["Clumsy"],"damage_healed":0,"gold_gain":0,"player_choice":"Offered Curse","damage_taken":0,"relics_obtained":["Spirit Poop"],"max_hp_gain":0,"max_hp_loss":0,"event_name":"Bonfire Elementals","floor":41,"gold_loss":0},{"damage_healed":0,"gold_gain":0,"player_choice":"Upgrade","damage_taken":0,"relics_obtained":["Mark of the Bloom"],"max_hp_gain":0,"max_hp_loss":0,"event_name":"MindBloom","floor":47,"gold_loss":0,"cards_upgraded":["Strike_B","Defend_B","Defend_B","Gash","Strike_B","Strike_B","Defend_B","Defend_B","Defend_B","Defend_B","Zap","Dualcast","Cold Snap","Cold Snap","Coolheaded","Rip and Tear","Gash","Stack","Cold Snap","Barrage","Coolheaded","Creative AI","Strike_B","Strike_B","Strike_B","Strike_B","Defend_B","Defend_B","Defend_B","Defend_B","Zap","Dualcast","Gash","Defragment","Loop","Gash","Turbo","Compile Driver","Doom and Gloom"]}],"is_beta":true,"boss_relics":[{"not_picked":["Orrery","Black Star"],"picked":"Inserter"},{"not_picked":["Coffee Dripper","Pandora\u0027s Box"],"picked":"Cursed Key"}],"items_purged_floors":[],"is_endless":false,"potions_floor_spawned":[1,16,18,23,36,44,45,48],"ascension_level":0}