{"gold_per_floor":[114,129,129,144,159,189,29,44,119,134,134,149,114,129,129,229,229,244,259,174,204,279,309,324,324,374,389,219,234,249,264,264,364,364,379,379,394,409,409,409,439,439,489,489,504,61,76,91,91,91],"floor_reached":51,"playtime":1808,"items_purged":["Strike_G","Strike_G","Strike_G"],"score":732,"play_id":"6ae09df0-e98e-43f5-ad2c-9ce58889eb85","local_time":"20190610102242","daily_mods":["Heirloom","Uncertain Future","Night Terrors"],"is_ascension_mode":false,"campfire_choices":[{"data":"Dash","floor":11,"key":"SMITH"},{"data":"Cloak And Dagger","floor":15,"key":"SMITH"},{"data":"Catalyst","floor":25,"key":"SMITH"},{"data":"Catalyst","floor":32,"key":"SMITH"},{"data":"Noxious Fumes","floor":40,"key":"SMITH"},{"floor":44,"key":"REST"},{"data":"Catalyst","floor":49,"key":"SMITH"}],"neow_cost":"","seed_source_timestamp":0,"circlet_count":0,"master_deck":["Defend_G","Defend_G","Defend_G","Defend_G","Defend_G","Strike_G","Survivor","Neutralize","Dash+1","Quick Slash","Dagger Spray","Deadly Poison","Bouncing Flask","Noxious Fumes+1","Backflip","Poisoned Stab+1","Cloak And Dagger+1","After Image","Sucker Punch+1","Catalyst+1","Cloak And Dagger+1","Escape Plan","Crippling Poison","Catalyst+1","Corpse Explosion","Deadly Poison+1","Blade Dance+1","Catalyst+1"],"special_seed":18057,"relics":["Ring of the Snake","Torii","Anchor","Molten Egg 2","Matryoshka","Philosopher\u0027s Stone","Regal Pillow","Tiny Chest","Darkstone Periapt","Paper Crane","Bottled Tornado","Pear","Blood Vial","Busted Crown","Omamori","Juzu Bracelet","Bag of Preparation","Meat on the Bone"],"potions_floor_usage":[6,16,18,23,33,33,41,50,50,50],"damage_taken":[{"damage":1,"enemies":"Cultist","floor":1,"turns":4},{"damage":0,"enemies":"Jaw Worm","floor":2,"turns":3},{"damage":0,"enemies":"Small Slimes","floor":4,"turns":3},{"damage":1,"enemies":"Looter","floor":5,"turns":3},{"damage":1,"enemies":"3 Sentries","floor":6,"turns":5},{"damage":18,"enemies":"Exordium Thugs","floor":8,"turns":5},{"damage":0,"enemies":"Blue Slaver","floor":10,"turns":4},{"damage":0,"enemies":"Red Slaver","floor":12,"turns":3},{"damage":0,"enemies":"2 Fungi Beasts","floor":14,"turns":3},{"damage":2,"enemies":"The Guardian","floor":16,"turns":8},{"damage":6,"enemies":"2 Thieves","floor":18,"turns":4},{"damage":1,"enemies":"Shell Parasite","floor":19,"turns":5},{"damage":15,"enemies":"Slavers","floor":23,"turns":5},{"damage":0,"enemies":"Centurion and Healer","floor":24,"turns":6},{"damage":4,"enemies":"Sentry and Sphere","floor":27,"turns":7},{"damage":12,"enemies":"Shelled Parasite and Fungi","floor":29,"turns":5},{"damage":0,"enemies":"Centurion and Healer","floor":30,"turns":7},{"damage":0,"enemies":"Snecko","floor":31,"turns":5},{"damage":30,"enemies":"Collector","floor":33,"turns":6},{"damage":0,"enemies":"3 Shapes","floor":35,"turns":4},{"damage":0,"enemies":"Orb Walker","floor":37,"turns":4},{"damage":0,"enemies":"Transient","floor":38,"turns":5},{"damage":62,"enemies":"Reptomancer","floor":41,"turns":9},{"damage":11,"enemies":"Maw","floor":45,"turns":4},{"damage":12,"enemies":"Sphere and 2 Shapes","floor":47,"turns":4},{"damage":0,"enemies":"Transient","floor":48,"turns":5},{"damage":31,"enemies":"Awakened One","floor":50,"turns":12}],"seed_played":"-5273660921694775926","potions_obtained":[{"floor":2,"key":"FearPotion"},{"floor":5,"key":"AttackPotion"},{"floor":6,"key":"GamblersBrew"},{"floor":19,"key":"AttackPotion"},{"floor":23,"key":"Dexterity Potion"},{"floor":27,"key":"PowerPotion"},{"floor":35,"key":"Poison Potion"},{"floor":37,"key":"AttackPotion"},{"floor":41,"key":"SpeedPotion"}],"is_trial":false,"path_per_floor":["M","M","?","M","M","E","$","M","T","M","R","M","?","M","R","B",null,"M","M","?","T","T","E","M","R","T","M","$","M","M","M","R","B",null,"M","T","M","M","?","R","E","?","T","R","M","$","M","M","R","B",null],"character_chosen":"THE_SILENT","items_purchased":["Noxious Fumes","Fire Potion","Escape Plan","Meat on the Bone","Catalyst"],"campfire_rested":1,"item_purchase_floors":[7,7,28,46,46],"current_hp_per_floor":[69,69,62,62,61,60,60,42,42,42,42,42,59,59,59,57,70,64,63,63,63,63,58,58,58,58,56,56,46,48,50,50,22,80,80,80,80,80,80,80,18,18,18,75,64,64,54,56,56,39],"gold":91,"neow_bonus":"","is_prod":false,"is_daily":true,"chose_seed":false,"campfire_upgraded":6,"win_rate":0,"timestamp":1560158562,"path_taken":["M","?","?","M","M","E","$","M","T","M","R","M","?","M","R","BOSS","M","M","?","?","?","E","M","R","T","M","$","M","M","M","R","BOSS","M","?","M","M","?","R","E","?","T","R","M","$","M","M","R","BOSS"],"build_version":"2019-01-23","purchased_purges":3,"victory":true,"max_hp_per_floor":[70,70,70,70,70,70,70,70,70,70,70,70,70,70,70,70,70,70,70,70,70,70,80,80,80,80,80,80,80,80,80,80,80,80,80,80,80,80,80,80,80,80,80,75,75,75,75,75,75,75],"card_choices":[{"not_picked":["Sucker Punch","Flying Knee"],"picked":"Dash","floor":1},{"not_picked":["Flying Knee","Blur"],"picked":"Quick Slash","floor":2},{"not_picked":["Tactician","Expertise"],"picked":"Dagger Spray","floor":4},{"not_picked":["Terror","Phantasmal Killer"],"picked":"Deadly Poison","floor":5},{"not_picked":["Burst","Dagger Throw"],"picked":"Bouncing Flask","floor":6},{"not_picked":["Dagger Spray+1","Reflex"],"picked":"Backflip","floor":8},{"not_picked":["Acrobatics","Terror"],"picked":"Poisoned Stab+1","floor":10},{"not_picked":["Prepared","Burst"],"picked":"Cloak And Dagger","floor":12},{"not_picked":["Underhanded Strike+1","Concentrate","Blade Dance"],"picked":"SKIP","floor":14},{"not_picked":["Glass Knife+1","Malaise"],"picked":"After Image","floor":16},{"not_picked":["Tactician","Deadly Poison"],"picked":"Sucker Punch+1","floor":18},{"not_picked":["Flying Knee+1","Outmaneuver","All Out Attack+1"],"picked":"SKIP","floor":19},{"not_picked":["Prepared","Expertise"],"picked":"Catalyst","floor":23},{"not_picked":["Deadly Poison","Reflex"],"picked":"Cloak And Dagger+1","floor":24},{"not_picked":["Concentrate+1","Choke+1","Sucker Punch+1"],"picked":"SKIP","floor":27},{"not_picked":["Leg Sweep","Caltrops+1"],"picked":"Crippling Poison","floor":29},{"not_picked":["Dagger Spray+1","Crippling Poison"],"picked":"Catalyst","floor":30},{"not_picked":["Sucker Punch+1","Bouncing Flask","Heel Hook+1"],"picked":"SKIP","floor":31},{"not_picked":["Venomology","Envenom"],"picked":"Corpse Explosion","floor":33},{"not_picked":[],"picked":"Deadly Poison+1","floor":35},{"not_picked":["Poisoned Stab+1"],"picked":"SKIP","floor":37},{"not_picked":[],"picked":"Blade Dance+1","floor":38},{"not_picked":["Grand Finale+1"],"picked":"SKIP","floor":41},{"not_picked":["Poisoned Stab+1"],"picked":"SKIP","floor":45},{"not_picked":["Deflect"],"picked":"SKIP","floor":47},{"not_picked":["Predator+1"],"picked":"SKIP","floor":48}],"player_experience":137692,"relics_obtained":[{"floor":6,"key":"Molten Egg 2"},{"floor":9,"key":"Matryoshka"},{"floor":21,"key":"Tiny Chest"},{"floor":21,"key":"Darkstone Periapt"},{"floor":22,"key":"Paper Crane"},{"floor":22,"key":"Bottled Tornado"},{"floor":23,"key":"Pear"},{"floor":26,"key":"Blood Vial"},{"floor":36,"key":"Omamori"},{"floor":41,"key":"Juzu Bracelet"},{"floor":43,"key":"Bag of Preparation"}],"event_choices":[{"damage_healed":0,"gold_gain":0,"player_choice":"Success","damage_taken":7,"relics_obtained":["Anchor"],"max_hp_gain":0,"max_hp_loss":0,"event_name":"Scrap Ooze","floor":3,"gold_loss":0},{"damage_healed":17,"gold_gain":0,"player_choice":"Healed","damage_taken":0,"max_hp_gain":0,"max_hp_loss":0,"event_name":"The Cleric","floor":13,"gold_loss":35},{"damage_healed":0,"gold_gain":0,"player_choice":"Obtained Relic","damage_taken":0,"relics_obtained":["Regal Pillow"],"max_hp_gain":0,"max_hp_loss":0,"event_name":"Addict","floor":20,"gold_loss":85},{"cards_removed":["Strike_G"],"damage_healed":0,"gold_gain":0,"player_choice":"Removed Attack","damage_taken":0,"max_hp_gain":0,"max_hp_loss":0,"event_name":"Falling","floor":39,"gold_loss":0},{"damage_healed":0,"gold_gain":0,"player_choice":"Ignored","damage_taken":0,"max_hp_gain":0,"max_hp_loss":0,"event_name":"The Moai Head","floor":42,"gold_loss":0}],"is_beta":false,"boss_relics":[{"not_picked":["Black Star","Ring of the Serpent"],"picked":"Philosopher\u0027s Stone"},{"not_picked":["Orrery","Velvet Choker"],"picked":"Busted Crown"}],"items_purged_floors":[7,28,46],"is_endless":false,"potions_floor_spawned":[2,5,6,10,14,19,23,27,31,35,37,41],"ascension_level":0}