{"path_per_floor":["M","M","?","?","M","R","M","E","T","E","M","E","M","E","R","B",null,"M","?","M","$","M","R","$","M","T","E","R","M","?","?","R","B",null,"M","M","?","?","M","R","E","?","T","$","?","$","R","?","R","B"],"character_chosen":"IRONCLAD","items_purchased":["Pen Nib","Darkstone Periapt","Armaments","SkillPotion","Swift Potion","Block Potion","Master of Strategy","Blind"],"gold_per_floor":[17,35,35,135,151,151,136,170,170,195,215,250,267,299,299,402,402,416,416,434,5,24,24,24,41,68,94,94,110,110,139,139,244,244,259,274,496,496,516,516,548,548,548,422,422,11,11,11,11,11],"floor_reached":51,"campfire_rested":3,"playtime":2541,"current_hp_per_floor":[78,77,77,77,80,80,69,56,56,52,52,51,39,28,52,44,80,76,61,57,57,55,55,55,49,49,43,43,41,41,44,44,8,85,68,68,68,57,53,53,41,41,41,41,41,41,81,81,85,26],"items_purged":["Regret"],"gold":11,"score":773,"play_id":"c03d0aee-37fe-4fa6-b47e-d0bb6aa9096a","local_time":"20180509161047","is_prod":false,"is_daily":false,"chose_seed":false,"is_ascension_mode":false,"campfire_upgraded":5,"timestamp":1525849847,"path_taken":["M","M","?","?","M","R","M","E","T","E","M","E","M","E","R","BOSS","M","?","M","$","M","R","?","?","T","E","R","M","?","?","R","BOSS","M","M","?","?","M","R","E","?","T","$","?","$","R","?","R","BOSS"],"build_version":"2018-05-08","seed_source_timestamp":111349296084109,"purchased_purges":1,"victory":true,"master_deck":["Strike_R","Strike_R","Strike_R","Strike_R","Strike_R","Defend_R","Defend_R","Defend_R","Defend_R","Bash","Double Tap","Twin Strike","Whirlwind+1","Inflame+1","Uppercut","Clothesline+1","Battle Trance","Thunderclap+1","Iron Wave+1","Fiend Fire+1","Thunderclap+1","Iron Wave+1","Armaments+1","Bloodletting","Disarm+1","Reckless Charge+1","Battle Trance","Pummel+1","Inflame+1","Clash+1","Limit Break+1","Pommel Strike+1","Sword Boomerang+1","Madness","Madness","Disarm+1","Demon Form","Perfected Strike+1","Master of Strategy","Blind","Berserk","Panacea"],"max_hp_per_floor":[80,80,80,80,80,80,80,80,80,80,80,80,80,80,80,80,80,80,85,85,85,85,85,85,85,85,85,85,85,85,85,85,85,85,85,85,85,85,85,85,85,85,85,85,85,85,85,85,85,85],"relics":["Burning Blood","Orichalcum","Molten Egg 2","Bronze Scales","Bag of Preparation","Dodecahedron","Prayer Wheel","Philosopher\u0027s Stone","Pen Nib","Darkstone Periapt","Juzu Bracelet","Regal Pillow","Red Mask","Mark of Pain","Paper Frog","Question Card"],"card_choices":[{"not_picked":["Berserk","Offering"],"picked":"Double Tap","floor":0},{"not_picked":["True Grit","Thunderclap"],"picked":"Twin Strike","floor":1},{"not_picked":["Heavy Blade","Rage"],"picked":"Whirlwind","floor":2},{"not_picked":["Iron Wave","Berserk"],"picked":"Inflame","floor":5},{"not_picked":["Warcry","Feel No Pain"],"picked":"Uppercut","floor":7},{"not_picked":["Second Wind","Headbutt"],"picked":"Cleave","floor":8},{"not_picked":["Infernal Blade","Clash"],"picked":"Clothesline","floor":10},{"not_picked":["Thunderclap","Anger"],"picked":"Battle Trance","floor":12},{"not_picked":["Heavy Blade","Clothesline"],"picked":"Thunderclap","floor":13},{"not_picked":["Warcry","Flame Barrier"],"picked":"Iron Wave","floor":14},{"not_picked":["Dark Embrace","Feed"],"picked":"Fiend Fire","floor":16},{"not_picked":["Anger","Clothesline"],"picked":"Thunderclap","floor":18},{"not_picked":["Warcry","Combust"],"picked":"Iron Wave","floor":20},{"not_picked":["Cleave","Warcry"],"picked":"Bloodletting","floor":22},{"not_picked":["Twin Strike","Thunderclap"],"picked":"Disarm","floor":25},{"not_picked":["Sword Boomerang","Seeing Red"],"picked":"Reckless Charge","floor":26},{"not_picked":["Cleave","Thunderclap"],"picked":"Battle Trance","floor":27},{"not_picked":["Flex","Body Slam"],"picked":"Pummel","floor":29},{"not_picked":["Sever Soul","Feed"],"picked":"Clash","floor":31},{"not_picked":["Juggernaut","Offering"],"picked":"Limit Break","floor":33},{"not_picked":["Headbutt","Dropkick"],"picked":"Pommel Strike","floor":35},{"not_picked":["Shrug It Off","Twin Strike"],"picked":"Sword Boomerang","floor":36},{"not_picked":["Warcry","Corruption"],"picked":"Disarm","floor":39},{"not_picked":["Shockwave","Corruption"],"picked":"Demon Form","floor":41},{"not_picked":["Cleave","Second Wind"],"picked":"Perfected Strike","floor":43}],"player_experience":58619,"potions_floor_usage":[10,10,10,16,18,31,33,33,41,50,50],"damage_taken":[{"damage":8,"enemies":"Jaw Worm","floor":1,"turns":3},{"damage":7,"enemies":"Small Slimes","floor":2,"turns":4},{"damage":3,"enemies":"Cultist","floor":5,"turns":3},{"damage":17,"enemies":"Exordium Thugs","floor":7,"turns":4},{"damage":19,"enemies":"Gremlin Nob","floor":8,"turns":5},{"damage":10,"enemies":"Lagavulin","floor":10,"turns":5},{"damage":6,"enemies":"Looter","floor":11,"turns":2},{"damage":7,"enemies":"Gremlin Nob","floor":12,"turns":4},{"damage":18,"enemies":"Lots of Slimes","floor":13,"turns":3},{"damage":17,"enemies":"Lagavulin","floor":14,"turns":5},{"damage":14,"enemies":"Slime Boss","floor":16,"turns":6},{"damage":10,"enemies":"2 Thieves","floor":18,"turns":2},{"damage":10,"enemies":"Shell Parasite","floor":20,"turns":3},{"damage":8,"enemies":"Chosen and Byrds","floor":22,"turns":4},{"damage":12,"enemies":"Snake Plant","floor":25,"turns":3},{"damage":12,"enemies":"Gremlin Leader","floor":27,"turns":4},{"damage":8,"enemies":"Centurion and Healer","floor":29,"turns":3},{"damage":3,"enemies":"Masked Bandits","floor":31,"turns":1},{"damage":42,"enemies":"Collector","floor":33,"turns":8},{"damage":23,"enemies":"Flame Bruiser 1 Orb","floor":35,"turns":4},{"damage":6,"enemies":"Orb Walker","floor":36,"turns":2},{"damage":10,"enemies":"Flame Bruiser 2 Orb","floor":39,"turns":5},{"damage":18,"enemies":"2 Orb Walkers","floor":41,"turns":3},{"damage":65,"enemies":"Awakened One","floor":50,"turns":8}],"event_choices":[{"event_name":"Big Fish","player_choice":"Box","floor":3,"damage_taken":0},{"event_name":"Golden Shrine","player_choice":"Pray","floor":4,"damage_taken":0},{"event_name":"Forgotten Altar","player_choice":"Shed Blood","floor":19,"damage_taken":0},{"event_name":"The Library","player_choice":"Read","floor":30,"damage_taken":0},{"event_name":"Masked Bandits","player_choice":"Fought over 110 gold","floor":31,"damage_taken":0},{"event_name":"Tomb of Lord Red Mask","player_choice":"Wore Mask","floor":37,"damage_taken":0},{"event_name":"Winding Halls","player_choice":"Embrace Madness","floor":38,"damage_taken":0},{"event_name":"The Moai Head","player_choice":"Ignored","floor":42,"damage_taken":0},{"event_name":"Match and Keep!","player_choice":"2 cards matched","floor":48,"damage_taken":0}],"boss_relics":[{"not_picked":["Lizard Tail","Tiny House"],"picked":"Philosopher\u0027s Stone"},{"not_picked":["Runic Dome","Astrolabe"],"picked":"Mark of Pain"}],"potions_floor_spawned":[1,7,8,10,14,25,27,31,39],"seed_played":"-3619372048853487238","ascension_level":0,"is_trial":false}