{"gold_per_floor":[119,119,119,129,79,79,107,124,124,152,152,152,165,183,183,283,283,295,141,161,161,161,178,178,194,194,212,212,226,258,273,273,375,375,385,440,460,474,489,489,13,13,13,13,13,13,39,16,16,16],"floor_reached":50,"playtime":2650,"items_purged":["Strike_B"],"score":602,"play_id":"f7dda679-a76b-454b-82b1-a6340fac00e6","local_time":"20181222062215","is_ascension_mode":false,"campfire_choices":[{"data":"Cold Snap","floor":6.0,"key":"SMITH"},{"data":"1","floor":11.0,"key":"LIFT"},{"data":"2","floor":15.0,"key":"LIFT"},{"data":"3","floor":24.0,"key":"LIFT"},{"data":"Strike_B","floor":28.0,"key":"PURGE"},{"data":"Defend_B","floor":32.0,"key":"PURGE"},{"floor":40.0,"key":"REST"},{"floor":42.0,"key":"RECALL"},{"floor":49.0,"key":"REST"}],"neow_cost":"NONE","seed_source_timestamp":0,"circlet_count":0,"master_deck":["Defend_B","Defend_B","Defend_B","Zap","Dualcast","Cold Snap+1","Beam Cell","Coolheaded","Leap","Self Repair","Go for the Eyes","Gash","Creative AI","Ball Lightning","Storm","Ball Lightning","J.A.X.","Gash","Thunder Strike","Go for the Eyes","Go for the Eyes+1","Ball Lightning","Turbo+1","Echo Form+1","Ball Lightning","Cold Snap","Tempest+1","Gash+1","Defragment+1","Static Discharge+1","Consume","Good Instincts","Rip and Tear","Decay","Chrysalis","Blind","Madness","Madness","Cold Snap+1","Cold Snap"],"special_seed":0,"relics":["Cracked Core","NeowsBlessing","Gremlin Horn","Girya","Anchor","Peace Pipe","Fusion Hammer","Du-Vu Doll","Frozen Egg 2","Ancient Tea Set","Cursed Key","Emotion Chip","Orichalcum","FossilizedHelix"],"potions_floor_usage":[],"damage_taken":[{"damage":0.0,"enemies":"Small Slimes","floor":1.0,"turns":1.0},{"damage":0.0,"enemies":"2 Louse","floor":4.0,"turns":1.0},{"damage":0.0,"enemies":"3 Sentries","floor":7.0,"turns":1.0},{"damage":0.0,"enemies":"Jaw Worm","floor":8.0,"turns":2.0},{"damage":25.0,"enemies":"Gremlin Nob","floor":10.0,"turns":7.0},{"damage":0.0,"enemies":"Blue Slaver","floor":13.0,"turns":3.0},{"damage":0.0,"enemies":"3 Louse","floor":14.0,"turns":3.0},{"damage":32.0,"enemies":"Hexaghost","floor":16.0,"turns":11.0},{"damage":6.0,"enemies":"Chosen","floor":18.0,"turns":5.0},{"damage":2.0,"enemies":"Shell Parasite","floor":20.0,"turns":5.0},{"damage":1.0,"enemies":"Cultist and Chosen","floor":23.0,"turns":6.0},{"damage":6.0,"enemies":"Shelled Parasite and Fungi","floor":25.0,"turns":4.0},{"damage":18.0,"enemies":"Sentry and Sphere","floor":27.0,"turns":5.0},{"damage":13.0,"enemies":"Snecko","floor":29.0,"turns":6.0},{"damage":3.0,"enemies":"Slavers","floor":30.0,"turns":5.0},{"damage":8.0,"enemies":"Centurion and Healer","floor":31.0,"turns":5.0},{"damage":23.0,"enemies":"Champ","floor":33.0,"turns":7.0},{"damage":13.0,"enemies":"3 Darklings","floor":35.0,"turns":3.0},{"damage":26.0,"enemies":"2 Orb Walkers","floor":36.0,"turns":4.0},{"damage":0.0,"enemies":"3 Shapes","floor":37.0,"turns":4.0},{"damage":23.0,"enemies":"Transient","floor":38.0,"turns":5.0},{"damage":0.0,"enemies":"Maw","floor":39.0,"turns":6.0},{"damage":38.0,"enemies":"Reptomancer","floor":47.0,"turns":5.0},{"damage":22,"enemies":"Awakened One","floor":50,"turns":3}],"seed_played":"7468435494586388082","potions_obtained":[{"floor":8.0,"key":"Block Potion"},{"floor":16.0,"key":"SneckoOil"},{"floor":23.0,"key":"Ancient Potion"},{"floor":25.0,"key":"Fire Potion"},{"floor":30.0,"key":"GamblersBrew"},{"floor":37.0,"key":"Weak Potion"},{"floor":38.0,"key":"SpeedPotion"},{"floor":39.0,"key":"Energy Potion"}],"is_trial":false,"path_per_floor":["M","?","?","M","?","R","E","M","T","E","R","?","M","M","R","B",null,"M","$","M","?","?","M","R","M","T","M","R","M","E","M","R","B",null,"M","?","M","M","M","R","$","R","T","?","?","?","E","$","R","B"],"character_chosen":"DEFECT","items_purchased":["Storm","Orichalcum","Static Discharge+1","Consume","Good Instincts","Rip and Tear","Cold Snap"],"campfire_rested":2,"item_purchase_floors":[19,41,41,41,41,41,48],"current_hp_per_floor":[75,68,65,65,65,65,65,65,65,40,40,45,52,59,59,34,80,80,80,80,80,80,80,80,80,80,69,69,63,67,66,66,50,80,74,55,62,46,60,80,80,80,80,70,70,60,29,29,53,31],"gold":16,"neow_bonus":"THREE_ENEMY_KILL","is_prod":false,"is_daily":false,"chose_seed":false,"campfire_upgraded":1,"win_rate":0,"timestamp":1545477735,"path_taken":["M","?","?","?","?","R","E","M","T","E","R","?","M","M","R","BOSS","M","$","M","?","?","M","R","M","T","?","R","M","E","M","R","BOSS","M","?","M","M","M","R","$","R","T","?","?","?","E","?","R","BOSS"],"build_version":"2018-12-20","purchased_purges":1,"victory":false,"max_hp_per_floor":[75,75,75,75,75,75,75,75,75,75,75,80,80,80,80,80,80,80,80,80,80,80,80,80,80,80,80,80,80,80,80,80,80,80,80,80,80,80,80,80,80,80,80,80,80,80,80,80,80,80],"card_choices":[{"not_picked":["Compile Driver","Reprogram"],"picked":"Cold Snap","floor":1.0},{"not_picked":["White Noise","Rebound"],"picked":"Beam Cell","floor":4.0},{"not_picked":["Streamline","Chaos"],"picked":"Coolheaded","floor":7.0},{"not_picked":["Double Energy","Stack"],"picked":"Leap","floor":8.0},{"not_picked":["Hello World","Barrage"],"picked":"Self Repair","floor":10.0},{"not_picked":["BootSequence","Sunder"],"picked":"Go for the Eyes","floor":13.0},{"not_picked":["Stack","Ball Lightning"],"picked":"Gash","floor":14.0},{"not_picked":["Thunder Strike","Electrodynamics"],"picked":"Creative AI","floor":16.0},{"not_picked":["Barrage","Doom and Gloom"],"picked":"Ball Lightning","floor":18.0},{"not_picked":["Blizzard","Barrage"],"picked":"Ball Lightning","floor":20.0},{"not_picked":["Steam","Force Field+1"],"picked":"Gash","floor":23.0},{"not_picked":["Hello World","Streamline"],"picked":"Thunder Strike","floor":25.0},{"not_picked":["Barrage","Stack"],"picked":"Go for the Eyes","floor":27.0},{"not_picked":["Barrage","Turbo"],"picked":"Go for the Eyes+1","floor":29.0},{"not_picked":["Glacier","Sweeping Beam"],"picked":"Ball Lightning","floor":30.0},{"not_picked":["Hyperbeam","Sunder"],"picked":"Turbo+1","floor":31.0},{"not_picked":["Multi-Cast","Thunder Strike"],"picked":"Echo Form+1","floor":33.0},{"not_picked":["Beam Cell","Genetic Algorithm+1"],"picked":"Ball Lightning","floor":35.0},{"not_picked":["Barrage+1","Gash+1"],"picked":"Cold Snap","floor":36.0},{"not_picked":["Reprogram","Cold Snap+1"],"picked":"Tempest+1","floor":37.0},{"not_picked":["Beam Cell+1","Lockon+1"],"picked":"Gash+1","floor":38.0},{"not_picked":["Auto Shields+1","Barrage+1"],"picked":"Defragment+1","floor":39.0},{"not_picked":["Jack Of All Trades","Good Instincts"],"picked":"Chrysalis","floor":44.0},{"not_picked":["Bandage Up","Good Instincts"],"picked":"Blind","floor":44.0},{"not_picked":["Blind","Bandage Up"],"picked":"Finesse","floor":44.0},{"not_picked":["Rip and Tear","Steam+1"],"picked":"Cold Snap+1","floor":47.0}],"player_experience":372699,"relics_obtained":[{"floor":7.0,"key":"Girya"},{"floor":9.0,"key":"Anchor"},{"floor":10.0,"key":"Peace Pipe"},{"floor":26.0,"key":"Frozen Egg 2"},{"floor":30.0,"key":"Ancient Tea Set"},{"floor":36.0,"key":"Emotion Chip"},{"floor":47.0,"key":"FossilizedHelix"}],"event_choices":[{"cards_removed":["Strike_B"],"damage_healed":0.0,"max_hp_gain":0.0,"max_hp_loss":0.0,"gold_gain":0.0,"event_name":"Golden Wing","player_choice":"Card Removal","floor":2.0,"gold_loss":0.0,"damage_taken":7.0},{"damage_healed":0.0,"max_hp_gain":0.0,"max_hp_loss":0.0,"gold_gain":0.0,"event_name":"Scrap Ooze","player_choice":"Success","floor":3.0,"gold_loss":0.0,"damage_taken":3.0,"relics_obtained":["Gremlin Horn"]},{"cards_removed":["Strike_B"],"damage_healed":0.0,"max_hp_gain":0.0,"max_hp_loss":0.0,"gold_gain":0.0,"event_name":"The Cleric","player_choice":"Card Removal","floor":5.0,"gold_loss":50.0,"damage_taken":0.0},{"damage_healed":0.0,"max_hp_gain":5.0,"max_hp_loss":0.0,"gold_gain":0.0,"event_name":"Big Fish","player_choice":"Donut","floor":12.0,"gold_loss":0.0,"damage_taken":0.0},{"damage_healed":0.0,"max_hp_gain":0.0,"max_hp_loss":0.0,"gold_gain":0.0,"event_name":"Drug Dealer","player_choice":"Obtain J.A.X.","floor":21.0,"gold_loss":0.0,"damage_taken":0.0,"cards_obtained":["J.A.X."]},{"damage_healed":0.0,"max_hp_gain":0.0,"max_hp_loss":0.0,"gold_gain":0.0,"event_name":"WeMeetAgain","player_choice":"Gave Potion","floor":22.0,"gold_loss":0.0,"damage_taken":0.0,"relics_obtained":["Du-Vu Doll"]},{"damage_healed":0.0,"max_hp_gain":0.0,"max_hp_loss":0.0,"gold_gain":0.0,"event_name":"Mysterious Sphere","player_choice":"Fight","floor":36.0,"gold_loss":0.0,"damage_taken":0.0},{"damage_healed":0.0,"max_hp_gain":0.0,"max_hp_loss":0.0,"gold_gain":0.0,"event_name":"SensoryStone","player_choice":"Memory 3","floor":44.0,"gold_loss":0.0,"damage_taken":10.0},{"cards_removed":["Finesse"],"damage_healed":0.0,"max_hp_gain":0.0,"max_hp_loss":0.0,"gold_gain":0.0,"event_name":"Falling","player_choice":"Removed Skill","floor":45.0,"gold_loss":0.0,"damage_taken":0.0},{"damage_healed":0.0,"max_hp_gain":0.0,"max_hp_loss":0.0,"gold_gain":0.0,"event_name":"Winding Halls","player_choice":"Embrace Madness","floor":46.0,"gold_loss":0.0,"damage_taken":10.0,"cards_obtained":["Madness","Madness"]}],"is_beta":false,"boss_relics":[{"not_picked":["White Beast Statue","FrozenCore"],"picked":"Fusion Hammer"},{"not_picked":["Coffee Dripper","Inserter"],"picked":"Cursed Key"}],"items_purged_floors":[19],"is_endless":false,"potions_floor_spawned":[8,16,23,25,30,37,38,39],"killed_by":"Awakened One","ascension_level":0}