{"path_per_floor":["M","?","?","?","M","E","$","E","T","T","R","M","E","M","R","B",null,"M","M","$","M","M","E","M","E","T","E","?","M","?","?","R"],"character_chosen":"IRONCLAD","items_purchased":["Power Through","Feel No Pain","Bottled Tornado"],"gold_per_floor":[112,112,112,112,136,172,57,91,91,91,91,112,143,168,168,296,296,315,335,51,75,99,132,145,183,183,219,219,240,240,210,210],"floor_reached":33,"campfire_rested":1,"playtime":2196,"current_hp_per_floor":[72,72,72,72,72,55,55,55,55,65,65,71,76,82,82,48,89,89,89,89,86,69,45,60,27,27,27,27,33,17,17,43],"items_purged":["Regret"],"gold":210,"score":341,"play_id":"35549ffb-9d96-4448-a5b1-a61bef6b6b78","local_time":"20180304092230","is_prod":false,"is_daily":false,"is_ascension_mode":true,"campfire_upgraded":2,"timestamp":1520122950,"path_taken":["M","?","?","?","M","E","$","E","T","?","R","?","E","M","R","BOSS","M","M","$","M","M","E","M","E","T","E","?","?","?","?","R","BOSS"],"build_version":"2018-03-01-PROD1","purchased_purges":1,"victory":false,"master_deck":["Strike_R","Strike_R","Strike_R","Strike_R","Defend_R","Defend_R","Defend_R","Defend_R","Bash","Bludgeon+1","Power Through","Injury","Berserk","Battle Trance","Immolate","Power Through","Shockwave","Infernal Blade","Blood for Blood","Disarm+1","Fiend Fire","Wild Strike+1","Burning Pact+1","Feel No Pain","True Grit","Headbutt","Shrug It Off+1","Whirlwind","Flex","Corruption","Shrug It Off"],"max_hp_per_floor":[72,72,72,72,72,72,72,72,72,82,82,82,89,89,89,89,89,89,89,89,89,89,89,89,89,89,89,89,89,89,89,89],"relics":["Burning Blood","Golden Idol","Paper Frog","Mercury Hourglass","Calipers","Sundial","Pear","Strawberry","Runic Cube","Bottled Tornado","Omamori","Anchor","Bronze Scales","Vajra","Darkstone Periapt","Necronomicon"],"card_choices":[{"not_picked":["Offering","Immolate"],"picked":"Bludgeon"},{"not_picked":["Heavy Blade","Twin Strike"],"picked":"Power Through"},{"not_picked":["Shrug It Off","Pommel Strike"],"picked":"Battle Trance"},{"not_picked":["Dropkick","Perfected Strike"],"picked":"Immolate"},{"not_picked":["True Grit","Thunderclap"],"picked":"Shockwave"},{"not_picked":["Shrug It Off","Sword Boomerang"],"picked":"Infernal Blade"},{"not_picked":["Perfected Strike","Warcry"],"picked":"Blood for Blood"},{"not_picked":["Armaments","Perfected Strike"],"picked":"Disarm"},{"not_picked":["Juggernaut","Brutality"],"picked":"Fiend Fire"},{"not_picked":["True Grit","Battle Trance"],"picked":"Wild Strike"},{"not_picked":["Flex","Anger"],"picked":"Burning Pact"},{"not_picked":["Carnage","Heavy Blade"],"picked":"True Grit"},{"not_picked":["Iron Wave","Twin Strike"],"picked":"Headbutt"},{"not_picked":["Body Slam","Heavy Blade"],"picked":"Shrug It Off"},{"not_picked":["Twin Strike","Feed"],"picked":"Whirlwind"},{"not_picked":["Armaments","Body Slam"],"picked":"Flex"},{"not_picked":["True Grit","Feed"],"picked":"Corruption"},{"not_picked":["Warcry","Bloodletting"],"picked":"Shrug It Off"}],"player_experience":57314,"potions_floor_usage":[24,24,33,33],"damage_taken":[{"damage":6,"enemies":"Jaw Worm","floor":1,"turns":3},{"damage":3,"enemies":"Small Slimes","floor":5,"turns":4},{"damage":23,"enemies":"Gremlin Nob","floor":6,"turns":5},{"damage":6,"enemies":"3 Sentries","floor":8,"turns":7},{"damage":0,"enemies":"Cultist","floor":12,"turns":3},{"damage":8,"enemies":"Lagavulin","floor":13,"turns":5},{"damage":0,"enemies":"Large Slime","floor":14,"turns":2},{"damage":40,"enemies":"Hexaghost","floor":16,"turns":7},{"damage":0,"enemies":"Spheric Guardian","floor":18,"turns":3},{"damage":0,"enemies":"Chosen","floor":19,"turns":3},{"damage":9,"enemies":"Snecko","floor":21,"turns":4},{"damage":23,"enemies":"Centurion and Healer","floor":22,"turns":6},{"damage":30,"enemies":"Book of Stabbing","floor":23,"turns":6},{"damage":6,"enemies":"Cultist and Chosen","floor":24,"turns":6},{"damage":39,"enemies":"Gremlin Leader","floor":25,"turns":9},{"damage":6,"enemies":"Book of Stabbing","floor":27,"turns":4},{"damage":0,"enemies":"Snake Plant","floor":29,"turns":4},{"damage":48,"enemies":"Automaton","floor":33,"turns":10}],"event_choices":[{"event_name":"Golden Idol","player_choice":"Take Wound","floor":2,"damage_taken":0},{"event_name":"Living Wall","player_choice":"Change","floor":3,"damage_taken":0},{"event_name":"Big Fish","player_choice":"Box","floor":4,"damage_taken":0},{"event_name":"The Mausoleum","player_choice":"Yes","floor":28,"damage_taken":0},{"event_name":"Cursed Tome","player_choice":"Obtained Book","floor":30,"damage_taken":0},{"event_name":"The Woman in Blue","player_choice":"Bought 2 Potions","floor":31,"damage_taken":0}],"boss_relics":[{"not_picked":["Velvet Choker","Orrery"],"picked":"Runic Cube"}],"potions_floor_spawned":[8,12,13,18,21,23],"seed_played":"-6236919575367790633","killed_by":"Automaton","ascension_level":1,"is_trial":false}