{"path_per_floor":["M","?","?","M","$","R","M","R","T","?","M","E","M","M","R","B",null,"M","?","?","M","$","R"],"character_chosen":"DEFECT","items_purchased":["Capacitor","Bronze Scales","Impulse"],"gold_per_floor":[116,116,116,126,25,25,45,45,45,45,64,95,110,124,124,219,219,232,232,232,242,50,50,50],"floor_reached":24,"campfire_rested":3,"playtime":1620,"current_hp_per_floor":[32,32,29,22,22,44,39,39,39,39,36,36,24,19,41,26,75,64,71,71,32,32,56,19],"items_purged":["Regret"],"gold":50,"score":221,"play_id":"67f9075c-bf1c-4749-bc36-87c72272e14b","local_time":"20180505190901","is_prod":false,"is_daily":false,"chose_seed":false,"is_ascension_mode":false,"campfire_upgraded":1,"timestamp":1525514941,"path_taken":["M","?","?","?","$","R","M","R","T","?","?","E","M","M","R","BOSS","M","?","?","?","$","R","E"],"build_version":"2018-05-03","seed_source_timestamp":1970234248752567,"purchased_purges":2,"victory":false,"master_deck":["Strike_B","Strike_B","Defend_B","Defend_B","Defend_B","Defend_B","Zap","Dualcast","Echo Form","Capacitor+1","Leap","Capacitor","White Noise","Fusion","Glacier","Biased Cognition","Sweeping Beam","Consume","Fission","Ball Lightning","Rebound+1","Impulse"],"max_hp_per_floor":[75,75,75,75,75,75,75,75,75,75,75,75,75,75,75,75,75,75,82,82,82,82,82,82],"relics":["Cracked Core","Anchor","Orichalcum","Girya","Unceasing Top","Lizard Tail","Strawberry","Bronze Scales"],"card_choices":[{"not_picked":["Fusion","Seek"],"picked":"Echo Form","floor":0},{"not_picked":["Steam Power","Barrage"],"picked":"Capacitor","floor":1},{"not_picked":["Hologram","BootSequence"],"picked":"Leap","floor":4},{"not_picked":["Barrage","Conserve Battery"],"picked":"White Noise","floor":7},{"not_picked":["Aggregate","Self Repair"],"picked":"Glacier","floor":11},{"not_picked":["Axe Kick","Turbo"],"picked":"Biased Cognition","floor":12},{"not_picked":["Stack","Static Discharge"],"picked":"Sweeping Beam","floor":13},{"not_picked":["Coolheaded","Turbo"],"picked":"Consume","floor":14},{"not_picked":["Prime","All For One"],"picked":"Fission","floor":16},{"not_picked":["Impulse","Lockon"],"picked":"Ball Lightning","floor":18},{"not_picked":["Capacitor","Streamline"],"picked":"Rebound","floor":21}],"player_experience":29419,"potions_floor_usage":[12,12,21,24],"damage_taken":[{"damage":6,"enemies":"2 Louse","floor":1,"turns":2},{"damage":7,"enemies":"Jaw Worm","floor":4,"turns":4},{"damage":5,"enemies":"Small Slimes","floor":7,"turns":4},{"damage":3,"enemies":"3 Louse","floor":11,"turns":4},{"damage":0,"enemies":"Lagavulin","floor":12,"turns":7},{"damage":12,"enemies":"Exordium Thugs","floor":13,"turns":5},{"damage":5,"enemies":"Looter","floor":14,"turns":4},{"damage":15,"enemies":"Hexaghost","floor":16,"turns":15},{"damage":11,"enemies":"Shell Parasite","floor":18,"turns":11},{"damage":39,"enemies":"2 Thieves","floor":21,"turns":4},{"damage":37,"enemies":"Gremlin Leader","floor":24,"turns":4}],"event_choices":[{"event_name":"Big Fish","player_choice":"Box","floor":2,"damage_taken":0},{"event_name":"Scrap Ooze","player_choice":"success","floor":3,"damage_taken":3},{"event_name":"Living Wall","player_choice":"Change","floor":10,"damage_taken":0},{"event_name":"The Mausoleum","player_choice":"Yes","floor":19,"damage_taken":0},{"event_name":"Back to Basics","player_choice":"Elegance","floor":20,"damage_taken":0}],"boss_relics":[{"not_picked":["Ectoplasm","Calling Bell"],"picked":"Lizard Tail"}],"potions_floor_spawned":[1,7,11,14,16],"seed_played":"5733917463388077742","killed_by":"Gremlin Leader","ascension_level":0,"is_trial":false}