{"path_per_floor":["M","$","M","?","M","E","R","E","T","?","$","M","M","M","R","B",null,"M","M","?","?","M","R","?","E","T","M","R","M","R","?","R"],"character_chosen":"THE_SILENT","items_purchased":["Deadly Poison","Dodge and Roll"],"gold_per_floor":[112,37,55,55,68,95,95,123,147,147,73,92,102,120,120,218,218,218,158,158,158,158,158,73,73,73,73,73,73,73,73,73,73],"floor_reached":33,"campfire_rested":3,"playtime":1941,"current_hp_per_floor":[69,69,69,69,69,50,50,27,27,13,13,13,11,11,32,32,70,58,49,49,49,49,49,49,22,22,11,32,25,46,46,46,0],"items_purged":["Pain"],"gold":73,"score":352,"play_id":"3fcc93ae-499b-4135-b759-ed0fc9d691ce","local_time":"20180514214259","is_prod":false,"is_daily":false,"chose_seed":false,"is_ascension_mode":false,"campfire_upgraded":0,"timestamp":1526348579,"path_taken":["M","$","M","?","?","E","R","E","T","?","?","?","M","M","R","BOSS","M","M","?","?","M","R","?","E","T","?","R","M","R","?","R","BOSS"],"build_version":"2018-05-12v2","seed_source_timestamp":491134889251492,"purchased_purges":1,"victory":false,"master_deck":["Defend_G","Defend_G","Defend_G+1","Defend_G","Defend_G","Strike_G+1","Survivor","Neutralize","Deadly Poison","Deadly Poison","Footwork","Dodge and Roll","Deadly Poison","Dodge and Roll","All Out Attack","Footwork","Prepared","Night Terror","Deadly Poison","Deadly Poison","All Out Attack","Deadly Poison","Dodge and Roll","Bane"],"max_hp_per_floor":[70,70,70,70,70,70,70,70,70,70,70,70,70,70,70,70,70,70,70,70,70,70,70,70,70,70,70,70,70,70,70,70,70],"relics":["Ring of the Snake","Peace Pipe","Bronze Scales","Bag of Preparation","Prayer Wheel","Ectoplasm","Orichalcum","Mummified Hand","Question Card"],"card_choices":[{"not_picked":["Flying Knee","Dagger Spray"],"picked":"Deadly Poison","floor":1},{"not_picked":["Dodge and Roll","Expertise","Outmaneuver"],"picked":"SKIP","floor":3},{"not_picked":["Poisoned Stab","Dagger Throw"],"picked":"Deadly Poison","floor":5},{"not_picked":["Masterful Stab","Poisoned Stab"],"picked":"Footwork","floor":6},{"not_picked":["Choke","Underhanded Strike"],"picked":"Dodge and Roll","floor":8},{"not_picked":["Dagger Throw","Expertise"],"picked":"All Out Attack","floor":12},{"not_picked":["Poisoned Stab","Envenom"],"picked":"Footwork","floor":13},{"not_picked":["Masterful Stab","Reflex"],"picked":"Prepared","floor":14},{"not_picked":["Die Die Die","A Thousand Cuts"],"picked":"Night Terror","floor":16},{"not_picked":["Skewer+1","Acrobatics+1"],"picked":"Deadly Poison","floor":18},{"not_picked":["Dagger Throw","Expertise","Envenom"],"picked":"SKIP","floor":19},{"not_picked":["Outmaneuver","Dagger Spray","Underhanded Strike"],"picked":"SKIP","floor":22},{"not_picked":["Sucker Punch","Outmaneuver"],"picked":"All Out Attack","floor":25},{"not_picked":["Dagger Throw","Eviscerate+1"],"picked":"Deadly Poison","floor":26},{"not_picked":["Poisoned Stab","Deadly Poison","Well Laid Plans"],"picked":"Dodge and Roll","floor":27},{"not_picked":["Acrobatics","Prepared","Calculated Gamble"],"picked":"Bane","floor":29}],"player_experience":85001,"potions_floor_usage":[6,8,22,25,33],"damage_taken":[{"damage":1,"enemies":"Small Slimes","floor":1,"turns":4},{"damage":0,"enemies":"2 Louse","floor":3,"turns":4},{"damage":0,"enemies":"Jaw Worm","floor":5,"turns":4},{"damage":19,"enemies":"Lagavulin","floor":6,"turns":8},{"damage":23,"enemies":"Gremlin Nob","floor":8,"turns":5},{"damage":0,"enemies":"Red Slaver","floor":12,"turns":4},{"damage":2,"enemies":"Large Slime","floor":13,"turns":7},{"damage":0,"enemies":"2 Fungi Beasts","floor":14,"turns":4},{"damage":0,"enemies":"Hexaghost","floor":16,"turns":8},{"damage":12,"enemies":"Chosen","floor":18,"turns":5},{"damage":9,"enemies":"2 Thieves","floor":19,"turns":4},{"damage":15,"enemies":"Cultist and Chosen","floor":22,"turns":7},{"damage":27,"enemies":"Slavers","floor":25,"turns":3},{"damage":11,"enemies":"Snake Plant","floor":27,"turns":3},{"damage":7,"enemies":"Snecko","floor":29,"turns":5},{"damage":46,"enemies":"Collector","floor":33,"turns":6}],"event_choices":[{"event_name":"Living Wall","player_choice":"Forget","floor":4,"damage_taken":0},{"event_name":"Shining Light","player_choice":"Entered Light","floor":10,"damage_taken":0},{"event_name":"Ghosts","player_choice":"Ignored","floor":20,"damage_taken":0},{"event_name":"The Library","player_choice":"Read","floor":21,"damage_taken":0},{"event_name":"Addict","player_choice":"Obtained Relic","floor":24,"damage_taken":0},{"event_name":"Vampires","player_choice":"Ignored","floor":31,"damage_taken":0}],"boss_relics":[{"not_picked":["Eternal Feather","Calling Bell"],"picked":"Ectoplasm"}],"potions_floor_spawned":[3,5,12,18,19,27],"seed_played":"-3631959907752929577","killed_by":"Collector","ascension_level":0,"is_trial":false}