{"gold_per_floor":[365,29,29,47,47,79,79,104,104,104,121,296,296],"floor_reached":13,"playtime":616,"items_purged":[],"score":118,"play_id":"9467c83b-809a-4918-b6b5-cb13b62d75f2","local_time":"20180902233153","is_ascension_mode":true,"campfire_choices":[{"data":"Darkness","floor":7,"key":"SMITH"},{"floor":10,"key":"REST"}],"neow_cost":"TEN_PERCENT_HP_LOSS","seed_source_timestamp":1629773441453959,"circlet_count":0,"master_deck":["Strike_B","Strike_B","Strike_B","Strike_B","Defend_B","Defend_B","Defend_B","Defend_B","Zap","Dualcast","Coolheaded","Darkness+1","Streamline","Regret","Streamline","Loop","Turbo","Doubt"],"relics":["Cracked Core","Cables","Calipers","Bag of Preparation","Bottled Flame","Meat on the Bone"],"potions_floor_usage":[8],"damage_taken":[{"damage":7,"enemies":"Jaw Worm","floor":1,"turns":3},{"damage":5,"enemies":"2 Louse","floor":4,"turns":3},{"damage":25,"enemies":"3 Sentries","floor":6,"turns":9},{"damage":24,"enemies":"Lagavulin","floor":8,"turns":5},{"damage":5,"enemies":"Small Slimes","floor":11,"turns":3},{"damage":8,"enemies":"Gremlin Nob","floor":13,"turns":3}],"seed_played":"897291899669683527","potions_obtained":[{"floor":6,"key":"Dexterity Potion"}],"is_trial":false,"path_per_floor":["M","$","?","M","?","E","R","E","T","R","M","?"],"character_chosen":"DEFECT","items_purchased":["Cables","Darkness"],"campfire_rested":1,"item_purchase_floors":[2,2],"current_hp_per_floor":[61,61,61,56,56,31,31,7,7,27,34,34,26],"gold":296,"neow_bonus":"TWO_FIFTY_GOLD","is_prod":false,"is_daily":false,"chose_seed":false,"campfire_upgraded":1,"win_rate":0,"timestamp":1535945513,"path_taken":["M","$","?","M","?","E","R","E","T","R","M","?","E"],"build_version":"2018-08-30","purchased_purges":0,"victory":false,"max_hp_per_floor":[68,68,68,68,68,68,68,68,68,68,68,68,68],"card_choices":[{"not_picked":["Force Field","Aggregate"],"picked":"Coolheaded","floor":1},{"not_picked":["Rip and Tear","Ball Lightning"],"picked":"Streamline","floor":4},{"not_picked":["Rebound","Storm"],"picked":"Streamline","floor":6},{"not_picked":["Streamline","Scrape"],"picked":"Loop","floor":8},{"not_picked":["Hologram","Beam Cell"],"picked":"Turbo","floor":11}],"player_experience":281330,"relics_obtained":[{"floor":6,"key":"Bag of Preparation"},{"floor":8,"key":"Bottled Flame"},{"floor":9,"key":"Meat on the Bone"}],"event_choices":[{"event_name":"The Cleric","player_choice":"Leave","floor":3,"damage_taken":0},{"event_name":"Big Fish","player_choice":"Box","floor":5,"damage_taken":0},{"event_name":"Liars Game","player_choice":"agreed","floor":12,"damage_taken":0}],"is_beta":false,"boss_relics":[],"items_purged_floors":[],"is_endless":false,"potions_floor_spawned":[6],"killed_by":"Gremlin Nob","ascension_level":6}