{"gold_per_floor":[119,119,44,9,20,48,48,75,122,138,138,149,149,183,183,284,284,299,299,314,7,19,53,53,53,79,79,99,110,110,127,127,225,225,236,25,40,40,59,59,94,94],"floor_reached":42,"playtime":2915,"items_purged":["Shame"],"score":531,"play_id":"687cebcc-361c-47b7-a21e-fd947badcc17","local_time":"20181229111406","is_ascension_mode":false,"campfire_choices":[{"data":"Barricade","floor":7.0,"key":"SMITH"},{"floor":11.0,"key":"REST"},{"data":"Entrench","floor":13.0,"key":"SMITH"},{"data":"Body Slam","floor":15.0,"key":"SMITH"},{"data":"Havoc","floor":24.0,"key":"SMITH"},{"data":"Juggernaut","floor":27.0,"key":"SMITH"},{"data":"Corruption","floor":30.0,"key":"SMITH"},{"data":"Feel No Pain","floor":32.0,"key":"SMITH"},{"floor":40.0,"key":"RECALL"}],"neow_cost":"CURSE","seed_source_timestamp":0,"circlet_count":0,"master_deck":["Strike_R","Strike_R","Defend_R","Defend_R","Defend_R","Defend_R","Bash","Barricade+1","Flex","Shrug It Off","Body Slam+1","Entrench+1","Body Slam","Iron Wave","Warcry","Shrug It Off","Juggernaut+1","Armaments+1","Body Slam+1","Twin Strike+1","Headbutt","Iron Wave","Entrench+1","Havoc+1","Disarm","Shockwave","Havoc+1","Feel No Pain+1","Corruption+1","Entrench+1","Juggernaut+1","Iron Wave","Metamorphosis","Panacea","Headbutt","Body Slam+1"],"special_seed":0,"relics":["Burning Blood","Dream Catcher","The Courier","Odd Mushroom","Omamori","Pear","Astrolabe","DollysMirror","Ancient Tea Set","Lantern","Philosopher\u0027s Stone","Juzu Bracelet"],"potions_floor_usage":[],"damage_taken":[{"damage":0.0,"enemies":"Small Slimes","floor":1.0,"turns":3.0},{"damage":2.0,"enemies":"2 Louse","floor":5.0,"turns":4.0},{"damage":32.0,"enemies":"Gremlin Nob","floor":6.0,"turns":5.0},{"damage":38.0,"enemies":"The Mushroom Lair","floor":8.0,"turns":6.0},{"damage":4.0,"enemies":"Cultist","floor":10.0,"turns":4.0},{"damage":8.0,"enemies":"Blue Slaver","floor":12.0,"turns":5.0},{"damage":13.0,"enemies":"Lagavulin","floor":14.0,"turns":10.0},{"damage":20.0,"enemies":"The Guardian","floor":16.0,"turns":12.0},{"damage":9.0,"enemies":"Shell Parasite","floor":18.0,"turns":6.0},{"damage":0.0,"enemies":"2 Thieves","floor":20.0,"turns":3.0},{"damage":20.0,"enemies":"3 Cultists","floor":22.0,"turns":7.0},{"damage":52.0,"enemies":"Book of Stabbing","floor":23.0,"turns":9.0},{"damage":0.0,"enemies":"Centurion and Healer","floor":28.0,"turns":5.0},{"damage":8.0,"enemies":"Snecko","floor":29.0,"turns":5.0},{"damage":0.0,"enemies":"Chosen and Byrds","floor":31.0,"turns":6.0},{"damage":44.0,"enemies":"Automaton","floor":33.0,"turns":10.0},{"damage":1.0,"enemies":"Orb Walker","floor":35.0,"turns":4.0},{"damage":13.0,"enemies":"3 Shapes","floor":37.0,"turns":7.0},{"damage":22.0,"enemies":"Spire Growth","floor":39.0,"turns":5.0},{"damage":57.0,"enemies":"Giant Head","floor":41.0,"turns":9.0},{"damage":5,"enemies":"4 Shapes","floor":42,"turns":3}],"seed_played":"-3160349580157674197","potions_obtained":[{"floor":5.0,"key":"Swift Potion"},{"floor":6.0,"key":"FearPotion"},{"floor":12.0,"key":"SmokeBomb"},{"floor":16.0,"key":"SpeedPotion"},{"floor":29.0,"key":"Regen Potion"},{"floor":31.0,"key":"Energy Potion"},{"floor":41,"key":"EssenceOfSteel"}],"is_trial":false,"path_per_floor":["M","?","$","?","M","E","R","?","T","M","R","M","R","E","R","B",null,"M","?","M","$","M","E","R","?","T","R","M","M","R","M","R","B",null,"M","$","M","?","M","R","E","E","M"],"character_chosen":"IRONCLAD","items_purchased":["DollysMirror","Havoc","Disarm","Shockwave","Metamorphosis","Panacea"],"campfire_rested":1,"item_purchase_floors":[21,21,21,21,36,36],"current_hp_per_floor":[80,62,62,80,80,54,54,22,22,24,48,46,46,49,49,35,90,87,87,90,90,76,30,30,30,30,30,36,34,34,40,40,17,90,90,90,83,83,67,67,16,11],"gold":94,"neow_bonus":"THREE_RARE_CARDS","is_prod":false,"is_daily":false,"chose_seed":false,"campfire_upgraded":7,"win_rate":0,"timestamp":1546100046,"path_taken":["M","?","$","?","M","E","R","?","T","M","R","M","R","E","R","BOSS","M","?","M","$","M","E","R","?","T","R","?","M","R","M","R","BOSS","M","$","M","?","?","R","E","M"],"build_version":"2018-12-20","purchased_purges":1,"victory":false,"max_hp_per_floor":[80,80,80,80,80,80,80,80,80,80,80,80,80,90,90,90,90,90,90,90,90,90,90,90,90,90,90,90,90,90,90,90,90,90,90,90,90,90,90,90,90,90],"card_choices":[{"not_picked":["Dark Embrace","Reaper"],"picked":"Barricade","floor":0.0},{"not_picked":["Perfected Strike","Rupture"],"picked":"Flex","floor":1.0},{"not_picked":["Evolve","Wild Strike"],"picked":"Shrug It Off","floor":5.0},{"not_picked":["Perfected Strike","Anger"],"picked":"Body Slam","floor":6.0},{"not_picked":["Offering","Flex"],"picked":"Entrench","floor":8.0},{"not_picked":["Havoc","Feel No Pain"],"picked":"Body Slam","floor":10.0},{"not_picked":["Pommel Strike","Warcry"],"picked":"Iron Wave","floor":11.0},{"not_picked":["Thunderclap","Cleave"],"picked":"Warcry","floor":12.0},{"not_picked":["Warcry","Hemokinesis"],"picked":"Shrug It Off","floor":14.0},{"not_picked":["Exhume","Demon Form"],"picked":"Juggernaut","floor":16.0},{"not_picked":["Clothesline","Clash"],"picked":"Headbutt","floor":18.0},{"not_picked":["True Grit","Warcry+1"],"picked":"Iron Wave","floor":20.0},{"not_picked":["Clothesline+1","Warcry","Wild Strike"],"picked":"SKIP","floor":22.0},{"not_picked":["Anger+1","Uppercut","Cleave"],"picked":"SKIP","floor":23.0},{"not_picked":["Dropkick","Hemokinesis"],"picked":"Feel No Pain","floor":28.0},{"not_picked":["Perfected Strike","Clash"],"picked":"Corruption","floor":29.0},{"not_picked":["Perfected Strike","Rampage"],"picked":"Entrench+1","floor":31.0},{"not_picked":["Offering","Bludgeon"],"picked":"Juggernaut","floor":33.0},{"not_picked":["Hemokinesis","Perfected Strike+1"],"picked":"Iron Wave","floor":35.0},{"not_picked":["Rupture+1","Pommel Strike"],"picked":"Headbutt","floor":37.0},{"not_picked":["Perfected Strike+1","Clothesline+1"],"picked":"Body Slam+1","floor":39.0},{"not_picked":["Infernal Blade","Cleave","Clothesline"],"picked":"SKIP","floor":41}],"player_experience":382876,"relics_obtained":[{"floor":6.0,"key":"The Courier"},{"floor":8.0,"key":"Odd Mushroom"},{"floor":9.0,"key":"Omamori"},{"floor":14.0,"key":"Pear"},{"floor":23.0,"key":"Ancient Tea Set"},{"floor":26.0,"key":"Lantern"},{"floor":41,"key":"Juzu Bracelet"}],"event_choices":[{"damage_healed":0.0,"max_hp_gain":0.0,"max_hp_loss":0.0,"gold_gain":0.0,"event_name":"Scrap Ooze","player_choice":"Success","floor":2.0,"gold_loss":0.0,"damage_taken":18.0,"relics_obtained":["Dream Catcher"]},{"damage_healed":20.0,"max_hp_gain":0.0,"max_hp_loss":0.0,"gold_gain":0.0,"event_name":"The Cleric","player_choice":"Healed","floor":4.0,"gold_loss":35.0,"damage_taken":0.0},{"damage_healed":0.0,"max_hp_gain":0.0,"max_hp_loss":0.0,"gold_gain":0.0,"event_name":"Mushrooms","player_choice":"Fought Mushrooms","floor":8.0,"gold_loss":0.0,"damage_taken":0.0},{"damage_healed":0.0,"max_hp_gain":0.0,"max_hp_loss":0.0,"gold_gain":0.0,"event_name":"Ghosts","player_choice":"Ignored","floor":19.0,"gold_loss":0.0,"damage_taken":0.0},{"damage_healed":0.0,"max_hp_gain":0.0,"max_hp_loss":0.0,"gold_gain":0.0,"event_name":"Duplicator","player_choice":"Copied","floor":25.0,"gold_loss":0.0,"damage_taken":0.0,"cards_obtained":["Havoc"]},{"damage_healed":0.0,"max_hp_gain":0.0,"max_hp_loss":0.0,"gold_gain":0.0,"event_name":"Upgrade Shrine","player_choice":"Upgraded","floor":38.0,"gold_loss":0.0,"damage_taken":0.0,"cards_upgraded":["Juggernaut"]}],"is_beta":false,"boss_relics":[{"not_picked":["Ectoplasm","Lizard Tail"],"picked":"Astrolabe"},{"not_picked":["Pandora\u0027s Box","Runic Dome"],"picked":"Philosopher\u0027s Stone"}],"items_purged_floors":[3],"is_endless":false,"potions_floor_spawned":[5,6,12,16,29,31,41],"killed_by":"4 Shapes","ascension_level":0}