{"gold_per_floor":[116,133,181,194,205,240,256,60,60,78,28,60,77,92,92,194,194,213,226,244,244,263,263,283,283,283,309,326,38,55,69,69,69],"floor_reached":33,"playtime":2365,"items_purged":[],"score":337,"play_id":"3f6b8635-67af-4e1c-8a6e-313549eda934","local_time":"20181101005356","is_ascension_mode":false,"campfire_choices":[{"data":"Choke","floor":15.0,"key":"SMITH"},{"data":"Finisher","floor":23.0,"key":"SMITH"},{"data":"Choke","floor":25.0,"key":"SMITH"},{"floor":32.0,"key":"REST"}],"neow_cost":"NONE","seed_source_timestamp":0,"circlet_count":0,"master_deck":["Defend_G+1","Defend_G","Defend_G","Defend_G","Defend_G","Strike_G","Strike_G","Strike_G","Strike_G","Survivor","Neutralize","Flying Knee","Dagger Throw","Blur","Finisher","Finisher","Calculated Gamble+1","Mayhem","Finisher","Finisher+1","Blur","Choke+1","Quick Slash","Tools of the Trade","Choke+1","Calculated Gamble+1","Dodge and Roll","Pain","Sucker Punch","Choke","Riddle With Holes","Dagger Spray","Riddle With Holes","Quick Slash+1","Blur+1"],"special_seed":0,"relics":["Velvet Choker","Boot","Bottled Flame","War Paint","Bottled Lightning","Eternal Feather","WarpedTongs","Blue Candle","Ninja Scroll","Pear"],"potions_floor_usage":[33],"damage_taken":[{"damage":0.0,"enemies":"Cultist","floor":1.0,"turns":5.0},{"damage":2.0,"enemies":"Small Slimes","floor":2.0,"turns":3.0},{"damage":0.0,"enemies":"Jaw Worm","floor":4.0,"turns":2.0},{"damage":0.0,"enemies":"Large Slime","floor":5.0,"turns":6.0},{"damage":14.0,"enemies":"Lagavulin","floor":6.0,"turns":6.0},{"damage":4.0,"enemies":"Gremlin Gang","floor":7.0,"turns":3.0},{"damage":5.0,"enemies":"Exordium Wildlife","floor":10.0,"turns":3.0},{"damage":9.0,"enemies":"3 Sentries","floor":12.0,"turns":6.0},{"damage":2.0,"enemies":"Blue Slaver","floor":13.0,"turns":3.0},{"damage":2.0,"enemies":"Looter","floor":14.0,"turns":3.0},{"damage":24.0,"enemies":"The Guardian","floor":16.0,"turns":9.0},{"damage":19.0,"enemies":"Shell Parasite","floor":18.0,"turns":5.0},{"damage":0.0,"enemies":"Chosen","floor":19.0,"turns":3.0},{"damage":6.0,"enemies":"Centurion and Healer","floor":20.0,"turns":5.0},{"damage":16.0,"enemies":"Snake Plant","floor":22.0,"turns":5.0},{"damage":14.0,"enemies":"Shelled Parasite and Fungi","floor":24.0,"turns":7.0},{"damage":45.0,"enemies":"Gremlin Leader","floor":27.0,"turns":7.0},{"damage":0.0,"enemies":"Chosen and Byrds","floor":28.0,"turns":4.0},{"damage":1.0,"enemies":"Centurion and Healer","floor":30.0,"turns":5.0},{"damage":0.0,"enemies":"Snecko","floor":31.0,"turns":3.0},{"damage":17,"enemies":"Champ","floor":33,"turns":10}],"seed_played":"6617157005302091333","potions_obtained":[{"floor":5.0,"key":"LiquidBronze"},{"floor":10.0,"key":"Swift Potion"},{"floor":12.0,"key":"Fire Potion"},{"floor":14.0,"key":"Energy Potion"},{"floor":19.0,"key":"AttackPotion"},{"floor":22.0,"key":"SteroidPotion"},{"floor":24.0,"key":"Fire Potion"},{"floor":28.0,"key":"Weak Potion"}],"is_trial":false,"path_per_floor":["M","M","T","M","M","E","M","$","T","M","?","E","M","M","R","B",null,"M","M","M","?","M","R","M","R","T","E","M","$","M","M","R","B"],"character_chosen":"THE_SILENT","items_purchased":["Mayhem","Finisher","Pear","Riddle With Holes"],"campfire_rested":1,"item_purchase_floors":[8,8,29,29],"current_hp_per_floor":[70,68,68,68,68,54,50,50,50,45,45,36,34,32,32,8,70,51,51,45,45,29,44,30,48,48,3,3,13,12,12,57,40],"gold":69,"neow_bonus":"BOSS_RELIC","is_prod":false,"is_daily":false,"chose_seed":false,"campfire_upgraded":3,"win_rate":0,"timestamp":1541048036,"path_taken":["M","M","?","M","M","E","M","$","T","M","?","E","M","M","R","BOSS","M","M","M","?","M","R","M","R","T","E","?","$","M","M","R","BOSS"],"build_version":"2018-10-30","purchased_purges":0,"victory":false,"max_hp_per_floor":[70,70,70,70,70,70,70,70,70,70,70,70,70,70,70,70,70,70,70,70,70,70,70,70,70,70,70,70,80,80,80,80,80],"card_choices":[{"not_picked":["Deadly Poison","Outmaneuver"],"picked":"Flying Knee","floor":1.0},{"not_picked":["Acrobatics","Poisoned Stab"],"picked":"Dagger Throw","floor":2.0},{"not_picked":["Sucker Punch","All Out Attack"],"picked":"Blur","floor":4.0},{"not_picked":["Well Laid Plans","Slice"],"picked":"Finisher","floor":5.0},{"not_picked":["Escape Plan","Backstab"],"picked":"Finisher","floor":6.0},{"not_picked":["Deflect","Eviscerate"],"picked":"Calculated Gamble","floor":7.0},{"not_picked":["Flying Knee","Outmaneuver"],"picked":"Finisher","floor":10.0},{"not_picked":["Distraction","Flying Knee"],"picked":"Blur","floor":12.0},{"not_picked":["Reflex","Blade Dance"],"picked":"Choke","floor":13.0},{"not_picked":["Bane","Eviscerate"],"picked":"Quick Slash","floor":14.0},{"not_picked":["Doppelganger","Glass Knife"],"picked":"Tools of the Trade","floor":16.0},{"not_picked":["Reflex","Finisher"],"picked":"Choke","floor":18.0},{"not_picked":["Expertise","Crippling Poison"],"picked":"Calculated Gamble+1","floor":19.0},{"not_picked":["Masterful Stab+1","Underhanded Strike+1"],"picked":"Dodge and Roll","floor":20.0},{"not_picked":["Accuracy","Underhanded Strike"],"picked":"Sucker Punch","floor":22.0},{"not_picked":["Dagger Throw","Outmaneuver"],"picked":"Choke","floor":24.0},{"not_picked":["Masterful Stab+1","Underhanded Strike+1"],"picked":"Riddle With Holes","floor":27.0},{"not_picked":["Well Laid Plans","Noxious Fumes"],"picked":"Dagger Spray","floor":28.0},{"not_picked":["Adrenaline","Outmaneuver+1"],"picked":"Quick Slash+1","floor":30.0},{"not_picked":["Catalyst","Quick Slash"],"picked":"Blur+1","floor":31.0}],"player_experience":113151,"relics_obtained":[{"floor":3.0,"key":"Boot"},{"floor":6.0,"key":"Bottled Flame"},{"floor":9.0,"key":"War Paint"},{"floor":12.0,"key":"Bottled Lightning"},{"floor":26.0,"key":"Blue Candle"},{"floor":27.0,"key":"Ninja Scroll"}],"event_choices":[{"cards_removed":["Strike_G"],"damage_healed":0.0,"max_hp_gain":0.0,"max_hp_loss":0.0,"gold_gain":0.0,"event_name":"The Cleric","player_choice":"Card Removal","floor":11.0,"gold_loss":50.0,"damage_taken":0.0},{"damage_healed":0.0,"max_hp_gain":0.0,"max_hp_loss":0.0,"gold_gain":0.0,"event_name":"Accursed Blacksmith","player_choice":"Rummage","floor":21.0,"gold_loss":0.0,"damage_taken":0.0,"relics_obtained":["WarpedTongs"],"cards_obtained":["Pain"]}],"is_beta":true,"boss_relics":[{"not_picked":["Tiny House","Ectoplasm"],"picked":"Eternal Feather"}],"items_purged_floors":[],"is_endless":false,"potions_floor_spawned":[5,10,12,14,19,22,24,28],"killed_by":"Champ","ascension_level":0}