{"gold_per_floor":[115,115,125,40,115,115,137,155,155,155,175,175,175,186,186,288,338,351,351,362,375,375,410,410,435,435,435],"floor_reached":27,"playtime":2200,"items_purged":[],"score":241,"play_id":"1b6250d3-adc8-48ee-827f-35a2f12f5f89","local_time":"20190812174349","is_ascension_mode":false,"campfire_choices":[{"data":"Corruption","floor":6,"key":"SMITH"},{"data":"Anger","floor":10,"key":"SMITH"},{"data":"Body Slam","floor":12,"key":"SMITH"},{"data":"Armaments","floor":15,"key":"SMITH"},{"data":"Double Tap","floor":24,"key":"SMITH"}],"neow_cost":"NONE","seed_source_timestamp":262789078002200,"circlet_count":0,"master_deck":["Strike_R+1","Strike_R+1","Strike_R+1","Strike_R+1","Strike_R+1","Defend_R+1","Defend_R+1","Defend_R+1","Defend_R+1","Bash","Feel No Pain+1","Thunderclap","Corruption+1","Anger+1","Seeing Red","Pummel+1","Body Slam+1","Armaments+1","Impervious","Shrug It Off","Body Slam","Double Tap+1","Seeing Red","Burning Pact","Warcry+1"],"relics":["Burning Blood","Odd Mushroom","Letter Opener","Mercury Hourglass","Tiny House","Blood Vial","Regal Pillow","Sundial"],"potions_floor_usage":[23],"damage_taken":[{"damage":15,"enemies":"Jaw Worm","floor":1,"turns":4},{"damage":0,"enemies":"2 Louse","floor":3,"turns":3},{"damage":28,"enemies":"The Mushroom Lair","floor":7,"turns":5},{"damage":1,"enemies":"Small Slimes","floor":8,"turns":4},{"damage":5,"enemies":"Blue Slaver","floor":11,"turns":4},{"damage":0,"enemies":"3 Louse","floor":14,"turns":2},{"damage":35,"enemies":"Slime Boss","floor":16,"turns":8},{"damage":6,"enemies":"Spheric Guardian","floor":18,"turns":5},{"damage":17,"enemies":"Shell Parasite","floor":20,"turns":6},{"damage":19,"enemies":"Centurion and Healer","floor":21,"turns":10},{"damage":25,"enemies":"Book of Stabbing","floor":23,"turns":4},{"damage":33,"enemies":"Gremlin Leader","floor":25,"turns":5},{"damage":40,"enemies":"3 Cultists","floor":27,"turns":5}],"seed_played":"-8931084177883561490","potions_obtained":[{"floor":1,"key":"LiquidBronze"},{"floor":3,"key":"BloodPotion"},{"floor":8,"key":"PowerPotion"},{"floor":16,"key":"Energy Potion"}],"is_trial":false,"path_per_floor":["M","?","M","$","?","R","?","M","T","R","M","R","?","M","R","B",null,"M","?","M","M","?","E","R","E","T","M"],"character_chosen":"IRONCLAD","items_purchased":["Corruption","Anger"],"campfire_rested":0,"item_purchase_floors":[4,4],"current_hp_per_floor":[79,79,85,85,74,74,52,57,57,57,58,58,46,52,52,23,93,93,77,66,53,53,57,57,32,32,0],"gold":435,"neow_bonus":"TEN_PERCENT_HP_BONUS","is_prod":false,"is_daily":false,"chose_seed":false,"campfire_upgraded":5,"win_rate":0.0,"timestamp":1565624629,"path_taken":["M","?","M","$","?","R","?","M","T","R","M","R","?","?","R","BOSS","M","?","M","M","?","E","R","E","T","M"],"build_version":"2019-07-17","purchased_purges":0,"victory":false,"max_hp_per_floor":[88,88,88,88,88,88,88,88,88,88,88,88,88,88,88,88,93,93,93,93,93,93,93,93,93,93,93],"card_choices":[{"not_picked":["Entrench","Warcry"],"picked":"Feel No Pain","floor":1},{"not_picked":["Reckless Charge","Cleave"],"picked":"Thunderclap","floor":3},{"not_picked":["Clash","Thunderclap"],"picked":"Seeing Red","floor":7},{"not_picked":["Headbutt","Shrug It Off"],"picked":"Pummel","floor":8},{"not_picked":["Anger","Brutality"],"picked":"Body Slam","floor":11},{"not_picked":["Anger","Cleave"],"picked":"Armaments","floor":14},{"not_picked":["Berserk","Limit Break"],"picked":"Impervious","floor":16},{"not_picked":["Armaments","True Grit"],"picked":"Shrug It Off","floor":17},{"not_picked":["Power Through","Rage"],"picked":"Body Slam","floor":18},{"not_picked":["Headbutt+1","Thunderclap+1"],"picked":"Double Tap","floor":20},{"not_picked":["Reckless Charge","Sword Boomerang"],"picked":"Seeing Red","floor":21},{"not_picked":["Bloodletting","Body Slam"],"picked":"Burning Pact","floor":23},{"not_picked":["True Grit+1","Clothesline"],"picked":"Warcry+1","floor":25}],"player_experience":12490,"relics_obtained":[{"floor":7,"key":"Odd Mushroom"},{"floor":9,"key":"Letter Opener"},{"floor":23,"key":"Blood Vial"},{"floor":25,"key":"Regal Pillow"},{"floor":26,"key":"Sundial"}],"event_choices":[{"damage_healed":0,"gold_gain":0,"player_choice":"Grow","damage_taken":0,"max_hp_gain":0,"max_hp_loss":0,"event_name":"Living Wall","floor":2,"gold_loss":0,"cards_upgraded":["Feel No Pain"]},{"damage_healed":0,"gold_gain":75,"player_choice":"Gather Gold","damage_taken":11,"max_hp_gain":0,"max_hp_loss":0,"event_name":"World of Goop","floor":5,"gold_loss":0},{"damage_healed":0,"gold_gain":0,"player_choice":"Fought Mushrooms","damage_taken":0,"max_hp_gain":0,"max_hp_loss":0,"event_name":"Mushrooms","floor":7,"gold_loss":0},{"damage_healed":0,"gold_gain":0,"player_choice":"Success","damage_taken":12,"relics_obtained":["Mercury Hourglass"],"max_hp_gain":0,"max_hp_loss":0,"event_name":"Scrap Ooze","floor":13,"gold_loss":0},{"damage_healed":0,"gold_gain":0,"player_choice":"Obtained Book","damage_taken":16,"max_hp_gain":0,"max_hp_loss":0,"event_name":"Cursed Tome","floor":19,"gold_loss":0},{"damage_healed":0,"gold_gain":0,"player_choice":"Simplicity","damage_taken":0,"max_hp_gain":0,"max_hp_loss":0,"event_name":"Back to Basics","floor":22,"gold_loss":0,"cards_upgraded":["Strike_R","Strike_R","Strike_R","Strike_R","Strike_R","Defend_R","Defend_R","Defend_R","Defend_R"]}],"is_beta":false,"boss_relics":[{"not_picked":["Velvet Choker","Runic Dome"],"picked":"Tiny House"}],"items_purged_floors":[],"is_endless":false,"potions_floor_spawned":[1,3,8,16,20,21],"killed_by":"3 Cultists","ascension_level":0}