{"gold_per_floor":[115,140,157,107,107,107,135,32,32,32,65,78,6,23,23,123,123,142,57,57,57,57,89,7,25,25,99,111,137,165,194,206,320,332,356,381,393,505,517,529],"floor_reached":40,"playtime":1908,"items_purged":["Strike_B"],"score":648,"play_id":"70fb9c19-805b-4113-ac59-da131e18114c","local_time":"20190619185512","is_ascension_mode":true,"campfire_choices":[{"data":"Zap","floor":6,"key":"SMITH"},{"data":"Ball Lightning","floor":10,"key":"SMITH"},{"floor":15,"key":"REST"},{"floor":28,"key":"REST"},{"floor":32,"key":"REST"}],"neow_cost":"NONE","seed_source_timestamp":524787538975700,"circlet_count":0,"master_deck":["AscendersBane","Strike_B+1","Strike_B+1","Defend_B+1","Defend_B+1","Zap+1","Dualcast","Ball Lightning","Coolheaded","Compile Driver","Ball Lightning+1","Conserve Battery","Undo","Loop","Sweeping Beam","Echo Form","Double Energy","Streamline+1","Turbo","Coolheaded","Flash of Steel+1","Self Repair","Hyperbeam+1","Defragment","Conserve Battery+1"],"relics":["Cracked Core","Whetstone","Smiling Mask","Gremlin Horn","Shuriken","Question Card","Runic Pyramid","Molten Egg 2","Bag of Marbles","MawBank","Tiny Chest","Sozu","WingedGreaves"],"potions_floor_usage":[7,11,27,33,38],"damage_taken":[{"damage":0,"enemies":"Cultist","floor":1,"turns":3},{"damage":0,"enemies":"Small Slimes","floor":3,"turns":2},{"damage":23,"enemies":"Lagavulin","floor":7,"turns":5},{"damage":14,"enemies":"Gremlin Nob","floor":11,"turns":3},{"damage":3,"enemies":"Jaw Worm","floor":12,"turns":3},{"damage":4,"enemies":"Red Slaver","floor":14,"turns":3},{"damage":10,"enemies":"The Guardian","floor":16,"turns":11},{"damage":0,"enemies":"Chosen","floor":18,"turns":4},{"damage":21,"enemies":"Gremlin Leader","floor":23,"turns":6},{"damage":11,"enemies":"2 Thieves","floor":25,"turns":3},{"damage":19,"enemies":"Book of Stabbing","floor":27,"turns":6},{"damage":19,"enemies":"Sentry and Sphere","floor":29,"turns":3},{"damage":3,"enemies":"Snecko","floor":30,"turns":3},{"damage":19,"enemies":"Centurion and Healer","floor":31,"turns":5},{"damage":27,"enemies":"Automaton","floor":33,"turns":11},{"damage":10,"enemies":"Orb Walker","floor":35,"turns":4},{"damage":0,"enemies":"3 Darklings","floor":36,"turns":1},{"damage":0,"enemies":"Mind Bloom Boss Battle","floor":38,"turns":7},{"damage":76,"enemies":"Nemesis","floor":40,"turns":4}],"seed_played":"-1094922797710196021","potions_obtained":[{"floor":1,"key":"PowerPotion"},{"floor":7,"key":"SteroidPotion"},{"floor":12,"key":"Dexterity Potion"},{"floor":16,"key":"Fire Potion"},{"floor":18,"key":"Energy Potion"},{"floor":27,"key":"Weak Potion"}],"is_trial":false,"path_per_floor":["M","T","M","?","?","R","E","$","T","R","E","M","$","M","R","B",null,"M","?","?","?","$","E","$","M","T","E","R","M","M","M","R","B",null,"M","M","?","?","?","E"],"character_chosen":"DEFECT","items_purchased":["Ball Lightning","Loop","Flash of Steel+1"],"campfire_rested":3,"item_purchase_floors":[8,13,24],"current_hp_per_floor":[68,68,68,68,53,53,30,30,30,30,16,13,13,9,31,21,62,62,62,62,62,62,41,41,30,30,25,47,28,32,27,49,29,64,54,54,54,68,68,0],"gold":529,"neow_bonus":"RANDOM_COMMON_RELIC","is_prod":false,"is_daily":false,"chose_seed":false,"campfire_upgraded":2,"win_rate":0,"timestamp":1560966912,"path_taken":["M","?","M","?","?","R","E","$","T","R","E","M","?","M","R","BOSS","M","?","?","?","$","E","?","M","T","E","R","M","?","M","R","BOSS","M","M","?","?","?","E"],"build_version":"2019-01-23","purchased_purges":1,"victory":false,"max_hp_per_floor":[75,75,75,75,75,75,75,75,75,75,75,75,75,75,75,75,75,75,75,75,75,75,75,75,75,75,75,75,75,75,75,75,75,75,75,75,75,75,75,75],"card_choices":[{"not_picked":["Reprogram","Storm"],"picked":"Ball Lightning","floor":1},{"not_picked":["Capacitor","Stack"],"picked":"Coolheaded","floor":3},{"not_picked":["Reboot","Fission"],"picked":"Compile Driver","floor":7},{"not_picked":["Thunder Strike","Beam Cell"],"picked":"Conserve Battery","floor":11},{"not_picked":["Loop","Compile Driver","Ball Lightning"],"picked":"Undo","floor":12},{"not_picked":["Go for the Eyes","Stack","Ball Lightning"],"picked":"Sweeping Beam","floor":14},{"not_picked":["Hyperbeam","Electrodynamics","Amplify"],"picked":"Echo Form","floor":16},{"not_picked":["Rip and Tear","Leap","Beam Cell"],"picked":"Double Energy","floor":18},{"not_picked":["Leap","Rebound+1","Aggregate+1","Redo"],"picked":"SKIP","floor":23},{"not_picked":["Rip and Tear+1","Coolheaded","Fusion"],"picked":"Self Repair","floor":25},{"not_picked":["Rip and Tear+1","Barrage+1","Sweeping Beam+1","Fusion"],"picked":"SKIP","floor":27},{"not_picked":["Go for the Eyes+1","Aggregate","Rebound+1"],"picked":"Hyperbeam+1","floor":29},{"not_picked":["Compile Driver+1","Redo","Double Energy"],"picked":"Defragment","floor":30},{"not_picked":["Leap","Steam","Stack","Force Field"],"picked":"SKIP","floor":31},{"not_picked":["Multi-Cast","Machine Learning","All For One+1"],"picked":"Seek","floor":33},{"not_picked":["Redo","Recycle+1","Leap","Streamline+1"],"picked":"SKIP","floor":35},{"not_picked":["Fusion+1","Steam+1","Ball Lightning+1"],"picked":"Conserve Battery+1","floor":36}],"player_experience":163963,"relics_obtained":[{"floor":2,"key":"Smiling Mask"},{"floor":7,"key":"Gremlin Horn"},{"floor":9,"key":"Shuriken"},{"floor":11,"key":"Question Card"},{"floor":23,"key":"Bag of Marbles"},{"floor":26,"key":"MawBank"},{"floor":27,"key":"Tiny Chest"},{"floor":38,"key":"WingedGreaves"}],"event_choices":[{"cards_removed":["Strike_B"],"damage_healed":0,"gold_gain":0,"player_choice":"Card Removal","damage_taken":0,"max_hp_gain":0,"max_hp_loss":0,"event_name":"The Cleric","floor":4,"gold_loss":50},{"damage_healed":0,"gold_gain":0,"player_choice":"Entered Light","damage_taken":15,"max_hp_gain":0,"max_hp_loss":0,"event_name":"Shining Light","floor":5,"gold_loss":0,"cards_upgraded":["Defend_B","Defend_B"]},{"damage_healed":0,"gold_gain":0,"player_choice":"Obtained Relic","damage_taken":0,"relics_obtained":["Molten Egg 2"],"max_hp_gain":0,"max_hp_loss":0,"event_name":"Addict","floor":19,"gold_loss":85},{"damage_healed":0,"gold_gain":0,"cards_transformed":["Defend_B","Defend_B"],"player_choice":"Became Test Subject","damage_taken":0,"max_hp_gain":0,"max_hp_loss":0,"event_name":"Drug Dealer","floor":20,"gold_loss":0,"cards_obtained":["Streamline","Turbo"]},{"damage_healed":0,"gold_gain":0,"player_choice":"Read","damage_taken":0,"max_hp_gain":0,"max_hp_loss":0,"event_name":"The Library","floor":21,"gold_loss":0,"cards_obtained":["Coolheaded"]},{"damage_healed":0,"gold_gain":0,"player_choice":"Ignored","damage_taken":0,"max_hp_gain":0,"max_hp_loss":0,"event_name":"Mysterious Sphere","floor":37,"gold_loss":0},{"damage_healed":0,"gold_gain":0,"player_choice":"Fight","damage_taken":0,"max_hp_gain":0,"max_hp_loss":0,"event_name":"MindBloom","floor":38,"gold_loss":0},{"cards_removed":["Seek"],"damage_healed":0,"gold_gain":0,"player_choice":"Removed Skill","damage_taken":0,"max_hp_gain":0,"max_hp_loss":0,"event_name":"Falling","floor":39,"gold_loss":0}],"is_beta":false,"boss_relics":[{"not_picked":["Orrery","Tiny House"],"picked":"Runic Pyramid"},{"not_picked":["Inserter","Black Star"],"picked":"Sozu"}],"items_purged_floors":[8],"is_endless":false,"potions_floor_spawned":[1,7,12,16,18,27,29,38],"killed_by":"Nemesis","ascension_level":10}