{"gold_per_floor":[117,127,144,144,160,17,48,59,59,77,252,285,297,321,333,450,462,458,124,143,157,177,177,208,208,231,266,266,284,294,294,294,390,390,410,183,202,216,236,236,261,261,286,286,298,298,313,59,59,59],"floor_reached":51,"playtime":2446,"items_purged":["Pain","Doubt"],"score":985,"play_id":"05f9ff5e-e1fa-4c7f-ab90-9e4e6341c285","local_time":"20190827213738","is_ascension_mode":true,"campfire_choices":[{"data":"Doom and Gloom","floor":13.0,"key":"SMITH"},{"data":"Chill","floor":15.0,"key":"SMITH"},{"data":"Electrodynamics","floor":23,"key":"SMITH"},{"data":"Rainbow","floor":25,"key":"SMITH"},{"data":"Biased Cognition","floor":28,"key":"SMITH"},{"data":"Glacier","floor":32,"key":"SMITH"},{"data":"Defragment","floor":40,"key":"SMITH"},{"data":"Defragment","floor":42,"key":"SMITH"},{"data":"Creative AI","floor":44,"key":"SMITH"},{"data":"Capacitor","floor":49,"key":"SMITH"}],"neow_cost":"NONE","seed_source_timestamp":0,"circlet_count":0,"master_deck":["Zap","Dualcast","Sunder","Cold Snap","Coolheaded","Self Repair","Rebound","Doom and Gloom+1","Conserve Battery","Electrodynamics+1","Chill+1","Biased Cognition+1","FTL","Beam Cell+1","FTL+1","Go for the Eyes","Rainbow+1","Coolheaded+1","Glacier+1","Glacier","Creative AI+1","Reinforced Body","Turbo","Double Energy","Glacier","Auto Shields","Hello World","Ball Lightning","Lockon","Defragment+1","Defragment+1","Loop+1","Leap+1","Leap+1","Loop+1","Ball Lightning+1","Defragment+1","Capacitor+1","White Noise"],"special_seed":0,"relics":["Cracked Core","NeowsBlessing","WarpedTongs","Darkstone Periapt","Art of War","MawBank","Sozu","Bottled Tornado","Gremlin Horn","Happy Flower","Anchor","Pandora\u0027s Box","Runic Capacitor","Regal Pillow","Orichalcum","Pen Nib"],"potions_floor_usage":[33,33,33],"damage_taken":[{"damage":0.0,"enemies":"Jaw Worm","floor":1.0,"turns":1.0},{"damage":0.0,"enemies":"Cultist","floor":2.0,"turns":1.0},{"damage":0.0,"enemies":"Small Slimes","floor":3.0,"turns":1.0},{"damage":7.0,"enemies":"2 Fungi Beasts","floor":5.0,"turns":2.0},{"damage":8.0,"enemies":"Gremlin Nob","floor":7.0,"turns":3.0},{"damage":13.0,"enemies":"Lots of Slimes","floor":8.0,"turns":5.0},{"damage":5.0,"enemies":"Gremlin Gang","floor":10.0,"turns":3.0},{"damage":10.0,"enemies":"Lagavulin","floor":12.0,"turns":7.0},{"damage":12.0,"enemies":"Looter","floor":14.0,"turns":3.0},{"damage":62.0,"enemies":"Hexaghost","floor":16.0,"turns":11.0},{"damage":2.0,"enemies":"2 Thieves","floor":18.0,"turns":4.0},{"damage":0.0,"enemies":"3 Byrds","floor":20.0,"turns":1.0},{"damage":0,"enemies":"3 Cultists","floor":21,"turns":4},{"damage":3,"enemies":"Chosen and Byrds","floor":22,"turns":5},{"damage":36,"enemies":"Gremlin Leader","floor":24,"turns":6},{"damage":18,"enemies":"Slavers","floor":27,"turns":3},{"damage":0,"enemies":"Snecko","floor":29,"turns":3},{"damage":0,"enemies":"Cultist and Chosen","floor":30,"turns":3},{"damage":47,"enemies":"Collector","floor":33,"turns":10},{"damage":9,"enemies":"Orb Walker","floor":35,"turns":3},{"damage":7,"enemies":"3 Darklings","floor":37,"turns":4},{"damage":0,"enemies":"Sphere and 2 Shapes","floor":38,"turns":2},{"damage":0,"enemies":"Maw","floor":39,"turns":7},{"damage":0,"enemies":"Reptomancer","floor":41,"turns":7},{"damage":1,"enemies":"Transient","floor":45,"turns":5},{"damage":0,"enemies":"3 Darklings","floor":47,"turns":3},{"damage":15,"enemies":"Donu and Deca","floor":50,"turns":9}],"seed_played":"-6473156386691839962","potions_obtained":[{"floor":2.0,"key":"SneckoOil"},{"floor":3.0,"key":"LiquidBronze"},{"floor":5.0,"key":"AttackPotion"},{"floor":12.0,"key":"EssenceOfSteel"}],"is_trial":false,"path_per_floor":["M","M","M","?","M","$","E","M","T","M","?","E","R","M","R","B",null,"M","$","M","M","M","R","E","R","T","E","R","M","M","?","R","B",null,"M","$","M","M","M","R","E","R","T","R","M","?","M","$","R","B",null],"character_chosen":"DEFECT","items_purchased":["Self Repair","Bottled Tornado","Defragment","Runic Capacitor","Capacitor","White Noise","Pen Nib"],"campfire_rested":0,"item_purchase_floors":[6,19,36,36,48,48,48],"current_hp_per_floor":[75,75,75,75,68,68,67,61,61,63,69,69,69,67,67,12,64,69,69,69,69,73,73,47,47,47,36,36,43,50,50,50,10,63,61,61,61,61,68,68,75,75,75,75,74,74,81,81,81,66],"gold":59,"neow_bonus":"THREE_ENEMY_KILL","is_prod":false,"is_daily":false,"chose_seed":false,"campfire_upgraded":10,"win_rate":0,"timestamp":1566956258,"path_taken":["M","M","M","?","M","$","E","?","T","M","?","E","R","M","R","BOSS","M","$","M","M","M","R","E","R","T","E","R","M","M","?","R","BOSS","M","$","?","?","M","R","E","R","T","R","M","?","M","$","R","BOSS"],"build_version":"2019-08-26","purchased_purges":2,"victory":true,"max_hp_per_floor":[75,75,75,75,75,75,75,75,75,75,81,81,81,81,81,81,81,81,81,81,81,81,81,81,81,81,81,81,81,81,81,81,81,81,81,81,81,81,81,81,81,81,81,81,81,81,81,81,81,81],"card_choices":[{"not_picked":["Conserve Battery","Gash"],"picked":"Leap","floor":1.0},{"not_picked":["Aggregate","Auto Shields"],"picked":"Sunder","floor":2.0},{"not_picked":["Lockon","Beam Cell"],"picked":"Cold Snap","floor":3.0},{"not_picked":["Double Energy","Steam"],"picked":"Coolheaded","floor":5.0},{"not_picked":["Lockon","Steam"],"picked":"Rebound","floor":7.0},{"not_picked":["Compile Driver","Hologram"],"picked":"Doom and Gloom","floor":8.0},{"not_picked":["Leap","Barrage"],"picked":"Conserve Battery","floor":10.0},{"not_picked":["Compile Driver","Stack"],"picked":"Electrodynamics","floor":12.0},{"not_picked":["Stack","Hologram"],"picked":"Chill","floor":14.0},{"not_picked":["Core Surge","Fission"],"picked":"Biased Cognition","floor":16.0},{"not_picked":["Compile Driver","Streamline"],"picked":"FTL","floor":18.0},{"not_picked":["Conserve Battery","Go for the Eyes"],"picked":"Beam Cell+1","floor":20},{"not_picked":["Scrape","Auto Shields+1"],"picked":"FTL+1","floor":21},{"not_picked":["Sweeping Beam","Stack"],"picked":"Go for the Eyes","floor":22},{"not_picked":["Beam Cell","Gash"],"picked":"Rainbow","floor":24},{"not_picked":["Leap","Chill"],"picked":"Coolheaded+1","floor":27},{"not_picked":["Stack","Force Field","Redo"],"picked":"SKIP","floor":29},{"not_picked":["FTL","Redo"],"picked":"Glacier","floor":30},{"not_picked":["Core Surge","Rainbow"],"picked":"Creative AI","floor":33},{"not_picked":["Beam Cell","Self Repair"],"picked":"Defragment","floor":35},{"not_picked":["Undo+1","Self Repair"],"picked":"Loop+1","floor":37},{"not_picked":["Reprogram+1","Rebound+1"],"picked":"Leap+1","floor":38},{"not_picked":["Gash","Sunder"],"picked":"Leap+1","floor":39},{"not_picked":["Go for the Eyes","Rebound+1"],"picked":"Loop+1","floor":41},{"not_picked":["Cold Snap","Force Field+1"],"picked":"Ball Lightning+1","floor":45},{"not_picked":["Barrage+1","Rebound+1"],"picked":"Defragment+1","floor":47}],"player_experience":105869,"relics_obtained":[{"floor":7.0,"key":"Darkstone Periapt"},{"floor":9.0,"key":"Art of War"},{"floor":12.0,"key":"MawBank"},{"floor":24,"key":"Gremlin Horn"},{"floor":26,"key":"Happy Flower"},{"floor":27,"key":"Anchor"},{"floor":41,"key":"Regal Pillow"},{"floor":43,"key":"Orichalcum"}],"event_choices":[{"damage_healed":0.0,"max_hp_gain":0.0,"max_hp_loss":0.0,"gold_gain":0.0,"event_name":"Accursed Blacksmith","player_choice":"Rummage","floor":4.0,"gold_loss":0.0,"damage_taken":0.0,"relics_obtained":["WarpedTongs"],"cards_obtained":["Pain"]},{"damage_healed":0.0,"max_hp_gain":0.0,"max_hp_loss":0.0,"gold_gain":175.0,"event_name":"Liars Game","player_choice":"AGREE","floor":11.0,"gold_loss":0.0,"damage_taken":0.0,"cards_obtained":["Doubt"]},{"damage_healed":0,"gold_gain":0,"player_choice":"Copied","damage_taken":0,"max_hp_gain":0,"max_hp_loss":0,"event_name":"Duplicator","floor":31,"gold_loss":0,"cards_obtained":["Glacier"]},{"cards_removed":["Leap"],"damage_healed":0,"gold_gain":0,"player_choice":"Removed Skill","damage_taken":0,"max_hp_gain":0,"max_hp_loss":0,"event_name":"Falling","floor":46,"gold_loss":0}],"is_beta":true,"boss_relics":[{"not_picked":["Runic Dome","Black Star"],"picked":"Sozu"},{"not_picked":["Coffee Dripper","FrozenCore"],"picked":"Pandora\u0027s Box"}],"items_purged_floors":[6,19],"is_endless":false,"potions_floor_spawned":[2,3,5,12,18,27,29,39,41,47],"ascension_level":5}