{"gold_per_floor":[119,136,136,146,146,146,182,206,231,38,52,52,72,72,72,203,203,217,240,240,109,132,132,132],"floor_reached":24,"playtime":1530,"items_purged":[],"score":282,"play_id":"ae1de65c-fed1-4f00-9729-48f4a6c35e00","local_time":"20181026020040","is_ascension_mode":true,"campfire_choices":[{"data":"Armaments","floor":6.0,"key":"SMITH"},{"floor":12.0,"key":"REST"},{"data":"Evolve","floor":15.0,"key":"SMITH"},{"data":"Shockwave","floor":23,"key":"SMITH"}],"neow_cost":"NONE","seed_source_timestamp":0,"circlet_count":0,"master_deck":["Strike_R","Strike_R","Strike_R","Strike_R","Defend_R","Defend_R","Defend_R","Defend_R","Bash","Pommel Strike","Wild Strike","Armaments+1","Injury","Clothesline","Anger","Evolve+1","Fiend Fire","True Grit","Sentinel","Shockwave+1","Pommel Strike","Wild Strike","Feel No Pain","Anger+1","Ghostly","Ghostly","Ghostly","Ghostly","Ghostly","Sever Soul","Havoc","Reckless Charge"],"special_seed":0,"relics":["Burning Blood","Golden Idol","Pen Nib","Red Skull","HandDrill","Potion Belt","Orrery"],"potions_floor_usage":[18],"damage_taken":[{"damage":7.0,"enemies":"Small Slimes","floor":1.0,"turns":4.0},{"damage":2.0,"enemies":"2 Louse","floor":2.0,"turns":2.0},{"damage":6.0,"enemies":"Cultist","floor":4.0,"turns":3.0},{"damage":42.0,"enemies":"3 Sentries","floor":7.0,"turns":12.0},{"damage":7.0,"enemies":"Looter","floor":8.0,"turns":4.0},{"damage":2.0,"enemies":"3 Louse","floor":11.0,"turns":3.0},{"damage":7.0,"enemies":"Exordium Thugs","floor":13.0,"turns":4.0},{"damage":34.0,"enemies":"The Guardian","floor":16.0,"turns":12.0},{"damage":24,"enemies":"2 Thieves","floor":18,"turns":3},{"damage":28,"enemies":"Spheric Guardian","floor":19,"turns":4},{"damage":7,"enemies":"Centurion and Healer","floor":22,"turns":6},{"damage":16,"enemies":"Slavers","floor":24,"turns":6}],"seed_played":"2092606055085974216","potions_obtained":[{"floor":4.0,"key":"Weak Potion"},{"floor":7.0,"key":"Strength Potion"},{"floor":16.0,"key":"Swift Potion"},{"floor":18,"key":"Weak Potion"},{"floor":22,"key":"Ancient Potion"}],"is_trial":false,"path_per_floor":["M","M","?","M","?","R","E","M","T","$","M","R","M","?","R","B",null,"M","M","?","$","M","R"],"character_chosen":"IRONCLAD","items_purchased":["HandDrill","Sever Soul","Havoc"],"campfire_rested":1,"item_purchase_floors":[10,21,21],"current_hp_per_floor":[71,75,68,68,68,68,32,31,31,31,35,59,58,55,55,27,67,49,27,27,27,26,26,10],"gold":132,"neow_bonus":"THREE_CARDS","is_prod":false,"is_daily":false,"chose_seed":false,"campfire_upgraded":3,"win_rate":0,"timestamp":1540533640,"path_taken":["M","M","?","M","?","R","E","M","T","$","M","R","M","?","R","BOSS","M","M","?","$","M","R","E"],"build_version":"2018-10-25","purchased_purges":0,"victory":false,"max_hp_per_floor":[80,80,80,80,80,80,80,80,80,80,80,80,80,80,80,80,80,80,80,40,40,40,40,40],"card_choices":[{"not_picked":["True Grit","Heavy Blade"],"picked":"Pommel Strike","floor":0.0},{"not_picked":["Body Slam","Sword Boomerang"],"picked":"Wild Strike","floor":1.0},{"not_picked":["Feel No Pain","Clash","Body Slam"],"picked":"SKIP","floor":2.0},{"not_picked":["Clash","Clothesline"],"picked":"Armaments","floor":4.0},{"not_picked":["Headbutt","Offering"],"picked":"Clothesline","floor":7.0},{"not_picked":["Clash","Heavy Blade","Thunderclap"],"picked":"SKIP","floor":8.0},{"not_picked":["Headbutt","Clothesline"],"picked":"Anger","floor":11.0},{"not_picked":["Thunderclap","Flex"],"picked":"Evolve","floor":13.0},{"not_picked":["Feed","Exhume"],"picked":"Fiend Fire","floor":16.0},{"not_picked":["Evolve","Wild Strike"],"picked":"True Grit","floor":17},{"not_picked":["Pommel Strike","Sever Soul"],"picked":"Sentinel","floor":17},{"not_picked":["Reckless Charge","Shrug It Off"],"picked":"Shockwave","floor":17},{"not_picked":["Twin Strike","Corruption"],"picked":"Pommel Strike","floor":17},{"not_picked":["Feel No Pain","Entrench"],"picked":"Wild Strike","floor":17},{"not_picked":["Pommel Strike","Fiend Fire"],"picked":"Feel No Pain","floor":18},{"not_picked":["True Grit","Body Slam+1"],"picked":"Anger+1","floor":19},{"not_picked":["Wild Strike","Warcry"],"picked":"Reckless Charge","floor":22}],"player_experience":292529,"relics_obtained":[{"floor":7.0,"key":"Pen Nib"},{"floor":9.0,"key":"Red Skull"}],"event_choices":[{"cards_removed":["Strike_R"],"damage_healed":0.0,"max_hp_gain":0.0,"max_hp_loss":0.0,"gold_gain":0.0,"event_name":"Golden Wing","player_choice":"Card Removal","floor":3.0,"gold_loss":0.0,"damage_taken":7.0},{"damage_healed":0.0,"max_hp_gain":0.0,"max_hp_loss":0.0,"gold_gain":0.0,"event_name":"Golden Idol","player_choice":"Take Wound","floor":5.0,"gold_loss":0.0,"damage_taken":0.0,"relics_obtained":["Golden Idol"],"cards_obtained":["Injury"]},{"damage_healed":0.0,"max_hp_gain":0.0,"max_hp_loss":0.0,"gold_gain":0.0,"event_name":"Scrap Ooze","player_choice":"Success","floor":14.0,"gold_loss":0.0,"damage_taken":3.0,"relics_obtained":["Potion Belt"]},{"damage_healed":0,"gold_gain":0,"player_choice":"Became a Ghost","damage_taken":0,"max_hp_gain":0,"max_hp_loss":40,"event_name":"Ghosts","floor":20,"gold_loss":0,"cards_obtained":["Ghostly","Ghostly","Ghostly","Ghostly","Ghostly"]}],"is_beta":false,"boss_relics":[{"not_picked":["Calling Bell","Busted Crown"],"picked":"Orrery"}],"items_purged_floors":[],"is_endless":false,"potions_floor_spawned":[4,7,16,18,22],"killed_by":"Slavers","ascension_level":6}