{"gold_per_floor":[117,19,37,37,37,67,67,82,82,82,14,32,32,47,47,146,146,166,180,105,105,5,5,16,28,53,63,94,120,120,140,140,235,235,254,129,129,142,59,94,109,119,201,201,301,301,15,46,46,46],"floor_reached":50,"playtime":2956,"items_purged":["Strike_G","Normality","Strike_G"],"score":545,"play_id":"d9ef2b83-7f47-4f96-be1d-8803189b90b0","local_time":"20190131233254","is_ascension_mode":false,"campfire_choices":[{"data":"1","floor":7.0,"key":"LIFT"},{"data":"2","floor":10.0,"key":"LIFT"},{"data":"3","floor":13.0,"key":"LIFT"},{"floor":15.0,"key":"REST"},{"floor":23.0,"key":"RECALL"},{"floor":30.0,"key":"REST"},{"data":"Sucker Punch","floor":32.0,"key":"SMITH"},{"floor":46.0,"key":"REST"},{"data":"Impatience","floor":49.0,"key":"SMITH"}],"neow_cost":"PERCENT_DAMAGE","seed_source_timestamp":0,"circlet_count":0,"master_deck":["Defend_G","Defend_G","Defend_G","Defend_G","Strike_G","Survivor","Neutralize","Flying Knee","Flying Knee","Poisoned Stab","Dagger Spray","Masterful Stab","Leg Sweep","Dash","Dagger Spray","Die Die Die","Normality","Masterful Stab","Blade Dance","PiercingWail+1","Sucker Punch+1","PiercingWail+1","Deflect+1","Terror","Venomology","Underhanded Strike+1","Master of Strategy","Flash of Steel","Finesse","Choke","Impatience+1","Blade Dance+1","Cloak And Dagger+1","Parasite","Choke+1","Quick Slash+1","Footwork","Cloak And Dagger+1"],"special_seed":0,"relics":["Ring of the Snake","Girya","Ginger","Calling Bell","Boot","Pantograph","Mango","Paper Crane","Juzu Bracelet","HoveringKite","Centennial Puzzle","Sundial","Prayer Wheel","Sling","Torii"],"potions_floor_usage":[50,50],"damage_taken":[{"damage":0.0,"enemies":"Jaw Worm","floor":1.0,"turns":4.0},{"damage":0.0,"enemies":"Cultist","floor":3.0,"turns":3.0},{"damage":30.0,"enemies":"Lagavulin","floor":6.0,"turns":7.0},{"damage":5.0,"enemies":"Small Slimes","floor":8.0,"turns":2.0},{"damage":0.0,"enemies":"Looter","floor":12.0,"turns":3.0},{"damage":0.0,"enemies":"Exordium Thugs","floor":14.0,"turns":4.0},{"damage":8.0,"enemies":"Slime Boss","floor":16.0,"turns":7.0},{"damage":9.0,"enemies":"3 Byrds","floor":18.0,"turns":2.0},{"damage":4.0,"enemies":"Spheric Guardian","floor":19.0,"turns":3.0},{"damage":10.0,"enemies":"Snecko","floor":24.0,"turns":4.0},{"damage":3.0,"enemies":"Shelled Parasite and Fungi","floor":25.0,"turns":5.0},{"damage":0.0,"enemies":"Snake Plant","floor":27.0,"turns":4.0},{"damage":40.0,"enemies":"Slavers","floor":28.0,"turns":7.0},{"damage":0.0,"enemies":"Chosen and Byrds","floor":31.0,"turns":4.0},{"damage":62.0,"enemies":"Collector","floor":33.0,"turns":12.0},{"damage":8.0,"enemies":"3 Shapes","floor":35.0,"turns":6.0},{"damage":2.0,"enemies":"Orb Walker","floor":38.0,"turns":4.0},{"damage":24.0,"enemies":"Reptomancer","floor":40.0,"turns":7.0},{"damage":0.0,"enemies":"Jaw Worm Horde","floor":41.0,"turns":4.0},{"damage":30.0,"enemies":"Writhing Mass","floor":42.0,"turns":6.0},{"damage":6.0,"enemies":"Mind Bloom Boss Battle","floor":45.0,"turns":5.0},{"damage":14.0,"enemies":"Giant Head","floor":48.0,"turns":6.0},{"damage":62,"enemies":"Donu and Deca","floor":50,"turns":7}],"seed_played":"-724632745952540504","potions_obtained":[{"floor":1.0,"key":"Ancient Potion"},{"floor":3.0,"key":"SpeedPotion"},{"floor":6.0,"key":"Dexterity Potion"},{"floor":18.0,"key":"GhostInAJar"},{"floor":28.0,"key":"Explosive Potion"},{"floor":41.0,"key":"PowerPotion"},{"floor":48.0,"key":"AttackPotion"}],"is_trial":false,"path_per_floor":["M","$","M","?","$","E","R","M","T","R","$","M","R","M","R","B",null,"M","M","?","?","$","R","M","M","T","M","E","T","R","M","R","B",null,"M","$","?","M","$","E","M","M","T","?","?","R","$","E","R","B"],"character_chosen":"THE_SILENT","items_purchased":["Flying Knee","Leg Sweep","Impatience","Footwork","Sling"],"campfire_rested":3,"item_purchase_floors":[2,11,39,47,47],"current_hp_per_floor":[49,49,49,49,49,19,19,14,14,14,14,14,14,14,35,27,84,75,71,71,71,71,71,61,58,58,58,18,18,43,43,43,6,84,76,76,66,64,64,40,40,10,10,10,29,54,54,40,40,3],"gold":46,"neow_bonus":"REMOVE_TWO","is_prod":false,"is_daily":false,"chose_seed":false,"campfire_upgraded":2,"win_rate":0,"timestamp":1548995574,"path_taken":["M","$","M","?","$","E","R","?","T","R","?","?","R","M","R","BOSS","M","?","?","?","$","R","?","M","T","M","E","?","R","M","R","BOSS","M","$","?","M","$","E","M","M","T","?","?","R","$","E","R","BOSS"],"build_version":"2019-01-23","purchased_purges":3,"victory":false,"max_hp_per_floor":[70,70,70,70,70,70,70,70,70,70,70,70,70,70,70,70,84,84,84,84,84,84,84,84,84,84,84,84,84,84,84,84,84,84,84,84,84,84,84,84,84,84,84,84,84,84,84,84,84,84],"card_choices":[{"not_picked":["Setup","Terror"],"picked":"Flying Knee","floor":1.0},{"not_picked":["Blade Dance","Calculated Gamble"],"picked":"Poisoned Stab","floor":3.0},{"not_picked":["Deflect","Outmaneuver"],"picked":"Dagger Spray","floor":6.0},{"not_picked":["Predator","Flechettes"],"picked":"Masterful Stab","floor":8.0},{"not_picked":["Slice","Dagger Throw"],"picked":"Dash","floor":12.0},{"not_picked":["Outmaneuver","Quick Slash"],"picked":"Dagger Spray","floor":14.0},{"not_picked":["Doppelganger","Burst"],"picked":"Die Die Die","floor":16.0},{"not_picked":["Quick Slash","Well Laid Plans"],"picked":"Masterful Stab","floor":18.0},{"not_picked":["Dash","Slice"],"picked":"Blade Dance","floor":19.0},{"not_picked":["Tactician","Quick Slash"],"picked":"PiercingWail+1","floor":24.0},{"not_picked":["Catalyst","Expertise"],"picked":"Sucker Punch","floor":25.0},{"not_picked":["Catalyst","Deadly Poison+1"],"picked":"PiercingWail+1","floor":27.0},{"not_picked":["Dash","Cloak And Dagger"],"picked":"Deflect+1","floor":28.0},{"not_picked":["Concentrate","Escape Plan+1"],"picked":"Terror","floor":31.0},{"not_picked":["Burst","Adrenaline"],"picked":"Venomology","floor":33.0},{"not_picked":["Finisher","Outmaneuver"],"picked":"Underhanded Strike+1","floor":35.0},{"not_picked":["Transmutation","Secret Technique"],"picked":"Master of Strategy","floor":37.0},{"not_picked":["Jack Of All Trades","Panacea"],"picked":"Flash of Steel","floor":37.0},{"not_picked":["Forethought","Swift Strike"],"picked":"Finesse","floor":37.0},{"not_picked":["Flying Knee","Flechettes+1"],"picked":"Choke","floor":38.0},{"not_picked":["Outmaneuver+1","Slice+1"],"picked":"Blade Dance+1","floor":40.0},{"not_picked":["Masterful Stab","Prepared"],"picked":"Cloak And Dagger+1","floor":41.0},{"not_picked":["Deadly Poison","Cloak And Dagger+1"],"picked":"Choke+1","floor":42.0},{"not_picked":["Slice","Catalyst+1"],"picked":"Quick Slash+1","floor":45.0},{"not_picked":["Sucker Punch","Tactician+1"],"picked":"Cloak And Dagger+1","floor":48.0}],"player_experience":402489,"relics_obtained":[{"floor":6.0,"key":"Girya"},{"floor":9.0,"key":"Ginger"},{"floor":17.0,"key":"Boot"},{"floor":17.0,"key":"Pantograph"},{"floor":17.0,"key":"Mango"},{"floor":28.0,"key":"Paper Crane"},{"floor":29.0,"key":"Juzu Bracelet"},{"floor":40.0,"key":"Centennial Puzzle"},{"floor":43.0,"key":"Sundial"},{"floor":45.0,"key":"Prayer Wheel"},{"floor":48.0,"key":"Torii"}],"event_choices":[{"cards_removed":["Strike_G"],"damage_healed":0.0,"max_hp_gain":0.0,"max_hp_loss":0.0,"gold_gain":0.0,"event_name":"Bonfire Elementals","player_choice":"Offered Basic","floor":4.0,"gold_loss":0.0,"damage_taken":0.0},{"cards_removed":["Regret"],"damage_healed":0.0,"max_hp_gain":0.0,"max_hp_loss":0.0,"gold_gain":0.0,"event_name":"Beggar","player_choice":"Gave Gold","floor":20.0,"gold_loss":75.0,"damage_taken":0.0},{"damage_healed":0.0,"max_hp_gain":0.0,"max_hp_loss":0.0,"gold_gain":0.0,"event_name":"Vampires","player_choice":"Ignored","floor":21.0,"gold_loss":0.0,"damage_taken":0.0},{"damage_healed":0.0,"max_hp_gain":0.0,"max_hp_loss":0.0,"gold_gain":0.0,"event_name":"SensoryStone","player_choice":"Memory 3","floor":37.0,"gold_loss":0.0,"damage_taken":10.0},{"damage_healed":0.0,"max_hp_gain":0.0,"max_hp_loss":0.0,"gold_gain":0.0,"event_name":"Mysterious Sphere","player_choice":"Ignored","floor":44.0,"gold_loss":0.0,"damage_taken":0.0},{"damage_healed":0.0,"max_hp_gain":0.0,"max_hp_loss":0.0,"gold_gain":0.0,"event_name":"MindBloom","player_choice":"Fight","floor":45.0,"gold_loss":0.0,"damage_taken":0.0}],"is_beta":false,"boss_relics":[{"not_picked":["Sozu","Cursed Key"],"picked":"Calling Bell"},{"not_picked":["Empty Cage","Pandora\u0027s Box"],"picked":"HoveringKite"}],"items_purged_floors":[2,22,36],"is_endless":false,"potions_floor_spawned":[1,3,6,18,28,41,48],"killed_by":"Donu and Deca","ascension_level":0}