{"gold_per_floor":[115,128,23,34,0,29,29,64,64,29,29,61,76,102,102,102],"floor_reached":16,"playtime":512,"items_purged":[],"score":141,"play_id":"009a3c25-d6de-40f6-b68b-887860a10676","local_time":"20190825000203","is_ascension_mode":true,"campfire_choices":[{"data":"Zap","floor":7,"key":"SMITH"},{"floor":11,"key":"REST"},{"floor":15,"key":"REST"}],"neow_cost":"NONE","seed_source_timestamp":562387590744408,"circlet_count":0,"master_deck":["Strike_B","Strike_B","Strike_B","Strike_B","Defend_B","Defend_B","Defend_B","Defend_B","Zap+1","Dualcast","Sunder","Leap","Capacitor","Ball Lightning","Capacitor","Melter","Rebound","Redo","Steam","Seek","Rip and Tear","Barrage","Double Energy"],"relics":["Cracked Core","PreservedInsect","Frozen Egg 2","Dream Catcher","Mercury Hourglass","Bronze Scales"],"potions_floor_usage":[16],"damage_taken":[{"damage":0,"enemies":"2 Louse","floor":1,"turns":2},{"damage":0,"enemies":"Small Slimes","floor":2,"turns":3},{"damage":0,"enemies":"Cultist","floor":4,"turns":4},{"damage":32,"enemies":"Gremlin Nob","floor":6,"turns":4},{"damage":26,"enemies":"Lagavulin","floor":8,"turns":4},{"damage":14,"enemies":"Gremlin Nob","floor":12,"turns":3},{"damage":13,"enemies":"Blue Slaver","floor":13,"turns":3},{"damage":20,"enemies":"Lagavulin","floor":14,"turns":4},{"damage":45,"enemies":"The Guardian","floor":16,"turns":8}],"seed_played":"2973824402787979219","potions_obtained":[{"floor":4,"key":"Strength Potion"},{"floor":8,"key":"SmokeBomb"},{"floor":13,"key":"Poison Potion"}],"is_trial":false,"path_per_floor":["M","M","$","M","$","E","R","E","T","?","R","E","M","E","R","B"],"character_chosen":"DEFECT","items_purchased":["Capacitor","Ball Lightning","Melter"],"campfire_rested":2,"item_purchase_floors":[3,3,5],"current_hp_per_floor":[82,82,82,82,82,50,50,24,24,44,68,54,41,21,45,0],"gold":102,"neow_bonus":"TEN_PERCENT_HP_BONUS","is_prod":false,"is_daily":false,"chose_seed":false,"campfire_upgraded":1,"win_rate":0,"timestamp":1566705723,"path_taken":["M","M","$","M","$","E","R","E","T","?","R","E","M","E","R","BOSS"],"build_version":"2019-08-23","purchased_purges":0,"victory":false,"max_hp_per_floor":[82,82,82,82,82,82,82,82,82,82,82,82,82,82,82,82],"card_choices":[{"not_picked":["Hologram","Consume"],"picked":"Sunder","floor":1},{"not_picked":["Beam Cell","Skim"],"picked":"Leap","floor":2},{"not_picked":["Compile Driver","Hologram"],"picked":"Capacitor","floor":4},{"not_picked":["Gash","Steam"],"picked":"Rebound","floor":6},{"not_picked":["Scrape","Sunder"],"picked":"Redo","floor":8},{"not_picked":["Lockon","Hologram"],"picked":"Steam","floor":11},{"not_picked":["Stack","Cold Snap"],"picked":"Seek","floor":12},{"not_picked":["Aggregate","Leap"],"picked":"Rip and Tear","floor":13},{"not_picked":["Reinforced Body","Gash"],"picked":"Barrage","floor":14},{"not_picked":["Cold Snap","Rebound"],"picked":"Double Energy","floor":15}],"player_experience":54781,"relics_obtained":[{"floor":6,"key":"PreservedInsect"},{"floor":8,"key":"Frozen Egg 2"},{"floor":9,"key":"Dream Catcher"},{"floor":12,"key":"Mercury Hourglass"},{"floor":14,"key":"Bronze Scales"}],"event_choices":[{"damage_healed":20,"gold_gain":0,"player_choice":"Healed","damage_taken":0,"max_hp_gain":0,"max_hp_loss":0,"event_name":"The Cleric","floor":10,"gold_loss":35}],"is_beta":true,"boss_relics":[],"items_purged_floors":[],"is_endless":false,"potions_floor_spawned":[4,8,13],"killed_by":"The Guardian","ascension_level":2}