{"path_per_floor":["M","M","?","?","M","E","R","M","T","$","E","?","R","M","R","B",null,"M","M","?","$","M","E","R","?","T","M","?","M","E","M","R","B",null,"M","?","M","$","M","R"],"character_chosen":"IRONCLAD","items_purchased":["Sword Boomerang","Evolve","Wild Strike","True Grit","Mind Blast"],"gold_per_floor":[18,28,28,28,47,79,79,90,116,69,100,100,100,116,116,211,211,231,244,244,35,45,75,75,75,75,93,93,112,141,152,152,249,249,269,269,284,135,145,145],"floor_reached":41,"campfire_rested":0,"playtime":2197,"current_hp_per_floor":[78,80,73,80,80,65,65,65,65,65,65,65,65,71,71,37,80,80,80,80,80,80,56,56,56,56,62,62,68,68,58,58,20,80,80,70,57,57,54,54],"items_purged":["Strike_R"],"gold":145,"score":413,"play_id":"8593b62f-a523-46ee-8edd-c21ed191f446","local_time":"20180304101351","is_prod":false,"is_daily":false,"is_ascension_mode":true,"campfire_upgraded":6,"timestamp":1520126031,"path_taken":["M","M","?","?","M","E","R","M","T","?","E","?","R","M","R","BOSS","M","M","?","$","?","E","R","?","T","M","?","M","E","M","R","BOSS","M","?","M","$","M","R","E"],"build_version":"2018-03-01-PROD1","purchased_purges":2,"victory":false,"master_deck":["Strike_R","Defend_R","Defend_R","Defend_R","Bash+1","Cleave","Flex+1","Sword Boomerang+1","Dropkick","Shrug It Off","Double Tap+1","Disarm","Sword Boomerang+1","Barricade+1","Evolve+1","Wild Strike","Metallicize","Disarm+1","Wild Strike","Armaments+1","Bludgeon","Madness+1","Madness+1","Intimidate+1","True Grit+1","Mind Blast","Body Slam+1"],"max_hp_per_floor":[80,80,80,80,80,80,80,80,80,80,80,80,80,80,80,80,80,80,80,80,80,80,80,80,80,80,80,80,80,80,80,80,80,80,80,80,80,80,80,80],"relics":["Burning Blood","Bag of Preparation","Bag of Marbles","Pen Nib","Mark of Pain","Toxic Egg 2","Torii","Meat on the Bone","Velvet Choker"],"card_choices":[{"not_picked":["Entrench","Blood for Blood"],"picked":"Disarm"},{"not_picked":["Clash","Heavy Blade"],"picked":"Cleave"},{"not_picked":["Carnage","Clash"],"picked":"Flex"},{"not_picked":["Rupture","Sword Boomerang"],"picked":"Dropkick"},{"not_picked":["Twin Strike","Reckless Charge"],"picked":"Shrug It Off"},{"not_picked":["Fiend Fire","Berserk"],"picked":"Double Tap"},{"not_picked":["Flex","Entrench"],"picked":"Disarm"},{"not_picked":["Pummel","Shrug It Off"],"picked":"Sword Boomerang"},{"not_picked":["Twin Strike","Barricade"],"picked":"Metallicize"},{"not_picked":["True Grit","Iron Wave"],"picked":"Disarm"},{"not_picked":["Uppercut","Cleave"],"picked":"Wild Strike"},{"not_picked":["Shrug It Off","Cleave"],"picked":"Armaments"},{"not_picked":["Feed","Juggernaut"],"picked":"Bludgeon"},{"not_picked":["Pommel Strike","Rupture"],"picked":"Intimidate"},{"not_picked":["Flex","Pommel Strike"],"picked":"Body Slam"}],"player_experience":59510,"potions_floor_usage":[23,29,37],"damage_taken":[{"damage":8,"enemies":"Jaw Worm","floor":1,"turns":4},{"damage":1,"enemies":"2 Louse","floor":2,"turns":3},{"damage":6,"enemies":"Cultist","floor":5,"turns":3},{"damage":21,"enemies":"3 Sentries","floor":6,"turns":8},{"damage":6,"enemies":"2 Fungi Beasts","floor":8,"turns":2},{"damage":6,"enemies":"Gremlin Nob","floor":11,"turns":3},{"damage":0,"enemies":"Blue Slaver","floor":14,"turns":1},{"damage":40,"enemies":"Hexaghost","floor":16,"turns":7},{"damage":0,"enemies":"Chosen","floor":18,"turns":3},{"damage":0,"enemies":"Spheric Guardian","floor":19,"turns":2},{"damage":5,"enemies":"Snecko","floor":22,"turns":3},{"damage":30,"enemies":"Book of Stabbing","floor":23,"turns":4},{"damage":0,"enemies":"3 Cultists","floor":27,"turns":4},{"damage":0,"enemies":"Sentry and Sphere","floor":29,"turns":2},{"damage":6,"enemies":"Gremlin Leader","floor":30,"turns":8},{"damage":16,"enemies":"Centurion and Healer","floor":31,"turns":4},{"damage":56,"enemies":"Automaton","floor":33,"turns":11},{"damage":0,"enemies":"Orb Walker","floor":35,"turns":1},{"damage":31,"enemies":"3 Shapes","floor":37,"turns":6},{"damage":21,"enemies":"Sphere and 2 Shapes","floor":39,"turns":5},{"damage":47,"enemies":"2 Orb Walkers","floor":41,"turns":4}],"event_choices":[{"event_name":"Golden Wing","player_choice":"Card Removal","floor":3,"damage_taken":0},{"event_name":"Bonfire Elementals","player_choice":"UNCOMMON","floor":4,"damage_taken":0},{"event_name":"Purifier","player_choice":"One Purge","floor":12,"damage_taken":0},{"event_name":"Match and Keep!","player_choice":"1 cards matched","floor":20,"damage_taken":0},{"event_name":"Addict","player_choice":"Ignored","floor":25,"damage_taken":0},{"event_name":"Vampires","player_choice":"Ignored","floor":28,"damage_taken":0},{"event_name":"Winding Halls","player_choice":"Embrace Madness","floor":36,"damage_taken":0}],"boss_relics":[{"not_picked":["Calling Bell","Orrery"],"picked":"Mark of Pain"},{"not_picked":["Astrolabe","Tiny House"],"picked":"Velvet Choker"}],"potions_floor_spawned":[1,2,8,14,16,19,27,33,39],"seed_played":"-1089494003542963254","killed_by":"2 Orb Walkers","ascension_level":1,"is_trial":false}