{"gold_per_floor":[110,130,55,55,68,101,101,133,206,206,177,177,210,220,220,291,291,305,320,320,320,397,397,397],"floor_reached":24,"playtime":786,"items_purged":["Strike_R"],"score":428,"play_id":"707b794e-b698-4c38-adff-0f50d41f22b3","local_time":"20190708223045","is_ascension_mode":true,"campfire_choices":[{"data":"1","floor":7.0,"key":"LIFT"},{"data":"2","floor":10.0,"key":"LIFT"},{"data":"Armaments","floor":12.0,"key":"SMITH"},{"data":"True Grit","floor":15.0,"key":"SMITH"},{"data":"3","floor":23.0,"key":"LIFT"}],"neow_cost":"NONE","seed_source_timestamp":266532946737874,"circlet_count":0,"master_deck":["AscendersBane","Strike_R","Strike_R","Strike_R","Strike_R","Defend_R","Defend_R","Defend_R","Defend_R","Bash","Clothesline","Hemokinesis+1","True Grit+1","Battle Trance","Metallicize","Armaments+1","Twin Strike","Limit Break","Inflame","Inflame"],"special_seed":0,"relics":["Burning Blood","Girya","Anchor","Regal Pillow","Eternal Feather","Kunai"],"potions_floor_usage":[24],"damage_taken":[{"damage":1.0,"enemies":"Cultist","floor":1.0,"turns":3.0},{"damage":13.0,"enemies":"Small Slimes","floor":2.0,"turns":3.0},{"damage":9.0,"enemies":"Jaw Worm","floor":5.0,"turns":4.0},{"damage":10.0,"enemies":"Gremlin Nob","floor":6.0,"turns":3.0},{"damage":7.0,"enemies":"Lagavulin","floor":8.0,"turns":7.0},{"damage":2.0,"enemies":"Exordium Thugs","floor":11.0,"turns":5.0},{"damage":10.0,"enemies":"Gremlin Nob","floor":13.0,"turns":3.0},{"damage":0.0,"enemies":"Looter","floor":14.0,"turns":3.0},{"damage":27.0,"enemies":"Slime Boss","floor":16.0,"turns":9.0},{"damage":15.0,"enemies":"Spheric Guardian","floor":18.0,"turns":6.0},{"damage":20.0,"enemies":"Chosen","floor":19.0,"turns":7.0},{"damage":53,"enemies":"Slavers","floor":24,"turns":3}],"seed_played":"-1892822868260649006","potions_obtained":[{"floor":2.0,"key":"Strength Potion"},{"floor":5.0,"key":"SkillPotion"},{"floor":6.0,"key":"PowerPotion"},{"floor":13.0,"key":"Regen Potion"},{"floor":16.0,"key":"SkillPotion"}],"is_trial":false,"path_per_floor":["M","M","$","?","M","E","R","E","T","R","M","R","E","M","R","B",null,"M","M","?","?","T","R","E"],"character_chosen":"IRONCLAD","items_purchased":[],"campfire_rested":0,"item_purchase_floors":[],"current_hp_per_floor":[73,66,66,66,63,59,59,58,58,58,62,62,58,64,64,43,67,58,44,44,23,23,35,0],"gold":397,"neow_bonus":"THREE_CARDS","is_prod":false,"is_daily":false,"chose_seed":false,"campfire_upgraded":2,"win_rate":0,"timestamp":1562621445,"path_taken":["M","M","?","?","M","E","R","E","T","R","?","R","E","M","R","BOSS","M","M","?","?","?","R","E"],"build_version":"2019-07-03","purchased_purges":1,"victory":false,"max_hp_per_floor":[75,75,75,75,75,75,75,75,75,75,75,75,75,75,75,75,75,75,75,75,80,80,80,80],"card_choices":[{"not_picked":["Cleave","True Grit"],"picked":"Clothesline","floor":0.0},{"not_picked":["Clash","Evolve"],"picked":"Hemokinesis","floor":1.0},{"not_picked":["Rage","Thunderclap"],"picked":"True Grit","floor":2.0},{"not_picked":["Warcry","Body Slam"],"picked":"Battle Trance","floor":5.0},{"not_picked":["Clash","Havoc"],"picked":"Metallicize","floor":6.0},{"not_picked":["Anger","Sever Soul"],"picked":"Armaments","floor":8.0},{"not_picked":["Infernal Blade","Warcry"],"picked":"Twin Strike","floor":11.0},{"not_picked":["Iron Wave","Wild Strike","Power Through"],"picked":"SKIP","floor":13.0},{"not_picked":["Clash","Havoc","Headbutt"],"picked":"SKIP","floor":14.0},{"not_picked":["Dark Embrace","Impervious"],"picked":"Limit Break","floor":16.0},{"not_picked":["Shockwave","Pommel Strike"],"picked":"Inflame","floor":18.0},{"not_picked":["Heavy Blade","Blood for Blood"],"picked":"Inflame","floor":19.0}],"player_experience":2184289,"relics_obtained":[{"floor":6.0,"key":"Girya"},{"floor":8.0,"key":"Anchor"},{"floor":13.0,"key":"Regal Pillow"},{"floor":22.0,"key":"Kunai"}],"event_choices":[{"damage_healed":0.0,"max_hp_gain":0.0,"max_hp_loss":0.0,"gold_gain":0.0,"event_name":"Living Wall","player_choice":"Grow","floor":4.0,"gold_loss":0.0,"damage_taken":0.0,"cards_upgraded":["Hemokinesis"]},{"damage_healed":0.0,"max_hp_gain":0.0,"max_hp_loss":0.0,"gold_gain":0.0,"event_name":"Vampires","player_choice":"Ignored","floor":20.0,"gold_loss":0.0,"damage_taken":0.0},{"damage_healed":0.0,"max_hp_gain":5.0,"max_hp_loss":0.0,"gold_gain":0.0,"event_name":"Forgotten Altar","player_choice":"Shed Blood","floor":21.0,"gold_loss":0.0,"damage_taken":26.0}],"is_beta":true,"boss_relics":[{"not_picked":["White Beast Statue","Busted Crown"],"picked":"Eternal Feather"}],"items_purged_floors":[3],"is_endless":false,"potions_floor_spawned":[2,5,6,13,16],"killed_by":"Slavers","ascension_level":20}