{"gold_per_floor":[14,33,47,58,58,58,90,40,110,110,126,126,142,173,173,247,247,264,264,280,93,93,93,122,122,122,122,33,33,50,69,69,142,142,157,233,233,147,167,167],"floor_reached":40,"playtime":1809,"items_purged":["Strike_G","Strike_G","Strike_G"],"score":828,"play_id":"75258cf9-ba26-4c8d-9b43-0d1044574d34","local_time":"20190611165626","is_ascension_mode":true,"campfire_choices":[{"data":"Poisoned Stab","floor":6,"key":"SMITH"},{"data":"Neutralize","floor":10,"key":"SMITH"},{"data":"Dash","floor":12,"key":"SMITH"},{"data":"Well Laid Plans","floor":15,"key":"SMITH"},{"data":"Noxious Fumes","floor":23,"key":"SMITH"},{"data":"Leg Sweep","floor":25,"key":"SMITH"},{"floor":27,"key":"REST"},{"floor":29,"key":"REST"},{"data":"Night Terror","floor":32,"key":"SMITH"}],"neow_cost":"NO_GOLD","seed_source_timestamp":16634563080665,"circlet_count":0,"master_deck":["AscendersBane","Defend_G","Defend_G","Defend_G","Defend_G","Defend_G","Survivor","Neutralize+1","Poisoned Stab+1","Dash+1","Flying Knee","Backstab","Well Laid Plans+1","All Out Attack","Night Terror+1","PiercingWail","Noxious Fumes+1","Leg Sweep+1","Caltrops","Dodge and Roll+1","Deflect","Adrenaline","PiercingWail+1","Footwork"],"relics":["Ring of the Snake","StoneCalendar","Nunchaku","Smiling Mask","Question Card","Empty Cage","Bottled Lightning","Molten Egg 2","Black Star","Mercury Hourglass"],"potions_floor_usage":[7,16,24,24,33,40],"damage_taken":[{"damage":0,"enemies":"Jaw Worm","floor":1,"turns":5},{"damage":3,"enemies":"2 Louse","floor":2,"turns":3},{"damage":0,"enemies":"Cultist","floor":3,"turns":3},{"damage":1,"enemies":"Looter","floor":4,"turns":4},{"damage":26,"enemies":"Gremlin Nob","floor":7,"turns":5},{"damage":0,"enemies":"3 Louse","floor":11,"turns":4},{"damage":0,"enemies":"Red Slaver","floor":13,"turns":3},{"damage":11,"enemies":"Lagavulin","floor":14,"turns":7},{"damage":12,"enemies":"The Guardian","floor":16,"turns":10},{"damage":1,"enemies":"Chosen","floor":18,"turns":5},{"damage":10,"enemies":"3 Byrds","floor":20,"turns":7},{"damage":33,"enemies":"Book of Stabbing","floor":24,"turns":7},{"damage":3,"enemies":"Centurion and Healer","floor":30,"turns":7},{"damage":14,"enemies":"Sentry and Sphere","floor":31,"turns":6},{"damage":26,"enemies":"Champ","floor":33,"turns":18},{"damage":22,"enemies":"3 Shapes","floor":35,"turns":5},{"damage":14,"enemies":"Orb Walker","floor":39,"turns":6},{"damage":16,"enemies":"Jaw Worm Horde","floor":40,"turns":3}],"seed_played":"-1173755938837745024","potions_obtained":[{"floor":1,"key":"SkillPotion"},{"floor":3,"key":"Ancient Potion"},{"floor":13,"key":"Regen Potion"},{"floor":24,"key":"PowerPotion"},{"floor":30,"key":"AttackPotion"},{"floor":39,"key":"Strength Potion"}],"is_trial":false,"path_per_floor":["M","M","M","M","?","R","E","$","T","R","M","R","M","E","R","B",null,"M","?","M","$","?","R","E","R","T","R","$","R","M","M","R","B",null,"M","T","?","$","M","M"],"character_chosen":"THE_SILENT","items_purchased":["Noxious Fumes","PowerPotion","Caltrops","Footwork"],"campfire_rested":2,"item_purchase_floors":[21,21,28,38],"current_hp_per_floor":[59,56,56,55,50,50,24,24,24,24,24,24,24,13,13,16,54,53,53,43,43,43,43,10,10,10,29,29,48,45,31,31,5,51,29,29,29,29,15,0],"gold":167,"neow_bonus":"ONE_RARE_RELIC","is_prod":false,"is_daily":false,"chose_seed":false,"campfire_upgraded":7,"win_rate":0,"timestamp":1560268586,"path_taken":["M","M","M","M","?","R","E","$","T","R","M","R","M","E","R","BOSS","M","?","M","$","?","R","E","R","T","R","?","R","M","M","R","BOSS","M","?","?","$","M","M"],"build_version":"2019-06-10","purchased_purges":3,"victory":false,"max_hp_per_floor":[66,66,66,66,66,66,66,66,66,66,66,66,66,66,66,66,66,66,66,66,66,66,66,66,66,66,66,66,66,66,66,66,66,66,66,66,66,66,66,66],"card_choices":[{"not_picked":["Endless Agony","Prepared","Heel Hook"],"picked":"SKIP","floor":1},{"not_picked":["Flying Knee","Blur"],"picked":"Poisoned Stab","floor":2},{"not_picked":["Bane","Acrobatics"],"picked":"Dash","floor":3},{"not_picked":["Sucker Punch","Blade Dance","Acrobatics"],"picked":"SKIP","floor":4},{"not_picked":["Underhanded Strike","Acrobatics"],"picked":"Flying Knee","floor":7},{"not_picked":["Poisoned Stab","PiercingWail"],"picked":"Backstab","floor":11},{"not_picked":["Envenom","PiercingWail"],"picked":"Well Laid Plans","floor":13},{"not_picked":["Masterful Stab","Prepared"],"picked":"All Out Attack","floor":14},{"not_picked":["Die Die Die","Doppelganger","Tools of the Trade"],"picked":"Night Terror","floor":16},{"not_picked":["Dagger Throw","Acrobatics","Endless Agony","Outmaneuver+1"],"picked":"SKIP","floor":18},{"not_picked":["Dagger Spray","Prepared","Masterful Stab","Flying Knee"],"picked":"SKIP","floor":20},{"not_picked":["Underhanded Strike","Noxious Fumes","Dagger Throw"],"picked":"Leg Sweep","floor":24},{"not_picked":["Acrobatics","Prepared+1","Masterful Stab+1"],"picked":"Dodge and Roll+1","floor":30},{"not_picked":["Choke+1","Dodge and Roll","Prepared"],"picked":"Deflect","floor":31},{"not_picked":["Unload+1","Die Die Die+1","Doppelganger"],"picked":"Adrenaline","floor":33},{"not_picked":["Caltrops","Quick Slash+1","Finisher+1"],"picked":"PiercingWail+1","floor":35},{"not_picked":["Predator+1","Dash+1","Poisoned Stab+1","Quick Slash+1"],"picked":"SKIP","floor":39}],"player_experience":2102524,"relics_obtained":[{"floor":7,"key":"Smiling Mask"},{"floor":14,"key":"Question Card"},{"floor":24,"key":"Bottled Lightning"},{"floor":26,"key":"Molten Egg 2"},{"floor":36,"key":"Mercury Hourglass"}],"event_choices":[{"damage_healed":0,"gold_gain":0,"player_choice":"Success","damage_taken":5,"relics_obtained":["Nunchaku"],"max_hp_gain":0,"max_hp_loss":0,"event_name":"Scrap Ooze","floor":5,"gold_loss":0},{"damage_healed":0,"gold_gain":0,"player_choice":"Read","damage_taken":0,"max_hp_gain":0,"max_hp_loss":0,"event_name":"The Library","floor":19,"gold_loss":0,"cards_obtained":["PiercingWail"]},{"damage_healed":0,"gold_gain":0,"player_choice":"Ignored","damage_taken":0,"max_hp_gain":0,"max_hp_loss":0,"event_name":"Vampires","floor":22,"gold_loss":0},{"damage_healed":0,"gold_gain":0,"player_choice":"Ignored","damage_taken":0,"max_hp_gain":0,"max_hp_loss":0,"event_name":"Tomb of Lord Red Mask","floor":37,"gold_loss":0}],"is_beta":true,"boss_relics":[{"not_picked":["Ring of the Serpent","Pandora\u0027s Box"],"picked":"Empty Cage"},{"not_picked":["White Beast Statue","Eternal Feather"],"picked":"Black Star"}],"items_purged_floors":[8,21,28],"is_endless":false,"potions_floor_spawned":[1,3,13,14,24,30,39],"killed_by":"Jaw Worm Horde","ascension_level":20}