{"gold_per_floor":[122,134,146,172,203,215,238,250,262,274,306,353,418,449,461,473],"floor_reached":16,"playtime":563,"items_purged":[],"score":204,"play_id":"dbcbb86e-1275-47ca-a8f9-65892f25425a","local_time":"20190313134500","is_ascension_mode":true,"campfire_choices":[{"data":"Zap","floor":6,"key":"SMITH"},{"data":"Doom and Gloom","floor":8,"key":"SMITH"},{"floor":10,"key":"REST"},{"data":"Biased Cognition","floor":15,"key":"SMITH"}],"neow_cost":"NONE","seed_source_timestamp":638971548055232,"circlet_count":0,"master_deck":["AscendersBane","Strike_B","Strike_B","Strike_B","Defend_B","Defend_B","Defend_B","Defend_B","Zap+1","Dualcast","Darkness","Doom and Gloom+1","Biased Cognition+1","Undo"],"relics":["Cracked Core","MawBank","Shuriken","Orichalcum"],"potions_floor_usage":[11,12,16],"damage_taken":[{"damage":2,"enemies":"2 Louse","floor":1,"turns":3},{"damage":0,"enemies":"Cultist","floor":4,"turns":3},{"damage":19,"enemies":"Small Slimes","floor":5,"turns":3},{"damage":14,"enemies":"Exordium Thugs","floor":7,"turns":4},{"damage":4,"enemies":"Blue Slaver","floor":11,"turns":3},{"damage":45,"enemies":"Gremlin Nob","floor":12,"turns":4},{"damage":0,"enemies":"Exordium Wildlife","floor":14,"turns":2},{"damage":6,"enemies":"Slime Boss","floor":16,"turns":6}],"seed_played":"-7614529174520705131","potions_obtained":[{"floor":1,"key":"SkillPotion"},{"floor":7,"key":"SkillPotion"},{"floor":14,"key":"Poison Potion"}],"is_trial":false,"path_per_floor":["M","$","?","M","M","R","M","R","T","R","M","E","?","M","R","B"],"character_chosen":"DEFECT","items_purchased":[],"campfire_rested":1,"item_purchase_floors":[],"current_hp_per_floor":[62,62,62,62,43,43,29,29,29,50,46,1,1,1,1,0],"gold":473,"neow_bonus":"RANDOM_COMMON_RELIC","is_prod":false,"is_daily":false,"chose_seed":false,"campfire_upgraded":3,"win_rate":0,"timestamp":1552484700,"path_taken":["M","$","?","M","?","R","M","R","T","R","M","E","?","M","R","BOSS"],"build_version":"2019-02-06","purchased_purges":0,"victory":false,"max_hp_per_floor":[71,71,71,71,71,71,71,71,71,71,71,71,71,71,71,71],"card_choices":[{"not_picked":["Compile Driver","Coolheaded"],"picked":"Darkness","floor":1},{"not_picked":["Reinforced Body","Leap"],"picked":"Doom and Gloom","floor":4},{"not_picked":["Leap","Blizzard","Double Energy"],"picked":"SKIP","floor":5},{"not_picked":["Leap","Blizzard","Double Energy"],"picked":"SKIP","floor":5},{"not_picked":["Reboot","Streamline","Rebound"],"picked":"SKIP","floor":7},{"not_picked":["Rebound","Turbo","Leap"],"picked":"SKIP","floor":11},{"not_picked":["Streamline","Reinforced Body"],"picked":"Biased Cognition","floor":12},{"not_picked":["Leap","Scrape"],"picked":"Undo","floor":14}],"player_experience":1926294,"relics_obtained":[{"floor":9,"key":"Shuriken"},{"floor":12,"key":"Orichalcum"}],"event_choices":[{"cards_removed":["Strike_B"],"damage_healed":0,"gold_gain":0,"player_choice":"Purged","damage_taken":0,"max_hp_gain":0,"max_hp_loss":0,"event_name":"Purifier","floor":3,"gold_loss":0},{"damage_healed":0,"gold_gain":53,"player_choice":"Gained Gold","damage_taken":0,"max_hp_gain":0,"max_hp_loss":0,"event_name":"Golden Wing","floor":13,"gold_loss":0}],"is_beta":true,"boss_relics":[],"items_purged_floors":[],"is_endless":false,"potions_floor_spawned":[1,7,14],"killed_by":"Slime Boss","ascension_level":20}