{"gold_per_floor":[110,128,144,219,230,230,263,263,263,293,311,311,324,334,334,436,436,449,11,29,104,4,4,22,41,89,89,99,99,99],"floor_reached":30,"playtime":3392,"items_purged":["Eviscerate","Strike_G"],"score":256,"play_id":"49ad45ce-90c3-4d54-8848-a87d5bc3ee1e","local_time":"20190814151324","is_ascension_mode":true,"campfire_choices":[{"floor":6,"key":"RECALL"},{"data":"Glass Knife","floor":8,"key":"SMITH"},{"floor":15,"key":"REST"},{"data":"Transmutation","floor":23,"key":"SMITH"}],"neow_cost":"CURSE","seed_source_timestamp":8885154385352,"circlet_count":0,"master_deck":["Strike_G","Strike_G","Defend_G","Defend_G","Defend_G","Defend_G","Defend_G","Survivor","Neutralize","Dark Shackles","Mayhem","Footwork","Acrobatics","Slice","Glass Knife+1","Backflip","Footwork","Dagger Throw","Venomology","Well Laid Plans","Transmutation+1","Outmaneuver+1","Endless Agony","Blade Dance"],"relics":["Ring of the Snake","Ninja Scroll","Bottled Lightning","Pantograph","Empty Cage","Juzu Bracelet","Orichalcum","Pen Nib"],"potions_floor_usage":[7,7,14,16,16,18,20,25,28,30],"damage_taken":[{"damage":0,"enemies":"Small Slimes","floor":1,"turns":7},{"damage":0,"enemies":"2 Louse","floor":2,"turns":5},{"damage":0,"enemies":"Cultist","floor":3,"turns":5},{"damage":9,"enemies":"Large Slime","floor":5,"turns":9},{"damage":20,"enemies":"Gremlin Nob","floor":7,"turns":4},{"damage":10,"enemies":"3 Sentries","floor":10,"turns":13},{"damage":0,"enemies":"Exordium Thugs","floor":11,"turns":4},{"damage":0,"enemies":"Red Slaver","floor":13,"turns":1},{"damage":4,"enemies":"Gremlin Gang","floor":14,"turns":5},{"damage":17,"enemies":"Slime Boss","floor":16,"turns":8},{"damage":7,"enemies":"2 Thieves","floor":18,"turns":5},{"damage":0,"enemies":"Spheric Guardian","floor":20,"turns":6},{"damage":17,"enemies":"Snake Plant","floor":24,"turns":8},{"damage":22,"enemies":"Snecko","floor":25,"turns":7},{"damage":7,"enemies":"Cultist and Chosen","floor":28,"turns":11},{"damage":11,"enemies":"Masked Bandits","floor":30,"turns":2}],"seed_played":"-5561756863228559913","potions_obtained":[{"floor":1,"key":"FearPotion"},{"floor":3,"key":"LiquidBronze"},{"floor":10,"key":"Poison Potion"},{"floor":11,"key":"PowerPotion"},{"floor":14,"key":"FearPotion"},{"floor":28,"key":"Weak Potion"}],"is_trial":false,"path_per_floor":["M","M","M","?","M","R","E","R","T","E","M","?","M","M","R","B",null,"M","$","M","?","$","R","M","M","T","?","M","?","?"],"character_chosen":"THE_SILENT","items_purchased":["Juzu Bracelet","Transmutation","SteroidPotion"],"campfire_rested":1,"item_purchase_floors":[19,19,19],"current_hp_per_floor":[70,70,70,59,50,50,30,30,30,20,20,20,20,16,37,45,70,63,63,63,56,56,56,39,17,17,17,10,10,0],"gold":99,"neow_bonus":"RANDOM_COLORLESS_2","is_prod":false,"is_daily":false,"chose_seed":false,"campfire_upgraded":2,"win_rate":0,"timestamp":1565820804,"path_taken":["M","M","M","?","M","R","E","R","T","E","M","?","M","?","R","BOSS","M","$","M","?","?","R","M","M","T","?","M","?","?"],"build_version":"2019-07-17","purchased_purges":2,"victory":false,"max_hp_per_floor":[70,70,70,70,70,70,70,70,70,70,70,70,70,70,70,70,70,70,70,70,70,70,70,70,70,70,70,70,70,70],"card_choices":[{"not_picked":["Quick Slash","Flechettes"],"picked":"Footwork","floor":1},{"not_picked":["Catalyst","Deadly Poison"],"picked":"Acrobatics","floor":2},{"not_picked":["Deflect","Sucker Punch"],"picked":"Slice","floor":3},{"not_picked":["Poisoned Stab","Choke"],"picked":"Glass Knife","floor":5},{"not_picked":["Poisoned Stab","Masterful Stab"],"picked":"Backflip","floor":7},{"not_picked":["Terror","Crippling Poison"],"picked":"Footwork","floor":10},{"not_picked":["Deflect","Tools of the Trade"],"picked":"Dagger Throw","floor":11},{"not_picked":["Dodge and Roll","Bane"],"picked":"Eviscerate","floor":13},{"not_picked":["Finisher","Slice"],"picked":"Footwork","floor":14},{"not_picked":["Corpse Explosion","Glass Knife"],"picked":"Venomology","floor":16},{"not_picked":["Backflip+1","Poisoned Stab"],"picked":"Well Laid Plans","floor":18},{"not_picked":["Escape Plan","All Out Attack+1"],"picked":"Outmaneuver+1","floor":20},{"not_picked":["Flying Knee+1","Caltrops"],"picked":"Endless Agony","floor":24},{"not_picked":["Bane+1","Blade Dance","Flying Knee+1"],"picked":"SKIP","floor":25},{"not_picked":["Bane+1","Underhanded Strike"],"picked":"Blade Dance","floor":28}],"player_experience":98427,"relics_obtained":[{"floor":7,"key":"Ninja Scroll"},{"floor":9,"key":"Bottled Lightning"},{"floor":10,"key":"Pantograph"},{"floor":26,"key":"Orichalcum"}],"event_choices":[{"damage_healed":0,"gold_gain":75,"player_choice":"Gather Gold","damage_taken":11,"max_hp_gain":0,"max_hp_loss":0,"event_name":"World of Goop","floor":4,"gold_loss":0},{"cards_removed":["Doubt"],"damage_healed":0,"gold_gain":0,"player_choice":"Purged","damage_taken":0,"max_hp_gain":0,"max_hp_loss":0,"event_name":"Purifier","floor":12,"gold_loss":0},{"damage_healed":0,"gold_gain":75,"player_choice":"Touch","damage_taken":7,"max_hp_gain":0,"max_hp_loss":0,"event_name":"FaceTrader","floor":21,"gold_loss":0},{"damage_healed":0,"gold_gain":0,"player_choice":"Gave Potion","damage_taken":0,"relics_obtained":["Pen Nib"],"max_hp_gain":0,"max_hp_loss":0,"event_name":"WeMeetAgain","floor":27,"gold_loss":0},{"cards_removed":["Footwork"],"damage_healed":0,"gold_gain":0,"player_choice":"Purged","damage_taken":0,"max_hp_gain":0,"max_hp_loss":0,"event_name":"Purifier","floor":29,"gold_loss":0},{"damage_healed":0,"gold_gain":0,"player_choice":"Fought Bandits","damage_taken":0,"max_hp_gain":0,"max_hp_loss":0,"event_name":"Masked Bandits","floor":30,"gold_loss":0}],"is_beta":false,"boss_relics":[{"not_picked":["White Beast Statue","Coffee Dripper"],"picked":"Empty Cage"}],"items_purged_floors":[19,22],"is_endless":false,"potions_floor_spawned":[1,3,10,11,14,28],"killed_by":"Masked Bandits","ascension_level":1}