{"gold_per_floor":[119,138,138,6,18,45,45,80,80,80,93,111,139,156,156,233,233,246,261,22,41,41,41,74,88,160,160,19,51,69,69,69,141,141,152,162,162,180,200,200],"floor_reached":40,"playtime":1723,"items_purged":["Strike_R","Strike_R"],"score":900,"play_id":"b82908b3-4187-46d1-9674-6e39432f83bd","local_time":"20190711101749","is_ascension_mode":true,"campfire_choices":[{"data":"Inflame","floor":7.0,"key":"SMITH"},{"data":"Armaments","floor":10.0,"key":"SMITH"},{"data":"Battle Trance","floor":15.0,"key":"SMITH"},{"data":"Dual Wield","floor":23.0,"key":"SMITH"},{"floor":27.0,"key":"REST"},{"data":"Battle Trance","floor":32,"key":"SMITH"}],"neow_cost":"PERCENT_DAMAGE","seed_source_timestamp":144060300245760,"circlet_count":0,"master_deck":["AscendersBane","Strike_R","Strike_R","Defend_R","Defend_R","Defend_R+1","Defend_R","Bash","Bludgeon","Sword Boomerang","Armaments+1","Uppercut","Inflame+1","Limit Break+1","Metallicize","Battle Trance+1","Offering","Havoc+1","Dual Wield+1","True Grit","Battle Trance+1","Inflame+1","Offering","Inflame+1","Shrug It Off+1"],"special_seed":0,"relics":["Burning Blood","Mummified Hand","Bronze Scales","Self Forming Clay","Singing Bowl","Runic Pyramid","Potion Belt","War Paint","Regal Pillow","Mercury Hourglass","Black Star"],"potions_floor_usage":[33,40,40,40],"damage_taken":[{"damage":1.0,"enemies":"2 Louse","floor":1.0,"turns":3.0},{"damage":6.0,"enemies":"Cultist","floor":2.0,"turns":3.0},{"damage":8.0,"enemies":"Small Slimes","floor":5.0,"turns":4.0},{"damage":8.0,"enemies":"Gremlin Nob","floor":6.0,"turns":3.0},{"damage":15.0,"enemies":"Lagavulin","floor":8.0,"turns":5.0},{"damage":12.0,"enemies":"Gremlin Gang","floor":11.0,"turns":4.0},{"damage":3.0,"enemies":"2 Fungi Beasts","floor":12.0,"turns":3.0},{"damage":8.0,"enemies":"Gremlin Nob","floor":13.0,"turns":3.0},{"damage":1.0,"enemies":"Exordium Thugs","floor":14.0,"turns":4.0},{"damage":19.0,"enemies":"The Guardian","floor":16.0,"turns":10.0},{"damage":21.0,"enemies":"Shell Parasite","floor":18.0,"turns":3.0},{"damage":6.0,"enemies":"Spheric Guardian","floor":19.0,"turns":3.0},{"damage":24.0,"enemies":"Snake Plant","floor":21.0,"turns":2.0},{"damage":17.0,"enemies":"Gremlin Leader","floor":24.0,"turns":4.0},{"damage":21.0,"enemies":"Shelled Parasite and Fungi","floor":25.0,"turns":5.0},{"damage":24.0,"enemies":"Book of Stabbing","floor":29.0,"turns":3.0},{"damage":6,"enemies":"Cultist and Chosen","floor":30,"turns":5},{"damage":36,"enemies":"Automaton","floor":33,"turns":8},{"damage":6,"enemies":"Orb Walker","floor":35,"turns":2},{"damage":24,"enemies":"3 Darklings","floor":36,"turns":3},{"damage":44,"enemies":"Transient","floor":38,"turns":6},{"damage":12,"enemies":"Sphere and 2 Shapes","floor":39,"turns":4},{"damage":21,"enemies":"Reptomancer","floor":40,"turns":2}],"seed_played":"4946841814194474828","potions_obtained":[{"floor":5.0,"key":"EssenceOfSteel"},{"floor":11.0,"key":"GamblersBrew"},{"floor":13.0,"key":"SkillPotion"},{"floor":14.0,"key":"BloodPotion"},{"floor":21.0,"key":"Ancient Potion"},{"floor":29.0,"key":"GamblersBrew"},{"floor":33,"key":"SteroidPotion"},{"floor":38,"key":"FearPotion"},{"floor":39,"key":"Explosive Potion"}],"is_trial":false,"path_per_floor":["M","M","?","$","M","E","R","E","T","R","M","M","E","M","R","B",null,"M","M","$","M","?","R","E","M","T","R","$","E","M","?","R","B",null,"M","M","?","M","M","E"],"character_chosen":"IRONCLAD","items_purchased":["PowerPotion","Potion Belt","Dual Wield","Battle Trance"],"campfire_rested":1,"item_purchase_floors":[4,20,20,28],"current_hp_per_floor":[55,55,55,55,53,51,51,42,42,42,36,39,39,44,44,31,66,51,53,53,37,37,37,26,33,33,72,72,56,58,58,58,28,72,74,56,56,18,14,0],"gold":200,"neow_bonus":"THREE_RARE_CARDS","is_prod":false,"is_daily":false,"chose_seed":false,"campfire_upgraded":5,"win_rate":0,"timestamp":1562836669,"path_taken":["M","M","?","$","M","E","R","E","T","R","M","M","E","M","R","BOSS","M","M","$","M","?","R","E","M","T","R","$","E","?","?","R","BOSS","M","?","?","M","M","E"],"build_version":"2019-07-10","purchased_purges":2,"victory":false,"max_hp_per_floor":[75,75,75,75,75,75,75,75,75,75,75,75,77,77,77,77,77,77,79,79,81,81,81,81,83,83,83,83,85,87,87,87,87,87,89,89,89,89,91,91],"card_choices":[{"not_picked":["Limit Break","Barricade"],"picked":"Bludgeon","floor":0.0},{"not_picked":["Perfected Strike","Body Slam"],"picked":"Sword Boomerang","floor":1.0},{"not_picked":["Bloodletting","Sword Boomerang"],"picked":"Armaments","floor":2.0},{"not_picked":["Shrug It Off","Thunderclap"],"picked":"Uppercut","floor":5.0},{"not_picked":["Shrug It Off","Offering"],"picked":"Inflame","floor":6.0},{"not_picked":["Hemokinesis","Iron Wave"],"picked":"Limit Break","floor":8.0},{"not_picked":["Carnage","Headbutt"],"picked":"Metallicize","floor":11.0},{"not_picked":["Reckless Charge","Sword Boomerang","Cleave"],"picked":"SKIP","floor":12.0},{"not_picked":["Clash","Warcry","Heavy Blade"],"picked":"Singing Bowl","floor":13.0},{"not_picked":["Cleave","Perfected Strike"],"picked":"Battle Trance","floor":14.0},{"not_picked":["Juggernaut","Barricade"],"picked":"Offering","floor":16.0},{"not_picked":["Flex","Cleave+1"],"picked":"Havoc+1","floor":18.0},{"not_picked":["Flex","Armaments","Perfected Strike"],"picked":"Singing Bowl","floor":19.0},{"not_picked":["Sword Boomerang","Cleave","Carnage"],"picked":"Singing Bowl","floor":21.0},{"not_picked":["Anger","Spot Weakness"],"picked":"True Grit","floor":24.0},{"not_picked":["Body Slam","Anger","True Grit"],"picked":"Singing Bowl","floor":25.0},{"not_picked":["Heavy Blade","Clothesline","Uppercut"],"picked":"Singing Bowl","floor":29.0},{"not_picked":["Pommel Strike","Headbutt","Armaments"],"picked":"Singing Bowl","floor":30},{"not_picked":["Dark Embrace","Limit Break"],"picked":"Offering","floor":33},{"not_picked":["Body Slam","Clothesline","Flex"],"picked":"Singing Bowl","floor":35},{"not_picked":["Perfected Strike","Intimidate"],"picked":"Inflame","floor":36},{"not_picked":["Headbutt","Clothesline"],"picked":"Shrug It Off+1","floor":38},{"not_picked":["Searing Blow+1","Headbutt","Havoc+1"],"picked":"Singing Bowl","floor":39}],"player_experience":2189810,"relics_obtained":[{"floor":6.0,"key":"Mummified Hand"},{"floor":8.0,"key":"Bronze Scales"},{"floor":9.0,"key":"Self Forming Clay"},{"floor":13.0,"key":"Singing Bowl"},{"floor":24.0,"key":"Regal Pillow"},{"floor":29.0,"key":"Mercury Hourglass"}],"event_choices":[{"cards_removed":["Strike_R"],"damage_healed":0.0,"max_hp_gain":0.0,"max_hp_loss":0.0,"gold_gain":0.0,"event_name":"Bonfire Elementals","player_choice":"Offered Basic","floor":3.0,"gold_loss":0.0,"damage_taken":0.0},{"damage_healed":0.0,"max_hp_gain":0.0,"max_hp_loss":0.0,"gold_gain":0.0,"event_name":"WeMeetAgain","player_choice":"Gave Potion","floor":22.0,"gold_loss":0.0,"damage_taken":0.0,"relics_obtained":["War Paint"]},{"damage_healed":0,"gold_gain":0,"player_choice":"Copied","damage_taken":0,"max_hp_gain":0,"max_hp_loss":0,"event_name":"Duplicator","floor":31,"gold_loss":0,"cards_obtained":["Inflame"]},{"damage_healed":0,"gold_gain":0,"player_choice":"Forge","damage_taken":0,"max_hp_gain":0,"max_hp_loss":0,"event_name":"Accursed Blacksmith","floor":37,"gold_loss":0,"cards_upgraded":["Inflame"]}],"is_beta":true,"boss_relics":[{"not_picked":["Astrolabe","Philosopher\u0027s Stone"],"picked":"Runic Pyramid"},{"not_picked":["Eternal Feather","Sozu"],"picked":"Black Star"}],"items_purged_floors":[4,28],"is_endless":false,"potions_floor_spawned":[5,11,13,14,16,21,29,33,38,39],"killed_by":"Reptomancer","ascension_level":20}