{"gold_per_floor":[11,22,40,56,131,131,156,175,175,175,205,223,223,223,223,294,294,314,330,330,330,349,349,349,349,349,349],"floor_reached":27,"playtime":1282,"items_purged":[],"score":496,"play_id":"62962f84-31e5-482b-986a-40e5123cdd6e","local_time":"20181016180243","is_ascension_mode":true,"campfire_choices":[{"data":"Zap","floor":6.0,"key":"SMITH"},{"floor":10.0,"key":"REST"},{"data":"Rainbow","floor":13.0,"key":"SMITH"},{"data":"Aggregate","floor":15.0,"key":"SMITH"},{"floor":23,"key":"REST"},{"data":"Hologram","floor":25,"key":"SMITH"}],"neow_cost":"NO_GOLD","seed_source_timestamp":0,"circlet_count":0,"master_deck":["Defend_B","Defend_B","Defend_B","Defend_B","Zap+1","Dualcast","AscendersBane","Compile Driver","Compile Driver","Conserve Battery","Rainbow+1","Aggregate+1","Hologram+1","Reinforced Body","Sweeping Beam","All For One","Leap+1","Beam Cell+1","Decay","Bite","Bite","Bite","Bite","Bite","Coolheaded","Ghostly","Ghostly","Ghostly","Ghostly","Ghostly"],"special_seed":0,"relics":["Cracked Core","Darkstone Periapt","Ancient Tea Set","Happy Flower","Velvet Choker","Kunai"],"potions_floor_usage":[16,18,27,27],"damage_taken":[{"damage":1.0,"enemies":"Cultist","floor":1.0,"turns":3.0},{"damage":2.0,"enemies":"Jaw Worm","floor":2.0,"turns":4.0},{"damage":0.0,"enemies":"2 Louse","floor":3.0,"turns":1.0},{"damage":1.0,"enemies":"Looter","floor":4.0,"turns":3.0},{"damage":42.0,"enemies":"Gremlin Nob","floor":7.0,"turns":4.0},{"damage":17.0,"enemies":"Exordium Thugs","floor":8.0,"turns":5.0},{"damage":10.0,"enemies":"Lagavulin","floor":11.0,"turns":5.0},{"damage":2.0,"enemies":"Exordium Wildlife","floor":12.0,"turns":3.0},{"damage":18,"enemies":"Hexaghost","floor":16,"turns":9},{"damage":5,"enemies":"Shell Parasite","floor":18,"turns":3},{"damage":24,"enemies":"3 Byrds","floor":19,"turns":5},{"damage":37,"enemies":"Snecko","floor":22,"turns":5},{"damage":36,"enemies":"Slavers","floor":27,"turns":1}],"seed_played":"5470845668076915280","potions_obtained":[{"floor":1.0,"key":"Poison Potion"},{"floor":4.0,"key":"Ancient Potion"},{"floor":11.0,"key":"SteroidPotion"},{"floor":16,"key":"FearPotion"},{"floor":22,"key":"PowerPotion"}],"is_trial":false,"path_per_floor":["M","M","M","M","?","R","E","M","T","R","E","M","R","?","R","B",null,"M","M","?","?","M","R","?","R","T"],"character_chosen":"DEFECT","items_purchased":[],"campfire_rested":2,"item_purchase_floors":[],"current_hp_per_floor":[77,75,75,74,63,63,21,4,4,29,19,17,17,22,22,4,69,64,40,46,46,17,37,33,33,33,0],"gold":349,"neow_bonus":"TWENTY_PERCENT_HP_BONUS","is_prod":false,"is_daily":false,"chose_seed":false,"campfire_upgraded":4,"win_rate":0,"timestamp":1539709363,"path_taken":["M","M","M","?","?","R","E","M","T","R","E","M","R","?","R","BOSS","M","M","?","?","?","R","?","R","T","E"],"build_version":"2018-10-15v2","purchased_purges":0,"victory":false,"max_hp_per_floor":[85,85,85,85,85,85,85,85,85,85,85,85,85,90,90,90,90,90,90,96,67,67,67,33,33,33,33],"card_choices":[{"not_picked":["Undo","Redo"],"picked":"Compile Driver","floor":1.0},{"not_picked":["Self Repair","Barrage"],"picked":"Compile Driver","floor":2.0},{"not_picked":["Redo","Turbo"],"picked":"Conserve Battery","floor":3.0},{"not_picked":["Compile Driver","Beam Cell"],"picked":"Rainbow","floor":4.0},{"not_picked":["Blizzard","Double Energy"],"picked":"Aggregate","floor":7.0},{"not_picked":["Aggregate","Redo"],"picked":"Hologram","floor":8.0},{"not_picked":["Genetic Algorithm","Fusion"],"picked":"Reinforced Body","floor":11.0},{"not_picked":["Hologram","Coolheaded"],"picked":"Sweeping Beam","floor":12.0},{"not_picked":["Amplify","Machine Learning"],"picked":"All For One","floor":16},{"not_picked":["Compile Driver","Stack"],"picked":"Leap+1","floor":18},{"not_picked":["Fusion","Sunder"],"picked":"Beam Cell+1","floor":19},{"not_picked":["Auto Shields","Beam Cell"],"picked":"Coolheaded","floor":22}],"player_experience":1486122,"relics_obtained":[{"floor":7.0,"key":"Darkstone Periapt"},{"floor":9.0,"key":"Ancient Tea Set"},{"floor":11.0,"key":"Happy Flower"},{"floor":26,"key":"Kunai"}],"event_choices":[{"event_name":"World of Goop","player_choice":"Gather Gold","floor":5.0,"damage_taken":0.0},{"event_name":"Big Fish","player_choice":"Donut","floor":14.0,"damage_taken":0.0},{"event_name":"Forgotten Altar","player_choice":"Smashed Altar","floor":20,"damage_taken":0},{"event_name":"Vampires","player_choice":"Became a vampire","floor":21,"damage_taken":0},{"event_name":"Ghosts","player_choice":"Became a Ghost","floor":24,"damage_taken":0}],"is_beta":true,"boss_relics":[{"not_picked":["Eternal Feather","Busted Crown"],"picked":"Velvet Choker"}],"items_purged_floors":[],"is_endless":false,"potions_floor_spawned":[1,4,11,16,22],"killed_by":"Slavers","ascension_level":20}