{"gold_per_floor":[216,366,366,389,54,89,89,119,165,165,180,220,236,277,277,373,373,396,23,46,46,46,82,82,118,118,151,151,190,190,208,208,304,604,629,645,978,978,992,992],"floor_reached":40,"playtime":1932,"items_purged":["Doubt","Endless Agony"],"score":1060,"play_id":"e87107e8-a491-45e0-ac91-edf2ae572308","local_time":"20181217155545","is_ascension_mode":true,"campfire_choices":[{"data":"Neutralize","floor":7.0,"key":"SMITH"},{"floor":10.0,"key":"REST"},{"floor":15.0,"key":"REST"},{"floor":24.0,"key":"REST"},{"data":"Corpse Explosion","floor":28.0,"key":"SMITH"},{"data":"Noxious Fumes","floor":30.0,"key":"SMITH"},{"data":"Infinite Blades","floor":32.0,"key":"SMITH"}],"neow_cost":"NONE","seed_source_timestamp":0,"circlet_count":0,"master_deck":["AscendersBane","Defend_G","Defend_G","Defend_G","Defend_G","Defend_G","Survivor","Neutralize+1","Slice","Infinite Blades+1","Dash","A Thousand Cuts+1","Infinite Blades","Corpse Explosion+1","PiercingWail+1","Riddle With Holes","Bite","Bite","Bite","Bite","Bite","Riddle With Holes","PiercingWail+1","Noxious Fumes+1","After Image","Parasite","Pain","Normality","Dash"],"special_seed":0,"relics":["Ring of the Snake","Sling","Gambling Chip","Tiny Chest","Anchor","Happy Flower","Centennial Puzzle","Snecko Eye","PreservedInsect","Lantern","Smiling Mask","Bag of Marbles","Blue Candle","Darkstone Periapt","Calling Bell","Strawberry","Gremlin Horn","Old Coin"],"potions_floor_usage":[],"damage_taken":[{"damage":0.0,"enemies":"2 Louse","floor":1.0,"turns":3.0},{"damage":8.0,"enemies":"Small Slimes","floor":4.0,"turns":4.0},{"damage":20.0,"enemies":"3 Sentries","floor":6.0,"turns":8.0},{"damage":0.0,"enemies":"Cultist","floor":11.0,"turns":3.0},{"damage":24.0,"enemies":"Gremlin Nob","floor":12.0,"turns":4.0},{"damage":0.0,"enemies":"Looter","floor":13.0,"turns":3.0},{"damage":2.0,"enemies":"3 Sentries","floor":14.0,"turns":5.0},{"damage":15.0,"enemies":"Slime Boss","floor":16.0,"turns":9.0},{"damage":22.0,"enemies":"2 Thieves","floor":18.0,"turns":4.0},{"damage":25.0,"enemies":"Shell Parasite","floor":20.0,"turns":6.0},{"damage":1.0,"enemies":"Gremlin Leader","floor":23.0,"turns":4.0},{"damage":14.0,"enemies":"Book of Stabbing","floor":25.0,"turns":4.0},{"damage":0.0,"enemies":"Gremlin Leader","floor":27.0,"turns":1.0},{"damage":6.0,"enemies":"Book of Stabbing","floor":29.0,"turns":2.0},{"damage":0.0,"enemies":"3 Cultists","floor":31.0,"turns":2.0},{"damage":46.0,"enemies":"Automaton","floor":33.0,"turns":7.0},{"damage":12,"enemies":"3 Darklings","floor":35,"turns":4},{"damage":2,"enemies":"Orb Walker","floor":36,"turns":3},{"damage":4,"enemies":"3 Darklings","floor":39,"turns":3},{"damage":92,"enemies":"Giant Head","floor":40,"turns":7}],"seed_played":"4951479101444637158","potions_obtained":[{"floor":1.0,"key":"Poison Potion"},{"floor":6.0,"key":"Weak Potion"},{"floor":11.0,"key":"Weak Potion"},{"floor":16.0,"key":"SpeedPotion"},{"floor":20.0,"key":"GamblersBrew"},{"floor":23.0,"key":"Fruit Juice"},{"floor":25.0,"key":"GamblersBrew"},{"floor":27.0,"key":"LiquidBronze"},{"floor":39,"key":"LiquidBronze"}],"is_trial":false,"path_per_floor":["M","?","?","M","$","E","R","?","T","R","M","E","M","E","R","B",null,"M","$","M","?","?","E","R","E","T","E","R","E","R","M","R","B",null,"M","M","?","?","M","E"],"character_chosen":"THE_SILENT","items_purchased":["Sling","Infinite Blades","PreservedInsect","Fruit Juice"],"campfire_rested":3,"item_purchase_floors":[5,5,19,19],"current_hp_per_floor":[59,59,59,51,51,31,31,13,13,31,31,7,7,5,23,8,47,25,30,5,5,5,17,32,28,28,28,28,34,34,40,40,12,66,60,64,64,64,66,0],"gold":992,"neow_bonus":"HUNDRED_GOLD","is_prod":false,"is_daily":false,"chose_seed":false,"campfire_upgraded":4,"win_rate":0,"timestamp":1545062145,"path_taken":["M","?","?","M","$","E","R","?","T","R","M","E","M","E","R","BOSS","M","$","M","?","?","E","R","E","T","E","R","E","R","?","R","BOSS","M","M","?","?","?","E"],"build_version":"2018-12-13","purchased_purges":2,"victory":false,"max_hp_per_floor":[66,66,60,60,60,60,60,60,60,60,60,60,60,60,60,60,60,60,65,65,45,45,50,50,50,50,50,50,50,50,50,50,50,75,75,75,75,75,75,75],"card_choices":[{"not_picked":["Setup","Reflex","Eviscerate"],"picked":"SKIP","floor":1.0},{"not_picked":["Setup","Reflex"],"picked":"Slice","floor":4.0},{"not_picked":["Prepared","Outmaneuver"],"picked":"Endless Agony","floor":6.0},{"not_picked":["Backflip","Skewer"],"picked":"Dash","floor":11.0},{"not_picked":["Heel Hook","Bane"],"picked":"A Thousand Cuts","floor":12.0},{"not_picked":["Acrobatics","Dagger Throw"],"picked":"Infinite Blades","floor":13.0},{"not_picked":["Sucker Punch","Distraction","Expertise"],"picked":"SKIP","floor":14.0},{"not_picked":["Night Terror","Die Die Die"],"picked":"Corpse Explosion","floor":16.0},{"not_picked":["Bane","Cloak And Dagger"],"picked":"PiercingWail+1","floor":18.0},{"not_picked":["Finisher","Deadly Poison"],"picked":"Riddle With Holes","floor":20.0},{"not_picked":["Deadly Poison","Dodge and Roll"],"picked":"Riddle With Holes","floor":23.0},{"not_picked":["Masterful Stab","Bane","Dagger Spray+1"],"picked":"SKIP","floor":25.0},{"not_picked":["Acrobatics","Backstab"],"picked":"PiercingWail+1","floor":27.0},{"not_picked":["Blade Dance","Dash"],"picked":"Noxious Fumes","floor":29.0},{"not_picked":["Cloak And Dagger","Eviscerate","Quick Slash"],"picked":"SKIP","floor":31.0},{"not_picked":["Corpse Explosion","Doppelganger"],"picked":"After Image","floor":33.0},{"not_picked":["Eviscerate+1","Prepared","Bane"],"picked":"SKIP","floor":35},{"not_picked":["Tactician","Cloak And Dagger+1"],"picked":"Dash","floor":36},{"not_picked":["Deadly Poison","Dagger Spray+1","Cloak And Dagger+1"],"picked":"SKIP","floor":39}],"player_experience":1700281,"relics_obtained":[{"floor":6.0,"key":"Gambling Chip"},{"floor":9.0,"key":"Anchor"},{"floor":12.0,"key":"Happy Flower"},{"floor":14.0,"key":"Centennial Puzzle"},{"floor":23.0,"key":"Lantern"},{"floor":25.0,"key":"Smiling Mask"},{"floor":26.0,"key":"Bag of Marbles"},{"floor":27.0,"key":"Blue Candle"},{"floor":29.0,"key":"Darkstone Periapt"},{"floor":34,"key":"Strawberry"},{"floor":34,"key":"Gremlin Horn"},{"floor":34,"key":"Old Coin"}],"event_choices":[{"damage_healed":0.0,"max_hp_gain":0.0,"max_hp_loss":0.0,"gold_gain":150.0,"event_name":"Liars Game","player_choice":"AGREE","floor":2.0,"gold_loss":0.0,"damage_taken":0.0,"cards_obtained":["Doubt"]},{"damage_healed":0.0,"max_hp_gain":0.0,"max_hp_loss":6.0,"gold_gain":0.0,"event_name":"Golden Idol","player_choice":"Lose Max HP","floor":3.0,"gold_loss":0.0,"damage_taken":0.0,"relics_obtained":["Golden Idol"]},{"damage_healed":0.0,"max_hp_gain":0.0,"max_hp_loss":0.0,"gold_gain":0.0,"event_name":"Scrap Ooze","player_choice":"Success","floor":8.0,"gold_loss":0.0,"damage_taken":18.0,"relics_obtained":["Tiny Chest"]},{"damage_healed":0.0,"max_hp_gain":0.0,"max_hp_loss":20.0,"gold_gain":0.0,"event_name":"Vampires","player_choice":"Became a vampire","floor":21.0,"gold_loss":0.0,"damage_taken":0.0,"cards_obtained":["Bite","Bite","Bite","Bite","Bite"]},{"damage_healed":0.0,"max_hp_gain":0.0,"max_hp_loss":0.0,"gold_gain":0.0,"event_name":"Upgrade Shrine","player_choice":"Upgraded","floor":22.0,"gold_loss":0.0,"damage_taken":0.0,"cards_upgraded":["A Thousand Cuts"]},{"damage_healed":0,"gold_gain":333,"player_choice":"Gave Idol","damage_taken":0,"max_hp_gain":0,"max_hp_loss":0,"event_name":"The Moai Head","floor":37,"relics_lost":["Golden Idol"],"gold_loss":0},{"damage_healed":0,"gold_gain":0,"player_choice":"Ignored","damage_taken":0,"max_hp_gain":0,"max_hp_loss":0,"event_name":"Tomb of Lord Red Mask","floor":38,"gold_loss":0}],"is_beta":true,"boss_relics":[{"not_picked":["Fusion Hammer","Lizard Tail"],"picked":"Snecko Eye"},{"not_picked":["Orrery","Eternal Feather"],"picked":"Calling Bell"}],"items_purged_floors":[5,19],"is_endless":false,"potions_floor_spawned":[1,6,11,16,20,23,25,27,33,39],"killed_by":"Giant Head","ascension_level":20}