{"gold_per_floor":[109,125,145,115,127,160,180,198,198,198,225,225,225,238,238,315,315,334,334,31,43,43,43,0,33,58,58],"floor_reached":27,"playtime":1653,"items_purged":["Strike_B"],"score":413,"play_id":"3aefabf5-27dc-444c-aec4-b8c151043aa1","local_time":"20190818224007","is_ascension_mode":true,"campfire_choices":[{"floor":10,"key":"REST"},{"floor":12,"key":"REST"},{"floor":15,"key":"REST"},{"data":"Defragment","floor":23,"key":"SMITH"}],"neow_cost":"NONE","seed_source_timestamp":449617231874854,"circlet_count":0,"master_deck":["AscendersBane","Strike_B+1","Strike_B+1","Strike_B","Defend_B","Defend_B","Defend_B","Defend_B","Zap","Dualcast","Coolheaded","Loop","Conserve Battery","Redo","Defragment+1","Barrage","Cold Snap","Darkness","Ball Lightning","Hyperbeam","Fission","Leap","Sunder","Magnetism","Compile Driver","Force Field+1"],"relics":["Cracked Core","NeowsBlessing","Pocketwatch","Omamori","Pear","Vajra","Philosopher\u0027s Stone","Cables","Art of War","Sundial","Whetstone"],"potions_floor_usage":[6,6,8,11,21,25],"damage_taken":[{"damage":0,"enemies":"Cultist","floor":1,"turns":1},{"damage":0,"enemies":"2 Louse","floor":2,"turns":1},{"damage":0,"enemies":"Small Slimes","floor":3,"turns":1},{"damage":4,"enemies":"Looter","floor":4,"turns":4},{"damage":10,"enemies":"2 Fungi Beasts","floor":5,"turns":6},{"damage":17,"enemies":"3 Sentries","floor":6,"turns":9},{"damage":13,"enemies":"Exordium Wildlife","floor":7,"turns":4},{"damage":12,"enemies":"Exordium Thugs","floor":8,"turns":4},{"damage":12,"enemies":"Gremlin Nob","floor":11,"turns":3},{"damage":13,"enemies":"Large Slime","floor":14,"turns":4},{"damage":3,"enemies":"Slime Boss","floor":16,"turns":9},{"damage":11,"enemies":"Chosen","floor":18,"turns":4},{"damage":27,"enemies":"2 Thieves","floor":21,"turns":4},{"damage":26,"enemies":"Book of Stabbing","floor":25,"turns":5},{"damage":23,"enemies":"Centurion and Healer","floor":27,"turns":2}],"seed_played":"5326900444962822360","potions_obtained":[{"floor":3,"key":"Energy Potion"},{"floor":5,"key":"Energy Potion"},{"floor":7,"key":"SkillPotion"},{"floor":8,"key":"FearPotion"},{"floor":16,"key":"SteroidPotion"},{"floor":21,"key":"Dexterity Potion"}],"is_trial":false,"path_per_floor":["M","M","M","M","M","E","M","M","T","R","E","R","?","M","R","B",null,"M","?","$","M","?","R","?","E","T","M"],"character_chosen":"DEFECT","items_purchased":["Sunder","Magnetism"],"campfire_rested":3,"item_purchase_floors":[20,20],"current_hp_per_floor":[64,64,64,60,50,33,20,8,8,29,27,51,51,38,62,59,76,65,65,65,38,38,38,38,12,12,0],"gold":58,"neow_bonus":"THREE_ENEMY_KILL","is_prod":false,"is_daily":false,"chose_seed":false,"campfire_upgraded":1,"win_rate":0,"timestamp":1566193207,"path_taken":["M","?","M","M","M","E","M","M","T","R","E","R","?","M","R","BOSS","M","?","$","M","?","R","?","E","T","M"],"build_version":"2019-07-17","purchased_purges":1,"victory":false,"max_hp_per_floor":[71,71,71,71,71,71,71,71,71,71,81,81,81,81,81,81,81,81,81,81,81,81,81,81,81,81,81],"card_choices":[{"not_picked":["Hologram","Compile Driver"],"picked":"Coolheaded","floor":1},{"not_picked":["Hologram","Consume"],"picked":"Loop","floor":2},{"not_picked":["Go for the Eyes","Rip and Tear"],"picked":"Conserve Battery","floor":3},{"not_picked":["Steam","Go for the Eyes"],"picked":"Redo","floor":4},{"not_picked":["Hologram","Capacitor"],"picked":"Defragment","floor":5},{"not_picked":["Storm","Recycle"],"picked":"Barrage","floor":6},{"not_picked":["Go for the Eyes","Barrage"],"picked":"Cold Snap","floor":7},{"not_picked":["Heatsinks","Chill"],"picked":"Darkness","floor":8},{"not_picked":["Redo","Turbo"],"picked":"Ball Lightning","floor":11},{"not_picked":["Stack","Blizzard"],"picked":"Hyperbeam","floor":14},{"not_picked":["All For One","Hyperbeam"],"picked":"Fission","floor":16},{"not_picked":["Hologram","Barrage+1"],"picked":"Leap","floor":18},{"not_picked":["Consume","Coolheaded"],"picked":"Compile Driver","floor":21},{"not_picked":["Multi-Cast","Beam Cell"],"picked":"Force Field+1","floor":25}],"player_experience":651865,"relics_obtained":[{"floor":6,"key":"Pocketwatch"},{"floor":9,"key":"Omamori"},{"floor":11,"key":"Pear"},{"floor":25,"key":"Sundial"},{"floor":26,"key":"Whetstone"}],"event_choices":[{"damage_healed":0,"gold_gain":0,"player_choice":"Searched \u00271\u0027 times","damage_taken":0,"relics_obtained":["Vajra"],"max_hp_gain":0,"max_hp_loss":0,"event_name":"Dead Adventurer","floor":13,"gold_loss":0},{"damage_healed":0,"gold_gain":0,"player_choice":"Opened","damage_taken":0,"relics_obtained":["Cables"],"max_hp_gain":0,"max_hp_loss":0,"event_name":"The Mausoleum","floor":19,"gold_loss":0,"cards_obtained":["Writhe"]},{"damage_healed":0,"gold_gain":0,"player_choice":"Stole Relic","damage_taken":0,"relics_obtained":["Art of War"],"max_hp_gain":0,"max_hp_loss":0,"event_name":"Addict","floor":22,"gold_loss":0,"cards_obtained":["Shame"]},{"damage_healed":0,"gold_gain":0,"player_choice":"Paid Fearfully","damage_taken":0,"max_hp_gain":0,"max_hp_loss":0,"event_name":"Masked Bandits","floor":24,"gold_loss":43}],"is_beta":false,"boss_relics":[{"not_picked":["Sozu","Inserter"],"picked":"Philosopher\u0027s Stone"}],"items_purged_floors":[20],"is_endless":false,"potions_floor_spawned":[3,5,7,8,16,21],"killed_by":"Centurion and Healer","ascension_level":14}