{"gold_per_floor":[117,117,117,132,145,145,183,183,183,197,197,197,197,197,197,288,288,288],"floor_reached":18,"playtime":709,"items_purged":[],"score":316,"play_id":"47f0db2f-49ca-44e7-8be1-c17430de0cad","local_time":"20190512232343","is_ascension_mode":true,"campfire_choices":[{"data":"Bash","floor":6,"key":"SMITH"},{"data":"True Grit","floor":8,"key":"SMITH"},{"data":"Body Slam","floor":13,"key":"SMITH"},{"floor":15,"key":"REST"}],"neow_cost":"TEN_PERCENT_HP_LOSS","seed_source_timestamp":1744884548830100,"circlet_count":0,"master_deck":["AscendersBane","Strike_R","Strike_R","Strike_R+1","Strike_R+1","Defend_R","Defend_R","Defend_R","Defend_R","Bash+1","Impervious","Body Slam+1","Clothesline","Evolve","True Grit+1","Thunderclap","Barricade","Entrench","Body Slam","True Grit"],"relics":["Burning Blood","Golden Idol","Sundial","Omamori","Ice Cream","Orrery"],"potions_floor_usage":[16],"damage_taken":[{"damage":8,"enemies":"Small Slimes","floor":1,"turns":5},{"damage":0,"enemies":"2 Louse","floor":4,"turns":2},{"damage":4,"enemies":"Jaw Worm","floor":5,"turns":4},{"damage":20,"enemies":"3 Sentries","floor":7,"turns":11},{"damage":13,"enemies":"Large Slime","floor":10,"turns":6},{"damage":14,"enemies":"Slime Boss","floor":16,"turns":10},{"damage":58,"enemies":"Shell Parasite","floor":18,"turns":9}],"seed_played":"-5057622449739030258","potions_obtained":[{"floor":7,"key":"PowerPotion"},{"floor":10,"key":"GamblersBrew"}],"is_trial":false,"path_per_floor":["M","?","?","M","M","R","E","R","T","M","T","?","R","?","R","B",null,"M"],"character_chosen":"IRONCLAD","items_purchased":[],"campfire_rested":1,"item_purchase_floors":[],"current_hp_per_floor":[66,46,46,52,54,54,40,40,40,33,33,26,26,15,33,25,53,0],"gold":288,"neow_bonus":"THREE_RARE_CARDS","is_prod":false,"is_daily":false,"chose_seed":false,"campfire_upgraded":3,"win_rate":0,"timestamp":1557699823,"path_taken":["M","?","?","M","M","R","E","R","T","M","?","?","R","?","R","BOSS","M"],"build_version":"2019-05-07","purchased_purges":0,"victory":false,"max_hp_per_floor":[68,68,62,62,62,62,62,62,62,62,62,62,62,62,62,62,62,62],"card_choices":[{"not_picked":["Berserk","Brutality"],"picked":"Impervious","floor":0},{"not_picked":["Havoc","Metallicize"],"picked":"Body Slam","floor":1},{"not_picked":["Shrug It Off","Body Slam"],"picked":"Clothesline","floor":4},{"not_picked":["Perfected Strike","Clash"],"picked":"Evolve","floor":5},{"not_picked":["Ghostly Armor","Rage"],"picked":"True Grit","floor":7},{"not_picked":["Iron Wave","Metallicize"],"picked":"Thunderclap","floor":10},{"not_picked":["Dark Embrace","Brutality"],"picked":"Barricade","floor":16},{"not_picked":["Cleave","Anger"],"picked":"Entrench","floor":17},{"not_picked":["Havoc","Entrench"],"picked":"Body Slam","floor":17},{"not_picked":["Heavy Blade","Havoc"],"picked":"True Grit","floor":17}],"player_experience":2050744,"relics_obtained":[{"floor":7,"key":"Sundial"},{"floor":9,"key":"Omamori"}],"event_choices":[{"damage_healed":0,"gold_gain":0,"player_choice":"Entered Light","damage_taken":20,"max_hp_gain":0,"max_hp_loss":0,"event_name":"Shining Light","floor":2,"gold_loss":0,"cards_upgraded":["Strike_R","Strike_R"]},{"damage_healed":0,"gold_gain":0,"player_choice":"Lose Max HP","damage_taken":0,"relics_obtained":["Golden Idol"],"max_hp_gain":0,"max_hp_loss":6,"event_name":"Golden Idol","floor":3,"gold_loss":0},{"cards_removed":["Strike_R"],"damage_healed":0,"gold_gain":0,"player_choice":"Card Removal","damage_taken":7,"max_hp_gain":0,"max_hp_loss":0,"event_name":"Golden Wing","floor":12,"gold_loss":0},{"damage_healed":0,"gold_gain":0,"player_choice":"Success","damage_taken":11,"relics_obtained":["Ice Cream"],"max_hp_gain":0,"max_hp_loss":0,"event_name":"Scrap Ooze","floor":14,"gold_loss":0}],"is_beta":true,"boss_relics":[{"not_picked":["Eternal Feather","Black Blood"],"picked":"Orrery"}],"items_purged_floors":[],"is_endless":false,"potions_floor_spawned":[7,10],"killed_by":"Shell Parasite","ascension_level":20}