{"gold_per_floor":[113,113,126,140,68,68,108,108,108,108,123,153,203,236,236,236],"floor_reached":16,"playtime":733,"items_purged":[],"score":189,"play_id":"a1123ae8-c3b2-4acd-bcff-14363079583f","local_time":"20180720145449","is_ascension_mode":true,"campfire_choices":[{"data":"Bash","floor":6,"key":"SMITH"},{"data":"Havoc","floor":8,"key":"SMITH"},{"data":"Feel No Pain","floor":10,"key":"SMITH"},{"floor":15,"key":"REST"}],"neow_cost":"NONE","seed_source_timestamp":729204659130598,"circlet_count":0,"master_deck":["Strike_R","Strike_R","Strike_R","Strike_R","Strike_R","Defend_R","Defend_R","Defend_R","Defend_R","Bash+1","AscendersBane","Feel No Pain+1","Iron Wave","Disarm","Shrug It Off","Havoc+1","Evolve","Pommel Strike","Headbutt"],"relics":["Burning Blood","NeowsBlessing","Golden Idol","Pear","Bottled Tornado","Bag of Preparation"],"potions_floor_usage":[7,16],"damage_taken":[{"damage":0,"enemies":"Cultist","floor":1,"turns":1},{"damage":0,"enemies":"2 Louse","floor":3,"turns":2},{"damage":0,"enemies":"Small Slimes","floor":4,"turns":1},{"damage":35,"enemies":"Gremlin Nob","floor":7,"turns":5},{"damage":25,"enemies":"Gremlin Gang","floor":11,"turns":10},{"damage":8,"enemies":"3 Sentries","floor":14,"turns":10},{"damage":54,"enemies":"Slime Boss","floor":16,"turns":10}],"seed_played":"-7316665317044842502","potions_obtained":[{"floor":3,"key":"EssenceOfSteel"},{"floor":7,"key":"SpeedPotion"}],"is_trial":false,"path_per_floor":["M","?","M","M","$","R","E","R","T","R","M","?","?","E","R"],"character_chosen":"IRONCLAD","items_purchased":["Shrug It Off","Havoc"],"campfire_rested":1,"item_purchase_floors":[5,5],"current_hp_per_floor":[74,48,54,60,60,60,41,41,41,41,22,22,22,20,45,0],"gold":236,"neow_bonus":"THREE_ENEMY_KILL","is_prod":false,"is_daily":false,"chose_seed":false,"campfire_upgraded":3,"win_rate":0,"timestamp":1532094889,"path_taken":["M","?","?","M","$","R","E","R","T","R","M","?","?","E","R","BOSS"],"build_version":"2018-07-19","purchased_purges":0,"victory":false,"max_hp_per_floor":[75,75,75,75,75,75,85,85,85,85,85,85,85,85,85,85],"card_choices":[{"not_picked":["Flex","Iron Wave"],"picked":"Feel No Pain","floor":1},{"not_picked":["Thunderclap","Clash"],"picked":"Iron Wave","floor":3},{"not_picked":["Seeing Red","Wild Strike"],"picked":"Disarm","floor":4},{"not_picked":["Flex","Clash"],"picked":"Evolve","floor":7},{"not_picked":["Infernal Blade","Evolve"],"picked":"Pommel Strike","floor":11},{"not_picked":["Entrench","Clash"],"picked":"Headbutt","floor":14}],"player_experience":1063760,"relics_obtained":[{"floor":7,"key":"Pear"},{"floor":9,"key":"Bottled Tornado"},{"floor":14,"key":"Bag of Preparation"}],"event_choices":[{"event_name":"Golden Idol","player_choice":"Take Damage","floor":2,"damage_taken":0},{"event_name":"Dead Adventurer","player_choice":"Searched \u00272\u0027 times","floor":12,"damage_taken":0},{"event_name":"Golden Shrine","player_choice":"Pray","floor":13,"damage_taken":0}],"is_beta":true,"boss_relics":[],"items_purged_floors":[],"is_endless":false,"potions_floor_spawned":[3,7],"killed_by":"Slime Boss","ascension_level":15}