{"gold_per_floor":[116,127,137,87,98,98,123,123,149,180,194,194,194,70,70,70],"floor_reached":16,"playtime":973,"items_purged":["Regret"],"score":196,"play_id":"0347322b-5920-4925-beeb-d25c0f5471b5","local_time":"20190820172536","is_ascension_mode":true,"campfire_choices":[{"data":"Skewer","floor":6,"key":"SMITH"},{"data":"Neutralize","floor":8,"key":"SMITH"},{"data":"Backflip","floor":12,"key":"SMITH"},{"data":"Footwork","floor":15,"key":"SMITH"}],"neow_cost":"NONE","seed_source_timestamp":604225469404084,"circlet_count":0,"master_deck":["AscendersBane","Strike_G","Strike_G","Strike_G","Strike_G","Defend_G","Defend_G","Defend_G","Defend_G","Defend_G","Survivor","Neutralize+1","Backstab","Skewer+1","Cloak And Dagger","PiercingWail","Flying Knee","Deflect","Backflip+1","Footwork+1"],"relics":["Ring of the Snake","NeowsBlessing","Strawberry","Anchor","Smiling Mask","Mango"],"potions_floor_usage":[7,10,16,16],"damage_taken":[{"damage":0,"enemies":"Cultist","floor":1,"turns":1},{"damage":0,"enemies":"Small Slimes","floor":2,"turns":1},{"damage":0,"enemies":"Jaw Worm","floor":3,"turns":1},{"damage":0,"enemies":"Blue Slaver","floor":5,"turns":4},{"damage":11,"enemies":"3 Sentries","floor":7,"turns":8},{"damage":9,"enemies":"Gremlin Nob","floor":10,"turns":3},{"damage":0,"enemies":"Lots of Slimes","floor":11,"turns":5},{"damage":65,"enemies":"Hexaghost","floor":16,"turns":20}],"seed_played":"-6314185958755496390","potions_obtained":[{"floor":3,"key":"SteroidPotion"},{"floor":5,"key":"Fire Potion"},{"floor":7,"key":"PowerPotion"},{"floor":10,"key":"Ancient Potion"}],"is_trial":false,"path_per_floor":["M","M","M","?","M","R","E","R","T","E","M","R","?","$","R","B"],"character_chosen":"THE_SILENT","items_purchased":["Footwork"],"campfire_rested":0,"item_purchase_floors":[14],"current_hp_per_floor":[63,63,63,63,63,63,59,59,59,50,50,50,64,64,64,0],"gold":70,"neow_bonus":"THREE_ENEMY_KILL","is_prod":false,"is_daily":false,"chose_seed":false,"campfire_upgraded":4,"win_rate":0,"timestamp":1566347136,"path_taken":["M","M","M","?","M","R","E","R","T","E","M","R","?","$","R","BOSS"],"build_version":"2019-07-17","purchased_purges":1,"victory":false,"max_hp_per_floor":[70,70,70,70,70,70,77,77,77,77,77,77,91,91,91,91],"card_choices":[{"not_picked":["Prepared","Backflip"],"picked":"Backstab","floor":1},{"not_picked":["Outmaneuver","Accuracy"],"picked":"Skewer","floor":2},{"not_picked":["All Out Attack","Accuracy"],"picked":"Cloak And Dagger","floor":3},{"not_picked":["Deflect","Blade Dance"],"picked":"PiercingWail","floor":5},{"not_picked":["Skewer","Finisher"],"picked":"Flying Knee","floor":7},{"not_picked":["Dagger Spray","Backstab"],"picked":"Deflect","floor":10},{"not_picked":["Flying Knee","Underhanded Strike"],"picked":"Backflip","floor":11}],"player_experience":670412,"relics_obtained":[{"floor":7,"key":"Strawberry"},{"floor":9,"key":"Anchor"},{"floor":10,"key":"Smiling Mask"}],"event_choices":[{"cards_removed":["Strike_G"],"damage_healed":0,"gold_gain":0,"player_choice":"Card Removal","damage_taken":0,"max_hp_gain":0,"max_hp_loss":0,"event_name":"The Cleric","floor":4,"gold_loss":50},{"damage_healed":0,"gold_gain":0,"player_choice":"Box","damage_taken":0,"relics_obtained":["Mango"],"max_hp_gain":0,"max_hp_loss":0,"event_name":"Big Fish","floor":13,"gold_loss":0,"cards_obtained":["Regret"]}],"is_beta":false,"boss_relics":[],"items_purged_floors":[14],"is_endless":false,"potions_floor_spawned":[3,5,7,10],"killed_by":"Hexaghost","ascension_level":11}