{"gold_per_floor":[118,133,133,153,105,137,148,148,194,252,279,38,52,103,103,205,205,221,36,54,54,54,71,104,104,104,104,104,133,30,30,30,127,127,143,160,160,0,50,77,88,88,88,66,86,161,173,185,185,185],"floor_reached":51,"playtime":4567,"items_purged":[],"score":773,"play_id":"7723d61d-405a-44c7-a816-6ea8b4c00ee7","local_time":"20190628020831","is_ascension_mode":false,"campfire_choices":[{"floor":8,"key":"REST"},{"data":"Carnage","floor":15,"key":"SMITH"},{"floor":25,"key":"REST"},{"data":"Transmutation","floor":28,"key":"SMITH"},{"floor":32,"key":"REST"},{"floor":42,"key":"REST"},{"floor":49,"key":"REST"}],"neow_cost":"","seed_source_timestamp":141331473162000,"circlet_count":0,"master_deck":["Strike_R+1","Strike_R+1","Defend_R+1","Defend_R+1","Defend_R+1","Defend_R+1","Bash","Thunderclap","Carnage","Anger","Anger","Carnage+1","Warcry+1","Anger+1","Sever Soul+1","Dropkick+1","Master of Strategy+1","Sword Boomerang+1","Feed+1","Feel No Pain+1","Ghostly Armor+1","Clash+1","Anger+1","Transmutation+1","Blood for Blood+1","Pommel Strike+1","Reaper+1","Clash+1","Shockwave","Anger+1","Pommel Strike+1","Impervious","Clothesline+1","Rampage+1","Madness","Madness","Bludgeon+1","Dropkick+1","Infernal Blade","Iron Wave+1","Seeing Red"],"relics":["Burning Blood","Matryoshka","Bag of Marbles","Lantern","PreservedInsect","Molten Egg 2","Bottled Lightning","Astrolabe","War Paint","Vajra","Mercury Hourglass","Juzu Bracelet","SsserpentHead","Velvet Choker","Red Mask","Happy Flower","Magic Flower","Regal Pillow"],"potions_floor_usage":[16,16,50,50],"damage_taken":[{"damage":0,"enemies":"2 Louse","floor":1,"turns":3},{"damage":19,"enemies":"Jaw Worm","floor":2,"turns":4},{"damage":10,"enemies":"Small Slimes","floor":4,"turns":4},{"damage":27,"enemies":"3 Sentries","floor":6,"turns":6},{"damage":0,"enemies":"Blue Slaver","floor":7,"turns":1},{"damage":8,"enemies":"3 Sentries","floor":10,"turns":4},{"damage":0,"enemies":"Gremlin Nob","floor":11,"turns":2},{"damage":0,"enemies":"Looter","floor":13,"turns":1},{"damage":62,"enemies":"The Guardian","floor":16,"turns":6},{"damage":10,"enemies":"2 Thieves","floor":18,"turns":2},{"damage":0,"enemies":"Chosen","floor":20,"turns":3},{"damage":31,"enemies":"3 Cultists","floor":23,"turns":6},{"damage":21,"enemies":"Slavers","floor":24,"turns":3},{"damage":4,"enemies":"Gremlin Leader","floor":29,"turns":4},{"damage":75,"enemies":"Champ","floor":33,"turns":8},{"damage":25,"enemies":"3 Shapes","floor":35,"turns":4},{"damage":23,"enemies":"3 Darklings","floor":36,"turns":3},{"damage":6,"enemies":"Reptomancer","floor":40,"turns":3},{"damage":18,"enemies":"Spire Growth","floor":41,"turns":3},{"damage":22,"enemies":"Writhing Mass","floor":45,"turns":4},{"damage":18,"enemies":"Sphere and 2 Shapes","floor":47,"turns":3},{"damage":7,"enemies":"Jaw Worm Horde","floor":48,"turns":4},{"damage":116,"enemies":"Awakened One","floor":50,"turns":13}],"seed_played":"8098524648098451240","potions_obtained":[{"floor":1,"key":"Fire Potion"},{"floor":6,"key":"BloodPotion"},{"floor":11,"key":"Dexterity Potion"},{"floor":13,"key":"AttackPotion"},{"floor":20,"key":"Strength Potion"},{"floor":29,"key":"Energy Potion"},{"floor":33,"key":"LiquidBronze"},{"floor":40,"key":"FairyPotion"}],"is_trial":false,"path_per_floor":["M","M","?","M","$","E","M","R","T","?","E","$","M","?","R","B",null,"M","$","M","?","?","M","E","R","T","?","R","E","$","?","R","B",null,"M","M","$","?","?","E","M","R","T","$","M","T","M","M","R","B",null],"character_chosen":"IRONCLAD","items_purchased":["Anger","Dropkick+1","Master of Strategy","Transmutation","Anger+1","Pommel Strike+1","Infernal Blade"],"campfire_rested":5,"item_purchase_floors":[5,12,12,19,30,30,44],"current_hp_per_floor":[80,67,60,56,56,35,41,65,65,63,69,69,75,75,75,27,80,80,80,84,84,84,63,52,79,79,79,79,81,81,81,92,24,92,77,60,60,60,48,75,69,99,99,99,92,92,83,85,104,24],"gold":185,"neow_bonus":"","is_prod":false,"is_daily":false,"chose_seed":false,"campfire_upgraded":2,"win_rate":0.0,"timestamp":1561655311,"path_taken":["M","M","?","M","$","E","M","R","T","?","E","$","M","?","R","BOSS","M","$","M","?","?","M","E","R","T","?","R","E","?","?","R","BOSS","M","M","$","?","?","E","M","R","T","?","M","?","M","M","R","BOSS"],"build_version":"2019-01-23","purchased_purges":0,"victory":true,"max_hp_per_floor":[80,80,80,80,80,80,80,80,80,80,80,80,80,80,80,80,80,84,84,84,84,84,88,92,92,92,92,92,92,92,92,92,92,92,96,96,96,96,96,100,100,100,100,100,104,104,104,104,104,104],"card_choices":[{"not_picked":["Twin Strike","Disarm"],"picked":"Thunderclap","floor":1},{"not_picked":["Body Slam","Disarm"],"picked":"Carnage","floor":2},{"not_picked":["Body Slam","Rampage"],"picked":"Anger","floor":4},{"not_picked":["Cleave","Pummel"],"picked":"Carnage","floor":6},{"not_picked":["Burning Pact","Pummel"],"picked":"Warcry","floor":7},{"not_picked":["Flame Barrier","Armaments"],"picked":"Anger","floor":10},{"not_picked":["Offering","Dark Embrace"],"picked":"Sever Soul+1","floor":11},{"not_picked":["Dual Wield","Thunderclap+1"],"picked":"Sword Boomerang+1","floor":13},{"not_picked":["Dark Embrace","Juggernaut"],"picked":"Feed+1","floor":16},{"not_picked":["Disarm+1","Reckless Charge+1"],"picked":"Anger+1","floor":18},{"not_picked":["Combust","Bloodletting"],"picked":"Blood for Blood+1","floor":20},{"not_picked":["Thunderclap+1","Entrench"],"picked":"Pommel Strike+1","floor":23},{"not_picked":["Battle Trance+1","Armaments+1"],"picked":"Reaper+1","floor":24},{"not_picked":["Intimidate","Barricade"],"picked":"Shockwave","floor":29},{"not_picked":["Offering","Barricade"],"picked":"Impervious","floor":33},{"not_picked":["Clash+1","Infernal Blade+1"],"picked":"Clothesline+1","floor":35},{"not_picked":["Flex+1","True Grit+1"],"picked":"Rampage+1","floor":36},{"not_picked":["Dark Embrace","Clothesline+1"],"picked":"Bludgeon+1","floor":40},{"not_picked":["Clothesline+1","Flex"],"picked":"Dropkick+1","floor":41},{"not_picked":["Inflame+1","Pummel+1"],"picked":"Iron Wave+1","floor":45},{"not_picked":["Carnage+1","Rupture","Power Through+1"],"picked":"SKIP","floor":47},{"not_picked":["Shockwave","Anger+1"],"picked":"Seeing Red","floor":48}],"player_experience":0,"relics_obtained":[{"floor":6,"key":"Bag of Marbles"},{"floor":9,"key":"Lantern"},{"floor":9,"key":"PreservedInsect"},{"floor":10,"key":"Molten Egg 2"},{"floor":11,"key":"Bottled Lightning"},{"floor":24,"key":"War Paint"},{"floor":26,"key":"Vajra"},{"floor":26,"key":"Mercury Hourglass"},{"floor":29,"key":"Juzu Bracelet"},{"floor":40,"key":"Happy Flower"},{"floor":43,"key":"Magic Flower"},{"floor":46,"key":"Regal Pillow"}],"event_choices":[{"damage_healed":0,"gold_gain":0,"player_choice":"Success","damage_taken":7,"relics_obtained":["Matryoshka"],"max_hp_gain":0,"max_hp_loss":0,"event_name":"Scrap Ooze","floor":3,"gold_loss":0},{"damage_healed":0,"gold_gain":0,"player_choice":"Searched \u00271\u0027 times","damage_taken":0,"max_hp_gain":0,"max_hp_loss":0,"event_name":"Dead Adventurer","floor":10,"gold_loss":0},{"damage_healed":0,"gold_gain":51,"player_choice":"Gained Gold","damage_taken":0,"max_hp_gain":0,"max_hp_loss":0,"event_name":"Golden Wing","floor":14,"gold_loss":0},{"damage_healed":0,"gold_gain":0,"player_choice":"Simplicity","damage_taken":0,"max_hp_gain":0,"max_hp_loss":0,"event_name":"Back to Basics","floor":21,"gold_loss":0,"cards_upgraded":["Strike_R","Strike_R","Defend_R","Defend_R","Defend_R","Defend_R"]},{"damage_healed":0,"gold_gain":0,"player_choice":"Ignored","damage_taken":0,"max_hp_gain":0,"max_hp_loss":0,"event_name":"The Mausoleum","floor":22,"gold_loss":0},{"damage_healed":0,"gold_gain":0,"player_choice":"Read","damage_taken":0,"max_hp_gain":0,"max_hp_loss":0,"event_name":"The Library","floor":27,"gold_loss":0,"cards_obtained":["Clash"]},{"damage_healed":0,"gold_gain":0,"player_choice":"Trade","damage_taken":0,"relics_obtained":["SsserpentHead"],"max_hp_gain":0,"max_hp_loss":0,"event_name":"FaceTrader","floor":31,"gold_loss":0},{"damage_healed":0,"gold_gain":0,"player_choice":"Paid","damage_taken":0,"relics_obtained":["Red Mask"],"max_hp_gain":0,"max_hp_loss":0,"event_name":"Tomb of Lord Red Mask","floor":38,"gold_loss":210},{"damage_healed":0,"gold_gain":0,"player_choice":"Embrace Madness","damage_taken":12,"max_hp_gain":0,"max_hp_loss":0,"event_name":"Winding Halls","floor":39,"gold_loss":0,"cards_obtained":["Madness","Madness"]}],"is_beta":false,"boss_relics":[{"not_picked":["Snecko Eye","Busted Crown"],"picked":"Astrolabe"},{"not_picked":["Black Blood","White Beast Statue"],"picked":"Velvet Choker"}],"items_purged_floors":[],"is_endless":false,"potions_floor_spawned":[1,6,11,13,20,29,33,36,40,47],"ascension_level":0}