{"gold_per_floor":[112,124,38,113,113,113,142,142,142,154,185,197,223,223,223,301,301,315,32,32,44,44,44],"floor_reached":23,"playtime":697,"items_purged":["Strike_R"],"score":464,"play_id":"f428d79d-34f7-483f-9d6d-19be3b0ff92c","local_time":"20190704214615","is_ascension_mode":true,"campfire_choices":[{"data":"Inflame","floor":6,"key":"SMITH"},{"data":"Bash","floor":8,"key":"SMITH"},{"data":"True Grit","floor":15,"key":"SMITH"}],"neow_cost":"NONE","seed_source_timestamp":11973673090412,"circlet_count":0,"master_deck":["AscendersBane","Strike_R+1","Strike_R+1","Defend_R+1","Defend_R+1","Defend_R+1","Defend_R+1","Bash+1","Uppercut+1","Inflame+1","True Grit+1","Feel No Pain","Pommel Strike","Dark Embrace","Anger","Twin Strike"],"relics":["Burning Blood","NeowsBlessing","Whetstone","Darkstone Periapt","Pear","Blood Vial","Empty Cage","Bronze Scales","GremlinMask"],"potions_floor_usage":[11,16,18,23],"damage_taken":[{"damage":0,"enemies":"2 Louse","floor":1,"turns":1},{"damage":0,"enemies":"Cultist","floor":2,"turns":1},{"damage":0,"enemies":"3 Sentries","floor":7,"turns":2},{"damage":0,"enemies":"Jaw Worm","floor":10,"turns":5},{"damage":15,"enemies":"Lagavulin","floor":11,"turns":5},{"damage":0,"enemies":"Large Slime","floor":12,"turns":4},{"damage":27,"enemies":"Gremlin Nob","floor":13,"turns":4},{"damage":40,"enemies":"Hexaghost","floor":16,"turns":12},{"damage":39,"enemies":"3 Byrds","floor":18,"turns":7},{"damage":34,"enemies":"Shell Parasite","floor":21,"turns":5},{"damage":16,"enemies":"Gremlin Leader","floor":23,"turns":2}],"seed_played":"4350687616335418717","potions_obtained":[{"floor":1,"key":"SneckoOil"},{"floor":5,"key":"SteroidPotion"},{"floor":5,"key":"Explosive Potion"},{"floor":11,"key":"SkillPotion"},{"floor":21,"key":"PowerPotion"}],"is_trial":false,"path_per_floor":["M","M","$","?","?","R","E","R","T","M","E","M","E","?","R","B",null,"M","$","?","M","?","E"],"character_chosen":"IRONCLAD","items_purchased":["Inflame","Bronze Scales","Twin Strike"],"campfire_rested":0,"item_purchase_floors":[3,19,19],"current_hp_per_floor":[74,75,75,64,64,64,70,70,70,75,66,72,61,56,56,24,70,39,39,39,13,13,0],"gold":44,"neow_bonus":"THREE_ENEMY_KILL","is_prod":false,"is_daily":false,"chose_seed":false,"campfire_upgraded":3,"win_rate":0,"timestamp":1562273175,"path_taken":["M","M","$","?","?","R","E","R","T","?","E","M","E","?","R","BOSS","M","$","?","?","?","E"],"build_version":"2019-07-03","purchased_purges":1,"victory":false,"max_hp_per_floor":[75,75,75,75,75,75,75,75,75,75,75,75,85,85,85,85,85,85,85,85,85,85,85],"card_choices":[{"not_picked":["Cleave","Clash"],"picked":"Uppercut","floor":1},{"not_picked":["Second Wind","Burning Pact","Clash"],"picked":"SKIP","floor":2},{"not_picked":["Warcry","Body Slam"],"picked":"True Grit","floor":7},{"not_picked":["Havoc","Ghostly Armor","Corruption"],"picked":"SKIP","floor":10},{"not_picked":["Iron Wave","Rage","Blood for Blood"],"picked":"SKIP","floor":11},{"not_picked":["Searing Blow","Dual Wield"],"picked":"Feel No Pain","floor":12},{"not_picked":["Carnage","Searing Blow"],"picked":"Pommel Strike","floor":13},{"not_picked":["Bludgeon","Berserk"],"picked":"Dark Embrace","floor":16},{"not_picked":["Perfected Strike+1","Pommel Strike"],"picked":"Anger","floor":18},{"not_picked":["Perfected Strike","Searing Blow","Headbutt"],"picked":"SKIP","floor":21}],"player_experience":2176284,"relics_obtained":[{"floor":7,"key":"Whetstone"},{"floor":11,"key":"Darkstone Periapt"},{"floor":13,"key":"Pear"}],"event_choices":[{"damage_healed":0,"gold_gain":75,"player_choice":"Gather Gold","damage_taken":11,"max_hp_gain":0,"max_hp_loss":0,"event_name":"World of Goop","floor":4,"gold_loss":0},{"damage_healed":0,"gold_gain":0,"player_choice":"Got Potions","damage_taken":0,"max_hp_gain":0,"max_hp_loss":0,"event_name":"Lab","floor":5,"gold_loss":0},{"damage_healed":0,"gold_gain":0,"player_choice":"Success","damage_taken":5,"relics_obtained":["Blood Vial"],"max_hp_gain":0,"max_hp_loss":0,"event_name":"Scrap Ooze","floor":14,"gold_loss":0},{"damage_healed":0,"gold_gain":0,"player_choice":"Trade","damage_taken":0,"relics_obtained":["GremlinMask"],"max_hp_gain":0,"max_hp_loss":0,"event_name":"FaceTrader","floor":20,"gold_loss":0},{"damage_healed":0,"gold_gain":0,"player_choice":"Simplicity","damage_taken":0,"max_hp_gain":0,"max_hp_loss":0,"event_name":"Back to Basics","floor":22,"gold_loss":0,"cards_upgraded":["Strike_R","Defend_R","Defend_R","Defend_R","Defend_R"]}],"is_beta":true,"boss_relics":[{"not_picked":["Black Blood","Busted Crown"],"picked":"Empty Cage"}],"items_purged_floors":[19],"is_endless":false,"potions_floor_spawned":[1,10,11,21],"killed_by":"Gremlin Leader","ascension_level":20}