{"gold_per_floor":[119,394,1,1,18,28,28,60,141,141,43,43,43,53,53,130,130,146,164,191,210,230,230,230],"floor_reached":24,"playtime":1085,"items_purged":["Regret"],"score":392,"play_id":"9e1eb865-9888-4303-9e23-7569ac2febd9","local_time":"20180903204229","is_ascension_mode":true,"campfire_choices":[{"data":"Bash","floor":7.0,"key":"SMITH"},{"data":"True Grit","floor":10.0,"key":"SMITH"},{"data":"Clothesline","floor":12.0,"key":"SMITH"},{"data":"Disarm","floor":15.0,"key":"SMITH"},{"floor":23,"key":"REST"}],"neow_cost":"NONE","seed_source_timestamp":0,"circlet_count":0,"master_deck":["Strike_R","Strike_R","Strike_R","Strike_R","Defend_R","Defend_R","Defend_R","Defend_R","Bash+1","AscendersBane","Clothesline+1","Whirlwind","Armaments","True Grit+1","Headbutt","Inflame","Flame Barrier","Disarm+1","Impervious","Anger","Havoc","Power Through","Feel No Pain"],"special_seed":0,"relics":["Burning Blood","Art of War","Pen Nib","Lantern","Mercury Hourglass","Philosopher\u0027s Stone","Red Mask"],"potions_floor_usage":[20,24],"damage_taken":[{"damage":4.0,"enemies":"2 Louse","floor":1.0,"turns":3.0},{"damage":0.0,"enemies":"Cultist","floor":5.0,"turns":3.0},{"damage":4.0,"enemies":"Jaw Worm","floor":6.0,"turns":4.0},{"damage":40.0,"enemies":"Lagavulin","floor":8.0,"turns":6.0},{"damage":3.0,"enemies":"Blue Slaver","floor":14.0,"turns":3.0},{"damage":20.0,"enemies":"The Guardian","floor":16.0,"turns":15.0},{"damage":5,"enemies":"Chosen","floor":18,"turns":4},{"damage":22,"enemies":"Shell Parasite","floor":19,"turns":6},{"damage":0,"enemies":"Masked Bandits","floor":20,"turns":2},{"damage":15,"enemies":"Snecko","floor":21,"turns":6},{"damage":35,"enemies":"Snake Plant","floor":22,"turns":4},{"damage":45,"enemies":"Slavers","floor":24,"turns":5}],"seed_played":"-1769769108137349370","potions_obtained":[{"floor":5.0,"key":"Explosive Potion"},{"floor":20,"key":"SpeedPotion"}],"is_trial":false,"path_per_floor":["M","?","$","?","M","M","R","E","T","R","$","R","?","M","R","B",null,"M","M","?","M","M","R"],"character_chosen":"IRONCLAD","items_purchased":["Whirlwind","Pen Nib","Armaments","Flame Barrier","Strength Potion"],"campfire_rested":1,"item_purchase_floors":[3,3,3,11,11],"current_hp_per_floor":[70,70,70,75,80,80,80,46,46,46,46,46,39,42,42,28,67,68,52,58,49,20,44,0],"gold":230,"neow_bonus":"RANDOM_COMMON_RELIC","is_prod":false,"is_daily":false,"chose_seed":false,"campfire_upgraded":4,"win_rate":0,"timestamp":1536003749,"path_taken":["M","?","$","?","M","M","R","E","T","R","$","R","?","?","R","BOSS","M","M","?","M","M","R","E"],"build_version":"2018-08-30","purchased_purges":1,"victory":false,"max_hp_per_floor":[75,75,75,80,80,80,80,80,80,80,80,80,80,80,80,80,80,80,80,80,80,80,80,80],"card_choices":[{"not_picked":["True Grit","Power Through"],"picked":"Clothesline","floor":1.0},{"not_picked":["Sever Soul","Clash"],"picked":"True Grit","floor":5.0},{"not_picked":["Intimidate","Warcry"],"picked":"Headbutt","floor":6.0},{"not_picked":["Shrug It Off","Twin Strike"],"picked":"Inflame","floor":8.0},{"not_picked":["Blood for Blood","Anger"],"picked":"Disarm","floor":14.0},{"not_picked":["Barricade","Dark Embrace"],"picked":"Impervious","floor":16.0},{"not_picked":["Thunderclap","Clash"],"picked":"Anger","floor":18},{"not_picked":["Flex","Sentinel"],"picked":"Havoc","floor":19},{"not_picked":["Intimidate+1","Rage"],"picked":"Power Through","floor":20},{"not_picked":["Heavy Blade","Wild Strike","Reckless Charge"],"picked":"SKIP","floor":21},{"not_picked":["Cleave","Armaments"],"picked":"Feel No Pain","floor":22}],"player_experience":1241888,"relics_obtained":[{"floor":8.0,"key":"Lantern"},{"floor":9.0,"key":"Mercury Hourglass"},{"floor":20,"key":"Red Mask"}],"event_choices":[{"event_name":"Golden Shrine","player_choice":"Desecrate","floor":2.0,"damage_taken":0.0},{"event_name":"Big Fish","player_choice":"Donut","floor":4.0,"damage_taken":0.0},{"event_name":"Golden Wing","player_choice":"Card Removal","floor":13.0,"damage_taken":0.0},{"event_name":"Masked Bandits","player_choice":"Fought Bandits","floor":20,"damage_taken":0}],"is_beta":true,"boss_relics":[{"not_picked":["Empty Cage","Tiny House"],"picked":"Philosopher\u0027s Stone"}],"items_purged_floors":[3],"is_endless":false,"potions_floor_spawned":[5,14,16,18,20],"killed_by":"Slavers","ascension_level":20}