{"gold_per_floor":[15,26,36,36,36,36,69,82,154,172,66,66,84,96,96,200,200,219,236,256,256,268,268,268,268],"floor_reached":25,"playtime":2203,"items_purged":[],"score":321,"play_id":"2e3b8f9c-ed05-4ae6-9df5-5822d93b5df9","local_time":"20190816174722","is_ascension_mode":true,"campfire_choices":[{"data":"Darkness","floor":6,"key":"SMITH"},{"floor":12,"key":"REST"},{"floor":15,"key":"REST"},{"data":"Fission","floor":23,"key":"SMITH"}],"neow_cost":"NO_GOLD","seed_source_timestamp":258701145390732,"circlet_count":0,"master_deck":["AscendersBane","Strike_B+1","Strike_B+1","Strike_B+1","Strike_B+1","Defend_B+1","Defend_B+1","Defend_B+1","Defend_B+1","Zap","Dualcast","Ball Lightning","Darkness+1","Consume","Glacier","Double Energy","Conserve Battery","Defragment","Leap","Coolheaded","Fission+1","Compile Driver","Sunder","Shame"],"relics":["Cracked Core","Pocketwatch","Shovel","CultistMask","Vajra","Letter Opener","Inserter","Potion Belt"],"potions_floor_usage":[8,16,25],"damage_taken":[{"damage":0,"enemies":"Cultist","floor":1,"turns":3},{"damage":3,"enemies":"2 Louse","floor":2,"turns":2},{"damage":0,"enemies":"Small Slimes","floor":3,"turns":2},{"damage":25,"enemies":"3 Sentries","floor":7,"turns":5},{"damage":3,"enemies":"3 Louse","floor":8,"turns":2},{"damage":14,"enemies":"Exordium Wildlife","floor":10,"turns":5},{"damage":18,"enemies":"Large Slime","floor":13,"turns":4},{"damage":13,"enemies":"Lots of Slimes","floor":14,"turns":5},{"damage":8,"enemies":"Slime Boss","floor":16,"turns":8},{"damage":0,"enemies":"Chosen","floor":18,"turns":4},{"damage":2,"enemies":"Shell Parasite","floor":19,"turns":5},{"damage":13,"enemies":"Snecko","floor":20,"turns":6},{"damage":20,"enemies":"Snake Plant","floor":22,"turns":4},{"damage":29,"enemies":"Chosen and Byrds","floor":25,"turns":4}],"seed_played":"4041700375727764713","potions_obtained":[{"floor":7,"key":"Fire Potion"},{"floor":8,"key":"Energy Potion"},{"floor":13,"key":"PowerPotion"},{"floor":14,"key":"Explosive Potion"},{"floor":19,"key":"SteroidPotion"}],"is_trial":false,"path_per_floor":["M","M","M","?","?","R","E","M","T","M","$","R","M","M","R","B",null,"M","M","M","?","M","R","?","M"],"character_chosen":"DEFECT","items_purchased":["Conserve Battery","Defragment"],"campfire_rested":2,"item_purchase_floors":[11,11],"current_hp_per_floor":[68,65,65,62,62,62,37,34,34,20,20,42,24,11,33,25,63,63,61,48,48,28,28,28,0],"gold":268,"neow_bonus":"ONE_RARE_RELIC","is_prod":false,"is_daily":false,"chose_seed":false,"campfire_upgraded":2,"win_rate":0,"timestamp":1566002842,"path_taken":["M","M","M","?","?","R","E","M","T","?","$","R","M","M","R","BOSS","M","M","M","?","M","R","?","M"],"build_version":"2019-07-17","purchased_purges":0,"victory":false,"max_hp_per_floor":[75,75,75,75,75,75,75,75,75,75,75,75,75,75,75,75,75,75,75,75,75,75,75,75,75],"card_choices":[{"not_picked":["Redo","Stack"],"picked":"Ball Lightning","floor":1},{"not_picked":["Sweeping Beam","Leap"],"picked":"Darkness","floor":2},{"not_picked":["Thunder Strike","Hello World"],"picked":"Consume","floor":3},{"not_picked":["Turbo","Chill"],"picked":"Glacier","floor":7},{"not_picked":["Steam","Coolheaded"],"picked":"Double Energy","floor":8},{"not_picked":["Streamline","Steam","Reboot"],"picked":"SKIP","floor":10},{"not_picked":["Go for the Eyes","Gash"],"picked":"Leap","floor":13},{"not_picked":["Steam","Hologram"],"picked":"Coolheaded","floor":14},{"not_picked":["Amplify","Thunder Strike"],"picked":"Fission","floor":16},{"not_picked":["Rip and Tear+1","Gash"],"picked":"Compile Driver","floor":18},{"not_picked":["Redo","FTL+1"],"picked":"Sunder","floor":19},{"not_picked":["Coolheaded","Sweeping Beam","Go for the Eyes"],"picked":"SKIP","floor":20},{"not_picked":["Sweeping Beam","Ball Lightning","BootSequence"],"picked":"SKIP","floor":22}],"player_experience":617083,"relics_obtained":[{"floor":7,"key":"Vajra"},{"floor":9,"key":"Letter Opener"}],"event_choices":[{"damage_healed":0,"gold_gain":0,"player_choice":"Success","damage_taken":3,"relics_obtained":["Shovel"],"max_hp_gain":0,"max_hp_loss":0,"event_name":"Scrap Ooze","floor":4,"gold_loss":0},{"damage_healed":0,"gold_gain":0,"player_choice":"Trade","damage_taken":0,"relics_obtained":["CultistMask"],"max_hp_gain":0,"max_hp_loss":0,"event_name":"FaceTrader","floor":5,"gold_loss":0},{"damage_healed":0,"gold_gain":0,"player_choice":"Simplicity","damage_taken":0,"max_hp_gain":0,"max_hp_loss":0,"event_name":"Back to Basics","floor":21,"gold_loss":0,"cards_upgraded":["Strike_B","Strike_B","Strike_B","Strike_B","Defend_B","Defend_B","Defend_B","Defend_B"]},{"damage_healed":0,"gold_gain":0,"player_choice":"Stole Relic","damage_taken":0,"relics_obtained":["Potion Belt"],"max_hp_gain":0,"max_hp_loss":0,"event_name":"Addict","floor":24,"gold_loss":0,"cards_obtained":["Shame"]}],"is_beta":false,"boss_relics":[{"not_picked":["Velvet Choker","White Beast Statue"],"picked":"Inserter"}],"items_purged_floors":[],"is_endless":false,"potions_floor_spawned":[7,8,13,14,19],"killed_by":"Chosen and Byrds","ascension_level":11}