{"gold_per_floor":[13,13,188,198,123,123,123,123,123,142,142,115,131,165,165,165],"floor_reached":16,"playtime":478,"items_purged":["Doubt"],"score":113,"play_id":"b608aef9-0461-40de-84e9-3d7a3d4dd1f3","local_time":"20190702084225","is_ascension_mode":true,"campfire_choices":[{"data":"1","floor":6,"key":"LIFT"},{"data":"2","floor":8,"key":"LIFT"},{"data":"3","floor":11,"key":"LIFT"},{"data":"Metallicize","floor":15,"key":"SMITH"}],"neow_cost":"NO_GOLD","seed_source_timestamp":514684659768400,"circlet_count":0,"master_deck":["Strike_R","Strike_R+1","Strike_R","Strike_R","Defend_R+1","Defend_R","Defend_R","Defend_R","Bash","Battle Trance","Corruption","Twin Strike","Feed","Twin Strike","Metallicize+1"],"relics":["Burning Blood","Girya","Blood Vial","Centennial Puzzle"],"potions_floor_usage":[16],"damage_taken":[{"damage":9,"enemies":"Jaw Worm","floor":1,"turns":4},{"damage":6,"enemies":"Small Slimes","floor":4,"turns":5},{"damage":0,"enemies":"2 Louse","floor":10,"turns":2},{"damage":8,"enemies":"Blue Slaver","floor":13,"turns":2},{"damage":57,"enemies":"Lagavulin","floor":14,"turns":7},{"damage":28,"enemies":"Hexaghost","floor":16,"turns":9}],"seed_played":"8011840195284461329","potions_obtained":[{"floor":13,"key":"PowerPotion"}],"is_trial":false,"path_per_floor":["M","?","?","M","$","R","?","R","T","M","R","$","M","E","R","B"],"character_chosen":"IRONCLAD","items_purchased":["Twin Strike"],"campfire_rested":0,"item_purchase_floors":[12],"current_hp_per_floor":[77,77,77,77,77,77,61,61,61,69,69,69,69,23,23,0],"gold":165,"neow_bonus":"ONE_RARE_RELIC","is_prod":false,"is_daily":false,"chose_seed":false,"campfire_upgraded":1,"win_rate":0,"timestamp":1562024545,"path_taken":["M","?","?","M","$","R","?","R","T","M","R","?","M","E","R","BOSS"],"build_version":"2019-07-01","purchased_purges":1,"victory":false,"max_hp_per_floor":[80,80,80,80,80,80,80,80,80,80,80,80,80,83,83,83],"card_choices":[{"not_picked":["Cleave","Body Slam"],"picked":"Battle Trance","floor":1},{"not_picked":["Headbutt","Body Slam"],"picked":"Twin Strike","floor":4},{"not_picked":["Seeing Red","Havoc"],"picked":"Feed","floor":10},{"not_picked":["Anger","Body Slam","Hemokinesis"],"picked":"SKIP","floor":13},{"not_picked":["Iron Wave","Armaments"],"picked":"Metallicize","floor":14}],"player_experience":100796,"relics_obtained":[{"floor":9,"key":"Blood Vial"},{"floor":14,"key":"Centennial Puzzle"}],"event_choices":[{"damage_healed":0,"gold_gain":0,"cards_transformed":["Strike_R"],"player_choice":"Change","damage_taken":0,"max_hp_gain":0,"max_hp_loss":0,"event_name":"Living Wall","floor":2,"gold_loss":0,"cards_obtained":["Corruption"]},{"damage_healed":0,"gold_gain":175,"player_choice":"AGREE","damage_taken":0,"max_hp_gain":0,"max_hp_loss":0,"event_name":"Liars Game","floor":3,"gold_loss":0,"cards_obtained":["Doubt"]},{"damage_healed":0,"gold_gain":0,"player_choice":"Entered Light","damage_taken":16,"max_hp_gain":0,"max_hp_loss":0,"event_name":"Shining Light","floor":7,"gold_loss":0,"cards_upgraded":["Defend_R","Strike_R"]}],"is_beta":false,"boss_relics":[],"items_purged_floors":[5],"is_endless":false,"potions_floor_spawned":[13],"killed_by":"Hexaghost","ascension_level":3}