{"gold_per_floor":[20,20,20,32,47,82,98,98,125,41,55,55,86,34,34,34],"floor_reached":16,"playtime":874,"items_purged":[],"score":220,"play_id":"75446099-035c-4097-828d-3ab170659af5","local_time":"20190105183922","is_ascension_mode":true,"campfire_choices":[{"floor":8.0,"key":"REST"},{"floor":12.0,"key":"REST"},{"floor":15.0,"key":"REST"}],"neow_cost":"NO_GOLD","seed_source_timestamp":0,"circlet_count":0,"master_deck":["AscendersBane","Defend_G","Defend_G","Defend_G","Defend_G","Strike_G","Strike_G","Strike_G","Survivor","Neutralize","Malaise","Storm of Steel","Quick Slash","Dagger Throw","Well Laid Plans","Poisoned Stab","Quick Slash","Malaise","PiercingWail","Backflip+1","Dodge and Roll+1"],"special_seed":0,"relics":["Ring of the Snake","Vajra","Smiling Mask","Dream Catcher","Toxic Egg 2","Molten Egg 2"],"potions_floor_usage":[16],"damage_taken":[{"damage":4.0,"enemies":"Small Slimes","floor":1.0,"turns":5.0},{"damage":1.0,"enemies":"2 Louse","floor":4.0,"turns":3.0},{"damage":0.0,"enemies":"Cultist","floor":5.0,"turns":3.0},{"damage":16.0,"enemies":"Gremlin Nob","floor":6.0,"turns":5.0},{"damage":0.0,"enemies":"Looter","floor":7.0,"turns":4.0},{"damage":0.0,"enemies":"Exordium Thugs","floor":11.0,"turns":5.0},{"damage":18.0,"enemies":"Lagavulin","floor":13.0,"turns":11.0},{"damage":44,"enemies":"Slime Boss","floor":16,"turns":12}],"seed_played":"-3896924651965249658","potions_obtained":[{"floor":4.0,"key":"GhostInAJar"},{"floor":7.0,"key":"PowerPotion"}],"is_trial":false,"path_per_floor":["M","?","?","M","M","E","M","R","T","$","M","R","E","?","R","B"],"character_chosen":"THE_SILENT","items_purchased":["Malaise"],"campfire_rested":3,"item_purchase_floors":[10],"current_hp_per_floor":[55,48,22,21,21,5,5,24,24,24,24,43,25,25,44,0],"gold":34,"neow_bonus":"TRANSFORM_TWO_CARDS","is_prod":false,"is_daily":false,"chose_seed":false,"campfire_upgraded":0,"win_rate":0,"timestamp":1546713562,"path_taken":["M","?","?","M","M","E","M","R","T","$","M","R","E","?","R","BOSS"],"build_version":"2019-01-03v4","purchased_purges":0,"victory":false,"max_hp_per_floor":[66,66,66,66,66,66,66,66,66,66,66,66,66,66,66,66],"card_choices":[{"not_picked":["Outmaneuver","Dodge and Roll"],"picked":"Quick Slash","floor":1.0},{"not_picked":["Catalyst","Bane"],"picked":"Dagger Throw","floor":4.0},{"not_picked":["Dodge and Roll","Outmaneuver"],"picked":"Well Laid Plans","floor":5.0},{"not_picked":["Underhanded Strike","Outmaneuver"],"picked":"Poisoned Stab","floor":6.0},{"not_picked":["Bane","Escape Plan"],"picked":"Quick Slash","floor":7.0},{"not_picked":["Underhanded Strike","Well Laid Plans","Sucker Punch"],"picked":"SKIP","floor":11.0},{"not_picked":["Expertise","Phantasmal Killer"],"picked":"PiercingWail","floor":12.0},{"not_picked":["Infinite Blades","Heel Hook"],"picked":"Backflip","floor":13.0},{"not_picked":["Blade Dance+1","Acrobatics+1"],"picked":"Dodge and Roll+1","floor":15.0}],"player_experience":1732501,"relics_obtained":[{"floor":6.0,"key":"Smiling Mask"},{"floor":9.0,"key":"Dream Catcher"},{"floor":13.0,"key":"Toxic Egg 2"}],"event_choices":[{"cards_removed":["Strike_G"],"damage_healed":0.0,"max_hp_gain":0.0,"max_hp_loss":0.0,"gold_gain":0.0,"event_name":"Golden Wing","player_choice":"Card Removal","floor":2.0,"gold_loss":0.0,"damage_taken":7.0},{"damage_healed":0.0,"max_hp_gain":0.0,"max_hp_loss":0.0,"gold_gain":0.0,"event_name":"Scrap Ooze","player_choice":"Success","floor":3.0,"gold_loss":0.0,"damage_taken":26.0,"relics_obtained":["Vajra"]},{"damage_healed":0.0,"max_hp_gain":0.0,"max_hp_loss":0.0,"gold_gain":0.0,"event_name":"WeMeetAgain","player_choice":"Paid Gold","floor":14.0,"gold_loss":52.0,"damage_taken":0.0,"relics_obtained":["Molten Egg 2"]}],"is_beta":true,"boss_relics":[],"items_purged_floors":[],"is_endless":false,"potions_floor_spawned":[4,7],"killed_by":"Slime Boss","ascension_level":20}