{"gold_per_floor":[111,121,135,8,8,8,8,34,57,57,74,74,88,122,122,198,198,217,217,233,148,167,167,194,212,212,22,22,57,57,69,69,143,143,160,170,186,19,69,69,95,114,114,141,141,141,156,185,185,185,185,185,185,18,46,46],"floor_reached":56,"playtime":4042,"items_purged":["Strike_B"],"score":2120,"play_id":"cd2d2128-d9b7-46fb-bd56-d285742d1ebc","local_time":"20190816181547","is_ascension_mode":true,"campfire_choices":[{"data":"Barrage","floor":6.0,"key":"SMITH"},{"data":"Beam Cell","floor":10.0,"key":"SMITH"},{"data":"Buffer","floor":12.0,"key":"SMITH"},{"data":"Self Repair","floor":15.0,"key":"SMITH"},{"data":"Consume","floor":23.0,"key":"SMITH"},{"data":"Biased Cognition","floor":30.0,"key":"SMITH"},{"data":"Seek","floor":32.0,"key":"SMITH"},{"data":"Recycle","floor":40.0,"key":"SMITH"},{"floor":45.0,"key":"RECALL"},{"data":"Strike_B","floor":49.0,"key":"PURGE"},{"data":"Strike_B+1","floor":53.0,"key":"PURGE"}],"neow_cost":"NONE","seed_source_timestamp":0,"circlet_count":0,"master_deck":["AscendersBane","Defend_B","Defend_B","Defend_B","Defend_B","Zap+1","Dualcast+1","Beam Cell+1","Barrage+1","Self Repair+1","Compile Driver","Coolheaded","Buffer+1","Cold Snap","Compile Driver","Seek+1","Auto Shields+1","Consume+1","Biased Cognition+1","White Noise+1","Sweeping Beam+1","Reboot","Undo","Glacier","Recycle+1","Coolheaded","Go for the Eyes+1","Ball Lightning+1","Amplify","Defragment","Doom and Gloom"],"special_seed":0,"relics":["Cracked Core","Bag of Marbles","Sundial","PreservedInsect","Bag of Preparation","Inserter","Ancient Tea Set","Centennial Puzzle","Meat on the Bone","War Paint","Whetstone","Runic Pyramid","DataDisk","Turnip","Peace Pipe","Gambling Chip","Juzu Bracelet","Mummified Hand"],"potions_floor_usage":[56,56],"damage_taken":[{"damage":1.0,"enemies":"Cultist","floor":1.0,"turns":3.0},{"damage":1.0,"enemies":"2 Louse","floor":2.0,"turns":2.0},{"damage":7.0,"enemies":"Small Slimes","floor":3.0,"turns":3.0},{"damage":25.0,"enemies":"Lagavulin","floor":8.0,"turns":7.0},{"damage":0.0,"enemies":"2 Fungi Beasts","floor":11.0,"turns":2.0},{"damage":11.0,"enemies":"3 Louse","floor":13.0,"turns":3.0},{"damage":10.0,"enemies":"3 Sentries","floor":14.0,"turns":7.0},{"damage":15.0,"enemies":"The Guardian","floor":16.0,"turns":10.0},{"damage":16.0,"enemies":"2 Thieves","floor":18.0,"turns":5.0},{"damage":3.0,"enemies":"Shell Parasite","floor":20.0,"turns":10.0},{"damage":18.0,"enemies":"3 Cultists","floor":22.0,"turns":7.0},{"damage":11.0,"enemies":"Book of Stabbing","floor":24.0,"turns":4.0},{"damage":8.0,"enemies":"Centurion and Healer","floor":25.0,"turns":8.0},{"damage":6.0,"enemies":"Gremlin Leader","floor":29.0,"turns":5.0},{"damage":0.0,"enemies":"Chosen and Byrds","floor":31.0,"turns":7.0},{"damage":0.0,"enemies":"Automaton","floor":33.0,"turns":13.0},{"damage":37.0,"enemies":"3 Darklings","floor":35.0,"turns":9.0},{"damage":0.0,"enemies":"3 Shapes","floor":36.0,"turns":6.0},{"damage":0.0,"enemies":"Spire Growth","floor":37.0,"turns":10.0},{"damage":0.0,"enemies":"Giant Head","floor":41.0,"turns":11.0},{"damage":0.0,"enemies":"Sphere and 2 Shapes","floor":42.0,"turns":7.0},{"damage":0.0,"enemies":"Nemesis","floor":44.0,"turns":7.0},{"damage":0.0,"enemies":"Writhing Mass","floor":47.0,"turns":12.0},{"damage":25.0,"enemies":"Reptomancer","floor":48.0,"turns":7.0},{"damage":3.0,"enemies":"Donu and Deca","floor":50.0,"turns":16.0},{"damage":23.0,"enemies":"Awakened One","floor":51.0,"turns":18.0},{"damage":51.0,"enemies":"Shield and Spear","floor":55.0,"turns":12.0},{"damage":48,"enemies":"The Heart","floor":56,"turns":6}],"seed_played":"-4961338750634549911","potions_obtained":[{"floor":1.0,"key":"SteroidPotion"},{"floor":3.0,"key":"Poison Potion"},{"floor":14.0,"key":"EssenceOfSteel"},{"floor":16.0,"key":"FocusPotion"},{"floor":22.0,"key":"LiquidBronze"},{"floor":25.0,"key":"Energy Potion"},{"floor":33.0,"key":"FocusPotion"},{"floor":48.0,"key":"FocusPotion"}],"is_trial":false,"path_per_floor":["M","M","M","$","?","R","?","E","T","R","M","R","M","E","R","B",null,"M","?","M","?","M","R","E","M","T","$","?","E","R","M","R","B",null,"M","M","M","$","?","R","E","M","T","E","R","T","M","E","R","B","B",null,"R","$","E","B"],"character_chosen":"DEFECT","items_purchased":["Compile Driver","War Paint","Sweeping Beam","DataDisk","Defragment","Doom and Gloom"],"campfire_rested":0,"item_purchase_floors":[4,27,27,38,54,54],"current_hp_per_floor":[63,62,55,55,44,44,44,26,26,26,26,26,22,19,19,14,57,51,51,58,58,50,50,49,51,51,51,51,55,55,65,65,71,71,56,66,71,71,64,64,71,71,71,71,71,71,71,56,56,63,50,66,66,66,47,0],"gold":46,"neow_bonus":"UPGRADE_CARD","is_prod":false,"is_daily":false,"chose_seed":false,"campfire_upgraded":8,"win_rate":0,"timestamp":1565975747,"path_taken":["M","M","M","$","?","R","?","E","T","R","M","R","M","E","R","BOSS","M","?","M","?","M","R","E","M","T","$","?","E","R","M","R","BOSS","M","?","?","$","?","R","E","?","T","E","R","?","M","E","R","BOSS","BOSS","R","$","E","BOSS"],"build_version":"2019-08-15","purchased_purges":1,"victory":false,"max_hp_per_floor":[71,71,71,71,71,71,71,71,71,71,71,71,71,71,71,71,71,71,71,71,71,71,71,71,71,71,71,71,71,71,71,71,71,71,71,71,71,71,71,71,71,71,71,71,71,71,71,71,71,71,71,71,71,71,71,71],"card_choices":[{"not_picked":["Double Energy","Chaos"],"picked":"Beam Cell","floor":1.0},{"not_picked":["Fusion","Redo"],"picked":"Barrage","floor":2.0},{"not_picked":["Compile Driver","Sweeping Beam"],"picked":"Self Repair","floor":3.0},{"not_picked":["Melter","Force Field"],"picked":"Coolheaded","floor":8.0},{"not_picked":["Leap","Redo"],"picked":"Buffer","floor":11.0},{"not_picked":["Barrage","Sweeping Beam"],"picked":"Cold Snap","floor":13.0},{"not_picked":["Melter","Steam"],"picked":"Compile Driver","floor":14.0},{"not_picked":["Thunder Strike","Meteor Strike"],"picked":"Seek","floor":16.0},{"not_picked":["Cold Snap","Beam Cell"],"picked":"Auto Shields+1","floor":18.0},{"not_picked":["Redo","Compile Driver","Steam Power+1"],"picked":"SKIP","floor":20.0},{"not_picked":["Stack","Leap+1"],"picked":"Biased Cognition","floor":22.0},{"not_picked":["Leap","Sunder","Compile Driver"],"picked":"SKIP","floor":24.0},{"not_picked":["Streamline","Compile Driver"],"picked":"White Noise","floor":25.0},{"not_picked":["Ball Lightning","Stack"],"picked":"Undo","floor":29.0},{"not_picked":["Self Repair+1","Streamline"],"picked":"Glacier","floor":31.0},{"not_picked":["Leap","Fusion"],"picked":"Recycle","floor":35.0},{"not_picked":["Reinforced Body+1","Cold Snap"],"picked":"Coolheaded","floor":36.0},{"not_picked":["Cold Snap","Force Field+1","Leap"],"picked":"SKIP","floor":37.0},{"not_picked":["Tempest","Compile Driver"],"picked":"Go for the Eyes+1","floor":41.0},{"not_picked":["Cold Snap+1","Beam Cell"],"picked":"Ball Lightning+1","floor":42.0},{"not_picked":["Self Repair","FTL+1","Tempest+1"],"picked":"SKIP","floor":44.0},{"not_picked":["Steam","Ball Lightning","Melter"],"picked":"SKIP","floor":47.0},{"not_picked":["Leap","Rip and Tear"],"picked":"Amplify","floor":48.0},{"not_picked":["Melter","Force Field","Tempest"],"picked":"SKIP","floor":55.0}],"player_experience":2323724,"relics_obtained":[{"floor":8.0,"key":"Sundial"},{"floor":9.0,"key":"PreservedInsect"},{"floor":14.0,"key":"Bag of Preparation"},{"floor":24.0,"key":"Centennial Puzzle"},{"floor":26.0,"key":"Meat on the Bone"},{"floor":29.0,"key":"Whetstone"},{"floor":41.0,"key":"Turnip"},{"floor":44.0,"key":"Peace Pipe"},{"floor":46.0,"key":"Gambling Chip"},{"floor":48.0,"key":"Juzu Bracelet"},{"floor":55.0,"key":"Mummified Hand"}],"event_choices":[{"damage_healed":0.0,"max_hp_gain":0.0,"max_hp_loss":0.0,"gold_gain":0.0,"event_name":"Scrap Ooze","player_choice":"Success","floor":5.0,"gold_loss":0.0,"damage_taken":11.0,"relics_obtained":["Bag of Marbles"]},{"damage_healed":0.0,"max_hp_gain":0.0,"max_hp_loss":0.0,"gold_gain":0.0,"event_name":"Liars Game","player_choice":"Ignored","floor":7.0,"gold_loss":0.0,"damage_taken":0.0},{"damage_healed":0.0,"max_hp_gain":0.0,"max_hp_loss":0.0,"gold_gain":0.0,"event_name":"The Library","player_choice":"Read","floor":19.0,"gold_loss":0.0,"damage_taken":0.0,"cards_obtained":["Consume"]},{"damage_healed":0.0,"max_hp_gain":0.0,"max_hp_loss":0.0,"gold_gain":0.0,"event_name":"Addict","player_choice":"Obtained Relic","floor":21.0,"gold_loss":85.0,"damage_taken":0.0,"relics_obtained":["Ancient Tea Set"]},{"damage_healed":0.0,"max_hp_gain":0.0,"max_hp_loss":0.0,"gold_gain":0.0,"cards_transformed":["Strike_B"],"event_name":"Transmorgrifier","player_choice":"Transformed","floor":28.0,"gold_loss":0.0,"damage_taken":0.0,"cards_obtained":["Reboot"]},{"damage_healed":0.0,"max_hp_gain":0.0,"max_hp_loss":0.0,"gold_gain":50.0,"event_name":"FaceTrader","player_choice":"Touch","floor":39.0,"gold_loss":0.0,"damage_taken":7.0}],"is_beta":true,"boss_relics":[{"not_picked":["Philosopher\u0027s Stone","Fusion Hammer"],"picked":"Inserter"},{"not_picked":["Astrolabe","FrozenCore"],"picked":"Runic Pyramid"}],"items_purged_floors":[4],"is_endless":false,"potions_floor_spawned":[1,3,14,16,22,25,33,35,37,41,44,48,55],"killed_by":"The Heart","ascension_level":20}