{"gold_per_floor":[118,135,149,149,224,224,254,254,323,323,333,352,352,379,379,450,450,461,461,472,7,19,19,51,51,51,51,51,86,86,86,86,162,162,180,160,160,174,16,16,51,51,78,126,152,166,193,205,205,205,205,205,205,16,43,43],"floor_reached":57,"playtime":3285,"items_purged":["Strike_B"],"score":2843,"play_id":"b565ec80-a095-47c2-86ae-e36d0aed0ad0","local_time":"20190718215714","is_ascension_mode":true,"campfire_choices":[{"data":"Zap","floor":6.0,"key":"SMITH"},{"data":"Defragment","floor":10.0,"key":"SMITH"},{"floor":13.0,"key":"REST"},{"floor":15.0,"key":"REST"},{"data":"Biased Cognition","floor":23.0,"key":"SMITH"},{"data":"Hologram","floor":28.0,"key":"SMITH"},{"data":"Loop","floor":30.0,"key":"SMITH"},{"data":"Capacitor","floor":32.0,"key":"SMITH"},{"data":"Biased Cognition","floor":40.0,"key":"SMITH"},{"data":"Buffer","floor":42.0,"key":"SMITH"},{"floor":49.0,"key":"RECALL"},{"data":"Coolheaded","floor":53.0,"key":"SMITH"}],"neow_cost":"NONE","seed_source_timestamp":0,"circlet_count":0,"master_deck":["AscendersBane","Defend_B","Defend_B","Defend_B","Defend_B+1","Zap+1","Dualcast","Ball Lightning","Gash","Sunder+1","Compile Driver","Defragment+1","Cold Snap","Genetic Algorithm","Steam","Biased Cognition+1","Self Repair+1","Go for the Eyes+1","Capacitor+1","Hologram+1","Genetic Algorithm","Hologram+1","Coolheaded","Loop+1","Machine Learning","Core Surge+1","Cold Snap+1","Biased Cognition+1","Buffer+1","Coolheaded+1","Electrodynamics","Capacitor+1","Defragment","Glacier+1"],"special_seed":0,"relics":["Cracked Core","Juzu Bracelet","Art of War","Matryoshka","Mango","Nuclear Battery","Anchor","Kunai","Oddly Smooth Stone","Orichalcum","Gambling Chip","Shuriken","Enchiridion","Astrolabe","Bag of Marbles","War Paint","Incense Burner","Cables","The Courier","Ice Cream"],"potions_floor_usage":[56,56],"damage_taken":[{"damage":1.0,"enemies":"Cultist","floor":1.0,"turns":4.0},{"damage":0.0,"enemies":"2 Louse","floor":2.0,"turns":2.0},{"damage":4.0,"enemies":"Jaw Worm","floor":3.0,"turns":3.0},{"damage":30.0,"enemies":"3 Sentries","floor":7.0,"turns":6.0},{"damage":11.0,"enemies":"3 Louse","floor":11.0,"turns":2.0},{"damage":5.0,"enemies":"Exordium Wildlife","floor":12.0,"turns":3.0},{"damage":10.0,"enemies":"Lagavulin","floor":14.0,"turns":5.0},{"damage":26.0,"enemies":"The Guardian","floor":16.0,"turns":10.0},{"damage":6.0,"enemies":"3 Byrds","floor":18.0,"turns":3.0},{"damage":6.0,"enemies":"Spheric Guardian","floor":20.0,"turns":3.0},{"damage":17.0,"enemies":"Cultist and Chosen","floor":22.0,"turns":6.0},{"damage":21.0,"enemies":"Book of Stabbing","floor":24.0,"turns":7.0},{"damage":6.0,"enemies":"Slavers","floor":29.0,"turns":7.0},{"damage":19.0,"enemies":"Collector","floor":33.0,"turns":10.0},{"damage":29.0,"enemies":"3 Darklings","floor":35.0,"turns":6.0},{"damage":0.0,"enemies":"3 Shapes","floor":38.0,"turns":4.0},{"damage":0.0,"enemies":"Reptomancer","floor":41.0,"turns":8.0},{"damage":4.0,"enemies":"2 Orb Walkers","floor":44.0,"turns":6.0},{"damage":16.0,"enemies":"Nemesis","floor":45.0,"turns":9.0},{"damage":1.0,"enemies":"Sphere and 2 Shapes","floor":46.0,"turns":6.0},{"damage":4.0,"enemies":"Giant Head","floor":47.0,"turns":10.0},{"damage":8.0,"enemies":"Maw","floor":48.0,"turns":6.0},{"damage":0.0,"enemies":"Donu and Deca","floor":50.0,"turns":11.0},{"damage":35.0,"enemies":"Awakened One","floor":51.0,"turns":19.0},{"damage":47.0,"enemies":"Shield and Spear","floor":55.0,"turns":5.0},{"damage":9,"enemies":"The Heart","floor":56,"turns":12}],"seed_played":"-3477082557587458904","potions_obtained":[{"floor":2.0,"key":"EssenceOfSteel"},{"floor":11.0,"key":"LiquidBronze"},{"floor":12.0,"key":"PowerPotion"},{"floor":16.0,"key":"SkillPotion"},{"floor":22.0,"key":"Explosive Potion"},{"floor":24.0,"key":"Ancient Potion"},{"floor":29.0,"key":"GamblersBrew"},{"floor":33.0,"key":"Ancient Potion"},{"floor":35.0,"key":"Block Potion"},{"floor":41.0,"key":"Strength Potion"},{"floor":44.0,"key":"Poison Potion"}],"is_trial":false,"path_per_floor":["M","M","M","?","?","R","E","?","T","R","M","M","R","E","R","B",null,"M","T","M","$","M","R","E","?","T","?","R","E","R","?","R","B",null,"M","?","?","M","$","R","E","R","T","?","E","M","E","M","R","B","B",null,"R","$","E","B",null],"character_chosen":"DEFECT","items_purchased":["Kunai","Capacitor","Hologram","Biased Cognition","Defragment","Ancient Potion","FocusPotion"],"campfire_rested":2,"item_purchase_floors":[21,21,21,39,54,54,54],"current_hp_per_floor":[63,63,59,59,48,48,18,18,18,18,7,2,23,27,52,26,70,64,64,68,68,61,61,50,50,50,50,50,54,54,33,33,24,70,51,51,51,61,61,61,71,71,71,77,71,80,85,85,85,85,60,79,79,79,32,33],"gold":43,"neow_bonus":"RANDOM_COMMON_RELIC","is_prod":false,"is_daily":false,"chose_seed":false,"campfire_upgraded":9,"win_rate":0,"timestamp":1563483434,"path_taken":["M","M","M","?","?","R","E","?","T","R","M","M","R","E","R","BOSS","M","?","M","$","M","R","E","?","T","?","R","E","R","?","R","BOSS","M","?","?","M","$","R","E","R","T","?","E","M","E","M","R","BOSS","BOSS","R","$","E","BOSS"],"build_version":"2019-07-10","purchased_purges":1,"victory":true,"max_hp_per_floor":[71,71,71,71,71,71,71,71,71,71,71,71,71,85,85,85,85,85,85,85,85,85,85,85,85,85,85,85,85,85,85,85,85,85,85,85,85,85,85,85,85,85,85,85,85,85,85,85,85,85,85,85,85,85,85,85],"card_choices":[{"not_picked":["Turbo","Streamline"],"picked":"Ball Lightning","floor":1.0},{"not_picked":["Stack","Turbo"],"picked":"Gash","floor":2.0},{"not_picked":["Steam Power","Streamline"],"picked":"Sunder","floor":3.0},{"not_picked":["Amplify","Rip and Tear"],"picked":"Compile Driver","floor":7.0},{"not_picked":["Barrage","Rebound"],"picked":"Cold Snap","floor":11.0},{"not_picked":["Leap","Barrage"],"picked":"Genetic Algorithm","floor":12.0},{"not_picked":["Heatsinks","FTL"],"picked":"Steam","floor":14.0},{"not_picked":["Machine Learning","Fission"],"picked":"Biased Cognition","floor":16.0},{"not_picked":["Streamline","Go for the Eyes"],"picked":"Self Repair+1","floor":18.0},{"not_picked":["Compile Driver","Conserve Battery"],"picked":"Go for the Eyes","floor":20.0},{"not_picked":["Turbo","Steam"],"picked":"Genetic Algorithm","floor":22.0},{"not_picked":["Barrage+1","Streamline"],"picked":"Hologram","floor":24.0},{"not_picked":["Chaos","Cold Snap"],"picked":"Loop","floor":29.0},{"not_picked":["Thunder Strike","Creative AI"],"picked":"Machine Learning","floor":33.0},{"not_picked":["Turbo","Aggregate","Sweeping Beam"],"picked":"SKIP","floor":35.0},{"not_picked":["Beam Cell","Stack","Rebound"],"picked":"SKIP","floor":38.0},{"not_picked":["Loop","Reinforced Body"],"picked":"Buffer","floor":41.0},{"not_picked":["Reinforced Body+1","Barrage"],"picked":"Coolheaded","floor":44.0},{"not_picked":["Fission","Cold Snap"],"picked":"Electrodynamics","floor":45.0},{"not_picked":["Redo","Beam Cell","Go for the Eyes"],"picked":"SKIP","floor":46.0},{"not_picked":["Beam Cell","Fission"],"picked":"Capacitor+1","floor":47.0},{"not_picked":["Cold Snap+1","Go for the Eyes","Chaos+1"],"picked":"SKIP","floor":48.0},{"not_picked":["Stack","Turbo"],"picked":"Glacier+1","floor":55.0}],"player_experience":2214091,"relics_obtained":[{"floor":7.0,"key":"Art of War"},{"floor":9.0,"key":"Matryoshka"},{"floor":14.0,"key":"Mango"},{"floor":19.0,"key":"Anchor"},{"floor":24.0,"key":"Oddly Smooth Stone"},{"floor":26.0,"key":"Orichalcum"},{"floor":26.0,"key":"Gambling Chip"},{"floor":29.0,"key":"Shuriken"},{"floor":31.0,"key":"Enchiridion"},{"floor":41.0,"key":"Bag of Marbles"},{"floor":43.0,"key":"War Paint"},{"floor":44.0,"key":"Incense Burner"},{"floor":45.0,"key":"Cables"},{"floor":47.0,"key":"The Courier"},{"floor":55.0,"key":"Ice Cream"}],"event_choices":[{"damage_healed":0.0,"max_hp_gain":0.0,"max_hp_loss":0.0,"gold_gain":0.0,"event_name":"Living Wall","player_choice":"Grow","floor":4.0,"gold_loss":0.0,"damage_taken":0.0,"cards_upgraded":["Sunder"]},{"damage_healed":0.0,"max_hp_gain":0.0,"max_hp_loss":0.0,"gold_gain":75.0,"event_name":"World of Goop","player_choice":"Gather Gold","floor":5.0,"gold_loss":0.0,"damage_taken":11.0},{"damage_healed":0.0,"max_hp_gain":0.0,"max_hp_loss":0.0,"gold_gain":0.0,"event_name":"Match and Keep!","player_choice":"1 cards matched","floor":8.0,"gold_loss":0.0,"damage_taken":0.0,"cards_obtained":["Defragment"]},{"damage_healed":0.0,"max_hp_gain":0.0,"max_hp_loss":0.0,"gold_gain":0.0,"event_name":"The Library","player_choice":"Read","floor":25.0,"gold_loss":0.0,"damage_taken":0.0,"cards_obtained":["Coolheaded"]},{"damage_healed":0.0,"max_hp_gain":0.0,"max_hp_loss":0.0,"gold_gain":0.0,"event_name":"Upgrade Shrine","player_choice":"Upgraded","floor":27.0,"gold_loss":0.0,"damage_taken":0.0,"cards_upgraded":["Go for the Eyes"]},{"damage_healed":0.0,"max_hp_gain":0.0,"max_hp_loss":0.0,"gold_gain":0.0,"event_name":"Cursed Tome","player_choice":"Obtained Book","floor":31.0,"gold_loss":0.0,"damage_taken":21.0},{"damage_healed":0.0,"max_hp_gain":0.0,"max_hp_loss":0.0,"gold_gain":0.0,"event_name":"The Woman in Blue","player_choice":"Bought 1 Potion","floor":36.0,"gold_loss":0.0,"damage_taken":0.0},{"cards_removed":["Thunder Strike"],"damage_healed":0.0,"max_hp_gain":0.0,"max_hp_loss":0.0,"gold_gain":0.0,"event_name":"Falling","player_choice":"Removed Attack","floor":37.0,"gold_loss":0.0,"damage_taken":0.0},{"damage_healed":0.0,"max_hp_gain":0.0,"max_hp_loss":0.0,"gold_gain":0.0,"event_name":"Mysterious Sphere","player_choice":"Fight","floor":44.0,"gold_loss":0.0,"damage_taken":0.0}],"is_beta":true,"boss_relics":[{"not_picked":["Coffee Dripper","FrozenCore"],"picked":"Nuclear Battery"},{"not_picked":["Tiny House","Orrery"],"picked":"Astrolabe"}],"items_purged_floors":[21],"is_endless":false,"potions_floor_spawned":[2,11,12,16,22,24,29,33,35,41,44,47],"ascension_level":20}