{"gold_per_floor":[109,123,198,373,390,390,420,420,447,461,474,509,509,520,520,616,616,631,682,607,626,626,655,155,155,155,167,167,167,181,192,192,294,294,309,309,309,309],"floor_reached":38,"playtime":2785,"items_purged":["Doubt"],"score":510,"play_id":"1a1197e0-8573-4526-b9d0-22a7c55c6d95","local_time":"20190822215444","is_ascension_mode":true,"campfire_choices":[{"data":"Zap","floor":6.0,"key":"SMITH"},{"floor":8.0,"key":"REST"},{"floor":15.0,"key":"REST"},{"floor":25.0,"key":"REST"},{"floor":28.0,"key":"REST"},{"floor":32,"key":"REST"}],"neow_cost":"NONE","seed_source_timestamp":0,"circlet_count":0,"master_deck":["Strike_B+1","Strike_B","Strike_B","Strike_B","Defend_B","Defend_B","Defend_B","Defend_B","Zap+1","Dualcast","Machine Learning","Rip and Tear+1","Reinforced Body","Cold Snap","Gash","Leap","Gash","Cold Snap","Biased Cognition","Ball Lightning","Conserve Battery","Sunder","Defragment","Gash","Writhe","Ball Lightning","Gash","Capacitor","All For One","Ball Lightning+1"],"special_seed":0,"relics":["Cracked Core","Whetstone","Oddly Smooth Stone","Dodecahedron","Cursed Key","Happy Flower","Peace Pipe","Thread and Needle","PreservedInsect","Nilry\u0027s Codex","Inserter"],"potions_floor_usage":[31,33],"damage_taken":[{"damage":1.0,"enemies":"2 Louse","floor":1.0,"turns":2.0},{"damage":2.0,"enemies":"Jaw Worm","floor":2.0,"turns":3.0},{"damage":1.0,"enemies":"Small Slimes","floor":5.0,"turns":4.0},{"damage":32.0,"enemies":"Gremlin Nob","floor":7.0,"turns":5.0},{"damage":12.0,"enemies":"Red Slaver","floor":10.0,"turns":4.0},{"damage":11.0,"enemies":"Blue Slaver","floor":11.0,"turns":2.0},{"damage":8.0,"enemies":"3 Sentries","floor":12.0,"turns":6.0},{"damage":0.0,"enemies":"2 Fungi Beasts","floor":14.0,"turns":3.0},{"damage":30.0,"enemies":"Hexaghost","floor":16.0,"turns":10.0},{"damage":4.0,"enemies":"Chosen","floor":18.0,"turns":5.0},{"damage":5.0,"enemies":"Spheric Guardian","floor":21.0,"turns":3.0},{"damage":37.0,"enemies":"Slavers","floor":23.0,"turns":8.0},{"damage":7.0,"enemies":"Snecko","floor":27.0,"turns":5.0},{"damage":24.0,"enemies":"3 Cultists","floor":30.0,"turns":5.0},{"damage":0,"enemies":"Centurion and Healer","floor":31,"turns":5},{"damage":37,"enemies":"Champ","floor":33,"turns":13},{"damage":14,"enemies":"Orb Walker","floor":35,"turns":3},{"damage":70,"enemies":"3 Darklings","floor":38,"turns":5}],"seed_played":"1050764961214339488","potions_obtained":[{"floor":2.0,"key":"FearPotion"},{"floor":5.0,"key":"Strength Potion"},{"floor":11.0,"key":"AttackPotion"},{"floor":12.0,"key":"LiquidBronze"},{"floor":27.0,"key":"EssenceOfSteel"},{"floor":31,"key":"EssenceOfSteel"},{"floor":33,"key":"FocusPotion"}],"is_trial":false,"path_per_floor":["M","M","?","?","M","R","E","R","T","M","M","E","?","M","R","B",null,"M","T","?","M","?","E","$","R","T","M","R","?","M","M","R","B",null,"M","?","?","M"],"character_chosen":"DEFECT","items_purchased":["Defragment","Gash","Thread and Needle"],"campfire_rested":5,"item_purchase_floors":[24,24,24],"current_hp_per_floor":[74,72,61,61,60,60,28,50,50,38,27,19,19,19,41,11,75,71,71,71,66,52,15,15,39,39,32,56,40,16,16,40,3,80,66,66,66,0],"gold":309,"neow_bonus":"ONE_RANDOM_RARE_CARD","is_prod":false,"is_daily":false,"chose_seed":false,"campfire_upgraded":1,"win_rate":0,"timestamp":1566536084,"path_taken":["M","M","?","?","M","R","E","R","T","M","M","E","?","M","R","BOSS","M","?","?","M","?","E","$","R","T","M","R","?","M","M","R","BOSS","M","?","?","M"],"build_version":"2019-07-17","purchased_purges":1,"victory":false,"max_hp_per_floor":[75,75,75,75,75,75,75,75,75,75,75,75,75,75,75,75,75,75,75,75,75,80,80,80,80,80,80,80,80,80,80,80,80,80,80,80,80,80],"card_choices":[{"not_picked":["Redo","Force Field"],"picked":"Rip and Tear","floor":1.0},{"not_picked":["Beam Cell","Chaos"],"picked":"Reinforced Body","floor":2.0},{"not_picked":["Streamline","Fission"],"picked":"Cold Snap","floor":5.0},{"not_picked":["Barrage","Redo"],"picked":"Gash","floor":7.0},{"not_picked":["Turbo","Loop"],"picked":"Leap","floor":10.0},{"not_picked":["Stack","Compile Driver","Recycle"],"picked":"SKIP","floor":11.0},{"not_picked":["Redo","Meteor Strike"],"picked":"Gash","floor":12.0},{"not_picked":["Hologram","Barrage"],"picked":"Cold Snap","floor":14.0},{"not_picked":["Multi-Cast","Amplify"],"picked":"Biased Cognition","floor":16.0},{"not_picked":["Compile Driver","Lockon"],"picked":"Ball Lightning","floor":18.0},{"not_picked":["Reinforced Body+1","Recycle"],"picked":"Conserve Battery","floor":21.0},{"not_picked":["Conserve Battery","Cold Snap"],"picked":"Sunder","floor":23.0},{"not_picked":["Genetic Algorithm","Hologram"],"picked":"Ball Lightning","floor":27.0},{"not_picked":["Conserve Battery","Turbo"],"picked":"Gash","floor":30},{"not_picked":["Defragment","Streamline"],"picked":"Capacitor","floor":31},{"not_picked":["Rainbow","Hyperbeam"],"picked":"All For One","floor":33},{"not_picked":["Streamline+1","Recycle"],"picked":"Ball Lightning+1","floor":35}],"player_experience":213880,"relics_obtained":[{"floor":7.0,"key":"Whetstone"},{"floor":9.0,"key":"Oddly Smooth Stone"},{"floor":12.0,"key":"Dodecahedron"},{"floor":19.0,"key":"Happy Flower"},{"floor":23.0,"key":"Peace Pipe"},{"floor":26.0,"key":"PreservedInsect"},{"floor":29.0,"key":"Nilry\u0027s Codex"}],"event_choices":[{"damage_healed":0.0,"max_hp_gain":0.0,"max_hp_loss":0.0,"gold_gain":75.0,"event_name":"World of Goop","player_choice":"Gather Gold","floor":3.0,"gold_loss":0.0,"damage_taken":11.0},{"damage_healed":0.0,"max_hp_gain":0.0,"max_hp_loss":0.0,"gold_gain":175.0,"event_name":"Liars Game","player_choice":"AGREE","floor":4.0,"gold_loss":0.0,"damage_taken":0.0,"cards_obtained":["Doubt"]},{"damage_healed":0.0,"max_hp_gain":0.0,"max_hp_loss":0.0,"gold_gain":0.0,"event_name":"The Woman in Blue","player_choice":"Bought 0 Potions","floor":13.0,"gold_loss":0.0,"damage_taken":0.0},{"cards_removed":["Normality"],"damage_healed":0.0,"max_hp_gain":0.0,"max_hp_loss":0.0,"gold_gain":0.0,"event_name":"Beggar","player_choice":"Gave Gold","floor":20.0,"gold_loss":75.0,"damage_taken":0.0},{"damage_healed":0.0,"max_hp_gain":5.0,"max_hp_loss":0.0,"gold_gain":0.0,"event_name":"Forgotten Altar","player_choice":"Shed Blood","floor":22.0,"gold_loss":0.0,"damage_taken":19.0},{"damage_healed":0.0,"max_hp_gain":0.0,"max_hp_loss":0.0,"gold_gain":0.0,"event_name":"Cursed Tome","player_choice":"Obtained Book","floor":29.0,"gold_loss":0.0,"damage_taken":16.0},{"damage_healed":0,"gold_gain":0,"player_choice":"Memory 1","damage_taken":0,"max_hp_gain":0,"max_hp_loss":0,"event_name":"SensoryStone","floor":36,"gold_loss":0},{"damage_healed":0,"gold_gain":0,"player_choice":"Ignored","damage_taken":0,"max_hp_gain":0,"max_hp_loss":0,"event_name":"Tomb of Lord Red Mask","floor":37,"gold_loss":0}],"is_beta":false,"boss_relics":[{"not_picked":["Velvet Choker","Orrery"],"picked":"Cursed Key"},{"not_picked":["Black Star","White Beast Statue"],"picked":"Inserter"}],"items_purged_floors":[24],"is_endless":false,"potions_floor_spawned":[2,5,11,12,14,27,31,33],"killed_by":"3 Darklings","ascension_level":4}