{"gold_per_floor":[119,6,25,38,38,38,56,56,126,126,137,137,157,186,186,186],"floor_reached":16,"playtime":446,"items_purged":[],"score":204,"play_id":"4298f36f-ee2f-4281-b250-f1c16cb91cc3","local_time":"20181125155415","is_ascension_mode":true,"campfire_choices":[{"data":"Streamline","floor":6,"key":"SMITH"},{"data":"Defragment","floor":8,"key":"SMITH"},{"data":"Zap","floor":12,"key":"SMITH"},{"data":"Beam Cell","floor":15,"key":"SMITH"}],"neow_cost":"NONE","seed_source_timestamp":938240050905238,"circlet_count":0,"master_deck":["AscendersBane","Strike_B","Strike_B","Strike_B","Strike_B","Defend_B","Defend_B","Defend_B","Defend_B","Zap+1","Dualcast","Cold Snap","Defragment+1","Streamline+1","Beam Cell+1","Hologram","Conserve Battery","Compile Driver","FTL"],"relics":["Cracked Core","GremlinMask","Lantern"],"potions_floor_usage":[7,14,16],"damage_taken":[{"damage":1,"enemies":"Cultist","floor":1,"turns":4},{"damage":7,"enemies":"Jaw Worm","floor":3,"turns":2},{"damage":3,"enemies":"Small Slimes","floor":4,"turns":2},{"damage":7,"enemies":"Exordium Wildlife","floor":7,"turns":3},{"damage":9,"enemies":"Red Slaver","floor":11,"turns":4},{"damage":9,"enemies":"Large Slime","floor":13,"turns":5},{"damage":24,"enemies":"Gremlin Nob","floor":14,"turns":4},{"damage":21,"enemies":"The Guardian","floor":16,"turns":4}],"seed_played":"755787412398659661","potions_obtained":[{"floor":3,"key":"SkillPotion"},{"floor":11,"key":"Block Potion"},{"floor":13,"key":"AttackPotion"}],"is_trial":false,"path_per_floor":["M","$","M","M","?","R","M","R","T","?","M","R","M","E","R","B"],"character_chosen":"DEFECT","items_purchased":["Defragment","Streamline"],"campfire_rested":0,"item_purchase_floors":[2,2],"current_hp_per_floor":[70,70,63,60,60,60,53,53,53,58,49,49,40,16,16,0],"gold":186,"neow_bonus":"TEN_PERCENT_HP_BONUS","is_prod":false,"is_daily":false,"chose_seed":false,"campfire_upgraded":4,"win_rate":0,"timestamp":1543161255,"path_taken":["M","?","M","M","?","R","?","R","T","?","M","R","M","E","R","BOSS"],"build_version":"2018-11-15","purchased_purges":0,"victory":false,"max_hp_per_floor":[78,78,78,78,78,78,78,78,78,83,83,83,83,83,83,83],"card_choices":[{"not_picked":["Go for the Eyes","Conserve Battery"],"picked":"Cold Snap","floor":1},{"not_picked":["Streamline","Leap"],"picked":"Beam Cell","floor":3},{"not_picked":["Cold Snap","Storm"],"picked":"Hologram","floor":4},{"not_picked":["Hologram","Machine Learning"],"picked":"Conserve Battery","floor":7},{"not_picked":["Stack","Coolheaded"],"picked":"Compile Driver","floor":11},{"not_picked":["Streamline","Beam Cell","Barrage"],"picked":"SKIP","floor":13},{"not_picked":["Amplify","Redo"],"picked":"FTL","floor":14}],"player_experience":1668095,"relics_obtained":[{"floor":14,"key":"Lantern"}],"event_choices":[{"damage_healed":0,"gold_gain":0,"player_choice":"Trade","damage_taken":0,"relics_obtained":["GremlinMask"],"max_hp_gain":0,"max_hp_loss":0,"event_name":"FaceTrader","floor":5,"gold_loss":0},{"damage_healed":0,"gold_gain":0,"player_choice":"Donut","damage_taken":0,"max_hp_gain":5,"max_hp_loss":0,"event_name":"Big Fish","floor":10,"gold_loss":0}],"is_beta":true,"boss_relics":[],"items_purged_floors":[],"is_endless":false,"potions_floor_spawned":[3,11,13],"killed_by":"The Guardian","ascension_level":20}