{"gold_per_floor":[118,132,152,170,170,170,200,200,200,275,132,132,166,230,230,325,325,335,416,466,536,199,199,70,70,70,120,131,145,161,190,190,190],"floor_reached":33,"playtime":1568,"items_purged":["Strike_B"],"score":289,"play_id":"5ac4d1ff-1425-4888-9b7d-9e0c28d5fa83","local_time":"20190702072246","is_ascension_mode":true,"campfire_choices":[{"data":"Defragment","floor":6,"key":"SMITH"},{"data":"Double Energy","floor":8,"key":"SMITH"},{"floor":15,"key":"REST"},{"data":"Creative AI","floor":23,"key":"SMITH"},{"data":"Thunder Strike","floor":25,"key":"SMITH"},{"data":"Zap","floor":32,"key":"SMITH"}],"neow_cost":"NONE","seed_source_timestamp":508816522605400,"circlet_count":0,"master_deck":["Defend_B","Defend_B","Defend_B","Defend_B","Zap+1","Dualcast","Biased Cognition","Biased Cognition","Ball Lightning","Genetic Algorithm","Conserve Battery","Defragment+1","Ball Lightning","Ball Lightning","BootSequence","Double Energy+1","Capacitor","Auto Shields","Creative AI+1","Chill","Conserve Battery","Thunder Strike+1","Master of Strategy","Decay"],"relics":["Orrery","Centennial Puzzle","Letter Opener","SsserpentHead","Empty Cage","Red Mask","Nloth\u0027s Gift","Juzu Bracelet","Lee\u0027s Waffle","Regal Pillow","PreservedInsect"],"potions_floor_usage":[13,19,19,33],"damage_taken":[{"damage":3,"enemies":"Cultist","floor":1,"turns":4},{"damage":10,"enemies":"Jaw Worm","floor":2,"turns":3},{"damage":10,"enemies":"Small Slimes","floor":3,"turns":3},{"damage":13,"enemies":"Exordium Wildlife","floor":4,"turns":3},{"damage":11,"enemies":"Lagavulin","floor":7,"turns":5},{"damage":8,"enemies":"Gremlin Nob","floor":13,"turns":4},{"damage":0,"enemies":"2 Fungi Beasts","floor":14,"turns":2},{"damage":19,"enemies":"Hexaghost","floor":16,"turns":8},{"damage":10,"enemies":"3 Byrds","floor":18,"turns":3},{"damage":56,"enemies":"Masked Bandits","floor":19,"turns":6},{"damage":0,"enemies":"Chosen","floor":21,"turns":4},{"damage":7,"enemies":"3 Cultists","floor":28,"turns":4},{"damage":0,"enemies":"Centurion and Healer","floor":29,"turns":7},{"damage":11,"enemies":"Snecko","floor":30,"turns":5},{"damage":17,"enemies":"Slavers","floor":31,"turns":5},{"damage":54,"enemies":"Collector","floor":33,"turns":7}],"seed_played":"6431625573314979985","potions_obtained":[{"floor":7,"key":"SpeedPotion"},{"floor":14,"key":"EssenceOfSteel"},{"floor":18,"key":"Regen Potion"},{"floor":19,"key":"SteroidPotion"},{"floor":21,"key":"SkillPotion"},{"floor":31,"key":"FearPotion"}],"is_trial":false,"path_per_floor":["M","M","M","M","?","R","E","R","T","?","$","?","E","M","R","B",null,"M","?","?","M","$","R","$","R","T","?","M","M","M","E","R","B"],"character_chosen":"DEFECT","items_purchased":["Capacitor","Juzu Bracelet","Lee\u0027s Waffle","Master of Strategy"],"campfire_rested":1,"item_purchase_floors":[11,22,22,24],"current_hp_per_floor":[72,62,52,39,32,32,21,21,21,10,10,10,2,14,36,29,75,65,33,33,33,82,82,82,82,82,82,75,75,64,47,47,0],"gold":190,"neow_bonus":"BOSS_RELIC","is_prod":false,"is_daily":false,"chose_seed":false,"campfire_upgraded":5,"win_rate":0,"timestamp":1562019766,"path_taken":["M","M","M","?","?","R","E","R","T","?","$","?","E","?","R","BOSS","M","?","?","?","$","R","?","R","T","?","M","M","M","E","R","BOSS"],"build_version":"2019-07-01","purchased_purges":1,"victory":false,"max_hp_per_floor":[75,75,75,75,75,75,75,75,75,75,75,75,75,75,75,75,75,75,75,75,75,82,82,82,82,82,82,82,82,82,82,82,82],"card_choices":[{"not_picked":["Gash","Coolheaded"],"picked":"Biased Cognition","floor":0},{"not_picked":["Stack","White Noise"],"picked":"Biased Cognition","floor":0},{"not_picked":["Rebound","Go for the Eyes"],"picked":"Ball Lightning","floor":0},{"not_picked":["Storm","Compile Driver"],"picked":"Genetic Algorithm","floor":0},{"not_picked":["Cold Snap","Streamline"],"picked":"Conserve Battery","floor":0},{"not_picked":["Gash","Ball Lightning"],"picked":"Defragment","floor":1},{"not_picked":["Hologram","Force Field"],"picked":"Ball Lightning","floor":2},{"not_picked":["Barrage","Genetic Algorithm"],"picked":"Ball Lightning","floor":3},{"not_picked":["Coolheaded","Hologram"],"picked":"BootSequence","floor":4},{"not_picked":["Meteor Strike","Leap"],"picked":"Double Energy","floor":7},{"not_picked":["Force Field","Compile Driver","Rebound"],"picked":"SKIP","floor":13},{"not_picked":["Turbo","Rainbow"],"picked":"Auto Shields","floor":14},{"not_picked":["Amplify","Seek"],"picked":"Creative AI","floor":16},{"not_picked":["Chaos","Recycle"],"picked":"Chill","floor":18},{"not_picked":["Compile Driver","Coolheaded"],"picked":"Conserve Battery","floor":19},{"not_picked":["Steam","Turbo"],"picked":"Thunder Strike","floor":21},{"not_picked":["Buffer","Fusion","Rebound+1"],"picked":"SKIP","floor":28},{"not_picked":["Gash","Undo","Meteor Strike"],"picked":"SKIP","floor":29},{"not_picked":["Genetic Algorithm+1","Streamline","Heatsinks"],"picked":"SKIP","floor":30},{"not_picked":["Recycle","Beam Cell","All For One"],"picked":"SKIP","floor":31}],"player_experience":95861,"relics_obtained":[{"floor":7,"key":"Centennial Puzzle"},{"floor":9,"key":"Letter Opener"},{"floor":13,"key":"Meat on the Bone"},{"floor":19,"key":"Red Mask"},{"floor":26,"key":"Regal Pillow"},{"floor":31,"key":"PreservedInsect"}],"event_choices":[{"cards_removed":["Strike_B"],"damage_healed":0,"gold_gain":0,"player_choice":"Card Removal","damage_taken":7,"max_hp_gain":0,"max_hp_loss":0,"event_name":"Golden Wing","floor":5,"gold_loss":0},{"damage_healed":0,"gold_gain":75,"player_choice":"Gather Gold","damage_taken":11,"max_hp_gain":0,"max_hp_loss":0,"event_name":"World of Goop","floor":10,"gold_loss":0},{"damage_healed":0,"gold_gain":0,"player_choice":"Trade","damage_taken":0,"relics_obtained":["SsserpentHead"],"max_hp_gain":0,"max_hp_loss":0,"event_name":"FaceTrader","floor":12,"gold_loss":0},{"damage_healed":0,"gold_gain":0,"player_choice":"Fought Bandits","damage_taken":0,"max_hp_gain":0,"max_hp_loss":0,"event_name":"Masked Bandits","floor":19,"gold_loss":0},{"damage_healed":0,"gold_gain":0,"player_choice":"Traded Relic","damage_taken":0,"relics_obtained":["Nloth\u0027s Gift"],"max_hp_gain":0,"max_hp_loss":0,"event_name":"N\u0027loth","floor":20,"relics_lost":["Meat on the Bone"],"gold_loss":0},{"damage_healed":0,"gold_gain":0,"player_choice":"Cursed","damage_taken":0,"max_hp_gain":0,"max_hp_loss":0,"event_name":"Wheel of Change","floor":27,"gold_loss":0,"cards_obtained":["Decay"]}],"is_beta":false,"boss_relics":[{"not_picked":["Fusion Hammer","Lizard Tail"],"picked":"Empty Cage"}],"items_purged_floors":[11],"is_endless":false,"potions_floor_spawned":[7,14,18,19,21,31],"killed_by":"Collector","ascension_level":1}