{"gold_per_floor":[112,15,26,38,38,38,73,73,151,183,183,183,50,77,77,152,152,164,183,19,29,29],"floor_reached":22,"playtime":805,"items_purged":["Strike_B"],"score":404,"play_id":"bb9a41a5-bb3d-4347-bd65-58bf895e96de","local_time":"20181015171640","is_ascension_mode":true,"campfire_choices":[{"data":"Static Discharge","floor":6.0,"key":"SMITH"},{"floor":12,"key":"REST"},{"floor":15,"key":"DIG"}],"neow_cost":"NONE","seed_source_timestamp":410641895427324,"circlet_count":0,"master_deck":["Zap","Dualcast","AscendersBane","Static Discharge+1","Rip and Tear","Ball Lightning","Go for the Eyes+1","FTL","Reinforced Body","Cold Snap","Cold Snap","Thunder Strike","Chaos","Coolheaded","Ball Lightning","Redo","Genetic Algorithm","Undo","Leap","Steam Power","Defragment","Leap"],"special_seed":0,"relics":["Cracked Core","Boot","Juzu Bracelet","Matryoshka","Shovel","Bronze Scales","Peace Pipe","Pandora\u0027s Box","DataDisk"],"potions_floor_usage":[10,14,16],"damage_taken":[{"damage":1.0,"enemies":"Cultist","floor":1.0,"turns":3.0},{"damage":7.0,"enemies":"Jaw Worm","floor":3.0,"turns":3.0},{"damage":0.0,"enemies":"2 Louse","floor":4.0,"turns":3.0},{"damage":15.0,"enemies":"Lagavulin","floor":7.0,"turns":7.0},{"damage":15,"enemies":"3 Sentries","floor":10,"turns":4},{"damage":4,"enemies":"Lagavulin","floor":14,"turns":6},{"damage":5,"enemies":"Slime Boss","floor":16,"turns":8},{"damage":29,"enemies":"2 Thieves","floor":18,"turns":5},{"damage":7,"enemies":"Spheric Guardian","floor":19,"turns":3},{"damage":21,"enemies":"Chosen and Byrds","floor":21,"turns":3},{"damage":8,"enemies":"Snake Plant","floor":22,"turns":1}],"seed_played":"-6999162218832573961","potions_obtained":[{"floor":1.0,"key":"FocusPotion"},{"floor":7.0,"key":"Poison Potion"},{"floor":14,"key":"FocusPotion"}],"is_trial":false,"path_per_floor":["M","$","M","M","$","R","E","?","T","E","?","R","$","E","R","B",null,"M","M","$","M"],"character_chosen":"DEFECT","items_purchased":["Rip and Tear","PowerPotion","Cold Snap","DataDisk"],"campfire_rested":1,"item_purchase_floors":[2,2,13,20],"current_hp_per_floor":[63,63,56,56,56,56,41,20,20,5,5,26,26,22,22,17,58,29,22,22,1,0],"gold":29,"neow_bonus":"RANDOM_COMMON_RELIC","is_prod":false,"is_daily":false,"chose_seed":false,"campfire_upgraded":1,"win_rate":0,"timestamp":1539620200,"path_taken":["M","?","M","M","$","R","E","?","T","E","?","R","?","E","R","BOSS","M","M","$","M","M"],"build_version":"2018-10-11","purchased_purges":1,"victory":false,"max_hp_per_floor":[71,71,71,71,71,71,71,71,71,71,71,71,71,71,71,71,71,71,71,71,71,71],"card_choices":[{"not_picked":["Steam Power","Hologram"],"picked":"Static Discharge","floor":1.0},{"not_picked":["Double Energy","Steam"],"picked":"Ball Lightning","floor":3.0},{"not_picked":["Ball Lightning","Redo"],"picked":"Go for the Eyes","floor":4.0},{"not_picked":["Streamline","Coolheaded"],"picked":"FTL","floor":7.0},{"not_picked":["Conserve Battery","Skim"],"picked":"Reinforced Body","floor":10},{"not_picked":["Melter","Steam"],"picked":"Cold Snap","floor":14},{"not_picked":["Buffer","Creative AI"],"picked":"Thunder Strike","floor":16},{"not_picked":["Aggregate","Streamline"],"picked":"Steam Power","floor":18},{"not_picked":["Sweeping Beam","Rebound"],"picked":"Defragment","floor":19},{"not_picked":["Barrage","Compile Driver"],"picked":"Leap","floor":21}],"player_experience":1479783,"relics_obtained":[{"floor":7.0,"key":"Juzu Bracelet"},{"floor":9.0,"key":"Matryoshka"},{"floor":10,"key":"Shovel"},{"floor":14,"key":"Bronze Scales"},{"floor":15,"key":"Peace Pipe"}],"event_choices":[{"event_name":"Shining Light","player_choice":"Entered Light","floor":8.0,"damage_taken":0.0},{"event_name":"Liars Game","player_choice":"disagreed","floor":11,"damage_taken":0}],"is_beta":true,"boss_relics":[{"not_picked":["Empty Cage","Nuclear Battery"],"picked":"Pandora\u0027s Box"}],"items_purged_floors":[13],"is_endless":false,"potions_floor_spawned":[1,7,14],"killed_by":"Snake Plant","ascension_level":20}