{"gold_per_floor":[112,112,24,37,51,81,81,115,140,154,154,165,181,209,209,287,287,297,297,310,324,46,80,93,93,119,132,161,161,191,211,211,290,290,306,319,335,1334,1334,1362,54,54,54,87,97,115,115],"floor_reached":47,"playtime":2323,"items_purged":["Strike_R","Strike_R"],"score":1438,"play_id":"cefca81a-d840-418f-9631-362411cb9c14","local_time":"20190514213041","is_ascension_mode":true,"campfire_choices":[{"data":"Inflame","floor":7,"key":"SMITH"},{"data":"Bash","floor":11,"key":"SMITH"},{"data":"Heavy Blade","floor":15,"key":"SMITH"},{"floor":25,"key":"RECALL"},{"floor":29,"key":"REST"},{"floor":32,"key":"REST"}],"neow_cost":"NONE","seed_source_timestamp":1909331639369659,"circlet_count":0,"master_deck":["AscendersBane","Strike_R","Strike_R+1","Strike_R+1","Defend_R","Defend_R+1","Defend_R+1","Defend_R","Bash+1","Pummel","Inflame+1","Anger","Heavy Blade+1","Headbutt","Sword Boomerang","Metallicize","Havoc+1","Shockwave+1","Offering+1","Shrug It Off+1","Armaments+1","True Grit+1","Corruption","Reaper","Spot Weakness+1","Shrug It Off+1","Disarm+1","Feed","Body Slam+1","Dual Wield+1","Shrug It Off+1","Second Wind+1","Shrug It Off+1","Battle Trance+1"],"relics":["Burning Blood","NeowsBlessing","Orichalcum","PreservedInsect","Toxic Egg 2","War Paint","Vajra","Lantern","Fusion Hammer","Centennial Puzzle","The Courier","Potion Belt","Omamori","Whetstone","Eternal Feather","Blood Vial","Incense Burner","Art of War","Bronze Scales","Sundial","Pantograph","Dead Branch","Pen Nib"],"potions_floor_usage":[6,14,16,24,33,33,40,40,47],"damage_taken":[{"damage":0,"enemies":"Jaw Worm","floor":1,"turns":1},{"damage":0,"enemies":"2 Louse","floor":4,"turns":1},{"damage":0,"enemies":"Cultist","floor":5,"turns":1},{"damage":0,"enemies":"Gremlin Nob","floor":6,"turns":2},{"damage":17,"enemies":"3 Sentries","floor":8,"turns":6},{"damage":4,"enemies":"Large Slime","floor":10,"turns":4},{"damage":0,"enemies":"Lots of Slimes","floor":12,"turns":3},{"damage":2,"enemies":"3 Louse","floor":13,"turns":4},{"damage":0,"enemies":"Gremlin Nob","floor":14,"turns":2},{"damage":19,"enemies":"Hexaghost","floor":16,"turns":6},{"damage":14,"enemies":"2 Thieves","floor":18,"turns":2},{"damage":6,"enemies":"Spheric Guardian","floor":20,"turns":3},{"damage":6,"enemies":"Snecko","floor":21,"turns":3},{"damage":9,"enemies":"Book of Stabbing","floor":23,"turns":3},{"damage":14,"enemies":"Centurion and Healer","floor":24,"turns":6},{"damage":18,"enemies":"Cultist and Chosen","floor":27,"turns":4},{"damage":0,"enemies":"Gremlin Leader","floor":28,"turns":4},{"damage":9,"enemies":"Book of Stabbing","floor":30,"turns":2},{"damage":7,"enemies":"Snake Plant","floor":31,"turns":3},{"damage":53,"enemies":"Champ","floor":33,"turns":15},{"damage":6,"enemies":"3 Shapes","floor":35,"turns":8},{"damage":47,"enemies":"3 Darklings","floor":36,"turns":10},{"damage":51,"enemies":"Maw","floor":37,"turns":8},{"damage":14,"enemies":"Nemesis","floor":40,"turns":5},{"damage":10,"enemies":"Giant Head","floor":44,"turns":4},{"damage":10,"enemies":"Jaw Worm Horde","floor":45,"turns":5},{"damage":21,"enemies":"Transient","floor":46,"turns":6},{"damage":64,"enemies":"Reptomancer","floor":47,"turns":2}],"seed_played":"-7039796803167665364","potions_obtained":[{"floor":4,"key":"Poison Potion"},{"floor":5,"key":"Swift Potion"},{"floor":8,"key":"SkillPotion"},{"floor":10,"key":"SteroidPotion"},{"floor":14,"key":"SkillPotion"},{"floor":21,"key":"Ancient Potion"},{"floor":24,"key":"SteroidPotion"},{"floor":30,"key":"Explosive Potion"},{"floor":31,"key":"EssenceOfSteel"},{"floor":33,"key":"GamblersBrew"},{"floor":37,"key":"BloodPotion"},{"floor":42,"key":"Ancient Potion"},{"floor":45,"key":"Regen Potion"}],"is_trial":false,"path_per_floor":["M","?","?","M","M","E","R","E","T","M","R","M","M","E","R","B",null,"M","?","M","M","$","E","M","R","T","M","E","R","E","M","R","B",null,"M","M","M","?","?","E","$","?","T","E","M","M","E"],"character_chosen":"IRONCLAD","items_purchased":["Corruption","Centennial Puzzle","Incense Burner","Shrug It Off+1","Art of War","Bronze Scales","SteroidPotion","Sundial","Pantograph","Dead Branch"],"campfire_rested":2,"item_purchase_floors":[22,22,41,41,41,41,41,41,41,41],"current_hp_per_floor":[74,56,56,62,68,74,74,63,63,65,65,71,75,75,75,62,72,64,75,75,75,75,72,75,75,75,72,75,75,72,75,75,49,69,78,76,34,34,34,34,34,34,34,32,40,54,0],"gold":115,"neow_bonus":"THREE_ENEMY_KILL","is_prod":false,"is_daily":false,"chose_seed":false,"campfire_upgraded":3,"win_rate":0,"timestamp":1557865841,"path_taken":["M","?","?","?","M","E","R","E","T","M","R","M","M","E","R","BOSS","M","?","?","M","$","E","M","R","T","M","E","R","E","M","R","BOSS","M","M","M","?","?","E","$","?","T","E","M","?","E"],"build_version":"2019-05-07","purchased_purges":2,"victory":false,"max_hp_per_floor":[75,75,75,75,75,75,75,75,75,75,75,75,75,75,75,75,75,75,75,75,75,75,75,75,75,75,75,75,75,75,75,75,75,75,78,81,84,84,84,84,84,84,84,84,84,84,84],"card_choices":[{"not_picked":["Clash","Reckless Charge"],"picked":"Pummel","floor":1},{"not_picked":["Sword Boomerang","Burning Pact"],"picked":"Inflame","floor":4},{"not_picked":["Bloodletting","Warcry"],"picked":"Anger","floor":5},{"not_picked":["Perfected Strike","Bloodletting"],"picked":"Heavy Blade","floor":6},{"not_picked":["Dark Embrace","Wild Strike"],"picked":"Headbutt","floor":8},{"not_picked":["Flex+1","Hemokinesis"],"picked":"Sword Boomerang","floor":10},{"not_picked":["Warcry+1","Thunderclap"],"picked":"Metallicize","floor":12},{"not_picked":["Uppercut","Perfected Strike"],"picked":"Havoc+1","floor":13},{"not_picked":["Headbutt","Sword Boomerang"],"picked":"Shockwave+1","floor":14},{"not_picked":["Bludgeon","Feed"],"picked":"Offering+1","floor":16},{"not_picked":["Wild Strike","Body Slam"],"picked":"Shrug It Off+1","floor":18},{"not_picked":["Clothesline","Perfected Strike"],"picked":"Armaments+1","floor":20},{"not_picked":["Warcry+1","Dropkick+1"],"picked":"True Grit+1","floor":21},{"not_picked":["Sword Boomerang","Armaments+1"],"picked":"Reaper","floor":23},{"not_picked":["Cleave","Blood for Blood","Power Through+1"],"picked":"SKIP","floor":24},{"not_picked":["Twin Strike","Inflame"],"picked":"Spot Weakness+1","floor":27},{"not_picked":["Iron Wave+1","Bludgeon"],"picked":"Shrug It Off+1","floor":28},{"not_picked":["Cleave","Sword Boomerang"],"picked":"Disarm+1","floor":30},{"not_picked":["Flex+1","Perfected Strike","Anger"],"picked":"SKIP","floor":31},{"not_picked":["Berserk","Offering+1"],"picked":"Feed","floor":33},{"not_picked":["Armaments+1","Cleave+1","Twin Strike"],"picked":"SKIP","floor":35},{"not_picked":["Havoc+1","Ghostly Armor+1"],"picked":"Body Slam+1","floor":36},{"not_picked":["Blood for Blood","Iron Wave+1","Second Wind+1"],"picked":"SKIP","floor":37},{"not_picked":["Pommel Strike+1","Clothesline"],"picked":"Dual Wield+1","floor":40},{"not_picked":["Perfected Strike","Fire Breathing+1"],"picked":"Second Wind+1","floor":44},{"not_picked":["Infernal Blade+1","Uppercut"],"picked":"Shrug It Off+1","floor":45},{"not_picked":["Perfected Strike+1","Reckless Charge"],"picked":"Battle Trance+1","floor":46}],"player_experience":2051453,"relics_obtained":[{"floor":6,"key":"Toxic Egg 2"},{"floor":8,"key":"War Paint"},{"floor":9,"key":"Vajra"},{"floor":14,"key":"Lantern"},{"floor":23,"key":"The Courier"},{"floor":26,"key":"Potion Belt"},{"floor":28,"key":"Omamori"},{"floor":30,"key":"Whetstone"},{"floor":40,"key":"Blood Vial"},{"floor":44,"key":"Pen Nib"}],"event_choices":[{"damage_healed":0,"gold_gain":0,"player_choice":"Success","damage_taken":18,"relics_obtained":["Orichalcum"],"max_hp_gain":0,"max_hp_loss":0,"event_name":"Scrap Ooze","floor":2,"gold_loss":0},{"damage_healed":0,"gold_gain":0,"player_choice":"Paid Gold","damage_taken":0,"relics_obtained":["PreservedInsect"],"max_hp_gain":0,"max_hp_loss":0,"event_name":"WeMeetAgain","floor":3,"gold_loss":88},{"damage_healed":11,"gold_gain":0,"player_choice":"Full Heal","damage_taken":0,"max_hp_gain":0,"max_hp_loss":0,"event_name":"Wheel of Change","floor":19,"gold_loss":0},{"damage_healed":0,"gold_gain":999,"player_choice":"Gold","damage_taken":0,"max_hp_gain":0,"max_hp_loss":0,"event_name":"MindBloom","floor":38,"gold_loss":0,"cards_obtained":["Normality","Normality"]},{"damage_healed":0,"gold_gain":0,"player_choice":"Ignored","damage_taken":0,"max_hp_gain":0,"max_hp_loss":0,"event_name":"Tomb of Lord Red Mask","floor":39,"gold_loss":0},{"damage_healed":0,"gold_gain":0,"player_choice":"Got Potions","damage_taken":0,"max_hp_gain":0,"max_hp_loss":0,"event_name":"Lab","floor":42,"gold_loss":0}],"is_beta":true,"boss_relics":[{"not_picked":["Empty Cage","Black Star"],"picked":"Fusion Hammer"},{"not_picked":["Philosopher\u0027s Stone","Velvet Choker"],"picked":"Eternal Feather"}],"items_purged_floors":[22,41],"is_endless":false,"potions_floor_spawned":[4,5,8,10,12,14,21,24,30,31,33,37,45],"killed_by":"Reptomancer","ascension_level":20}