{"gold_per_floor":[114,129,54,54,54,54,69,84,134,184,184,199,229,129,129,229,229,244,159,174,174,174],"floor_reached":22,"playtime":728,"items_purged":["Strike_G","Defend_R"],"score":184,"play_id":"ee82d4aa-cdd7-4e7d-a1c1-9c4d3240ddda","local_time":"20190815040643","daily_mods":["Chimera","ControlledChaos","Night Terrors"],"is_ascension_mode":false,"campfire_choices":[{"data":"Bash","floor":6,"key":"SMITH"},{"data":"Shrug It Off","floor":11,"key":"SMITH"},{"data":"Zap","floor":15,"key":"SMITH"}],"neow_cost":"","seed_source_timestamp":0,"circlet_count":0,"master_deck":["Bash+1","Survivor","Zap+1","Strike_R+1","Strike_B+1","Defend_G","Defend_B","Shrug It Off+1","Dark Embrace"],"special_seed":18122,"relics":["Burning Blood","Frozen Eye","Blood Vial","Ancient Tea Set","Whetstone","Vajra","Eternal Feather","Letter Opener"],"potions_floor_usage":[],"damage_taken":[{"damage":10,"enemies":"Cultist","floor":1,"turns":4},{"damage":0,"enemies":"2 Louse","floor":2,"turns":2},{"damage":3,"enemies":"Jaw Worm","floor":7,"turns":3},{"damage":2,"enemies":"Blue Slaver","floor":8,"turns":3},{"damage":0,"enemies":"3 Louse","floor":12,"turns":3},{"damage":18,"enemies":"Lagavulin","floor":13,"turns":6},{"damage":36,"enemies":"Slime Boss","floor":16,"turns":9},{"damage":9,"enemies":"Chosen","floor":18,"turns":6},{"damage":47,"enemies":"Shell Parasite","floor":20,"turns":6},{"damage":14,"enemies":"3 Cultists","floor":22,"turns":3}],"seed_played":"4084429554855056004","potions_obtained":[{"floor":2,"key":"FearPotion"},{"floor":8,"key":"Weak Potion"},{"floor":18,"key":"SpeedPotion"}],"is_trial":false,"path_per_floor":["M","M","$","$","?","R","M","M","T","T","R","M","E","$","R","B",null,"M","?","M","?","M"],"character_chosen":"IRONCLAD","items_purchased":[],"campfire_rested":0,"item_purchase_floors":[],"current_hp_per_floor":[76,80,80,80,73,73,78,80,80,80,80,80,68,68,68,40,80,77,77,38,23,11],"gold":174,"neow_bonus":"","is_prod":false,"is_daily":true,"chose_seed":false,"campfire_upgraded":3,"win_rate":0,"timestamp":1565809603,"path_taken":["M","?","?","$","?","R","M","M","T","?","R","M","E","$","R","BOSS","M","?","M","?","M"],"build_version":"2019-07-17","purchased_purges":2,"victory":false,"max_hp_per_floor":[80,80,80,80,80,80,80,80,80,80,80,80,80,80,80,80,80,80,80,80,85,85],"card_choices":[{"not_picked":["Clash","Warcry","Anger"],"picked":"SKIP","floor":1},{"not_picked":["Flex","Ghostly Armor"],"picked":"Shrug It Off","floor":2},{"not_picked":["Blood for Blood","Wild Strike","Infernal Blade"],"picked":"SKIP","floor":7},{"not_picked":["Body Slam","Clothesline","Warcry"],"picked":"SKIP","floor":8},{"not_picked":["Bludgeon","Havoc","Ghostly Armor"],"picked":"SKIP","floor":12},{"not_picked":["Cleave","Clash","Clothesline"],"picked":"SKIP","floor":13},{"not_picked":["Bludgeon","Limit Break"],"picked":"Dark Embrace","floor":16},{"not_picked":["Clothesline","Headbutt","Armaments+1"],"picked":"SKIP","floor":18},{"not_picked":["Ghostly Armor","Whirlwind","Fire Breathing"],"picked":"SKIP","floor":20}],"player_experience":142660,"relics_obtained":[{"floor":9,"key":"Ancient Tea Set"},{"floor":10,"key":"Whetstone"},{"floor":13,"key":"Vajra"}],"event_choices":[{"damage_healed":0,"gold_gain":0,"player_choice":"Success","damage_taken":7,"relics_obtained":["Blood Vial"],"max_hp_gain":0,"max_hp_loss":0,"event_name":"Scrap Ooze","floor":5,"gold_loss":0},{"damage_healed":0,"gold_gain":0,"player_choice":"Obtained Relic","damage_taken":0,"relics_obtained":["Letter Opener"],"max_hp_gain":0,"max_hp_loss":0,"event_name":"Addict","floor":19,"gold_loss":85},{"damage_healed":0,"gold_gain":0,"player_choice":"Shed Blood","damage_taken":20,"max_hp_gain":5,"max_hp_loss":0,"event_name":"Forgotten Altar","floor":21,"gold_loss":0}],"is_beta":false,"boss_relics":[{"not_picked":["Velvet Choker","Lizard Tail"],"picked":"Eternal Feather"}],"items_purged_floors":[3,14],"is_endless":false,"potions_floor_spawned":[2,8,18],"killed_by":"3 Cultists","ascension_level":0}