{"gold_per_floor":[119,119,44,44,54,83,101,127,127,87,87,110,137,137],"floor_reached":14,"playtime":436,"items_purged":["Strike_G"],"score":262,"play_id":"4fa6314c-202e-406b-85f6-b23dd4b38319","local_time":"20190203203722","is_ascension_mode":true,"campfire_choices":[{"data":"Malaise","floor":11,"key":"SMITH"}],"neow_cost":"NONE","seed_source_timestamp":700865417953776,"circlet_count":0,"master_deck":["AscendersBane","Defend_G","Defend_G","Defend_G","Defend_G","Defend_G","Strike_G","Strike_G","Strike_G","Strike_G","Survivor","Neutralize","Deadly Poison","Quick Slash","Malaise+1","Catalyst","Infinite Blades","Poisoned Stab+1"],"relics":["Ring of the Snake","NeowsBlessing","Paper Crane","Dodecahedron","Ornamental Fan","Molten Egg 2","Odd Mushroom","Pen Nib"],"potions_floor_usage":[12],"damage_taken":[{"damage":0,"enemies":"Jaw Worm","floor":1,"turns":1},{"damage":0,"enemies":"2 Louse","floor":5,"turns":2},{"damage":0,"enemies":"Lagavulin","floor":6,"turns":1},{"damage":0,"enemies":"Small Slimes","floor":7,"turns":4},{"damage":32,"enemies":"Gremlin Nob","floor":8,"turns":4},{"damage":0,"enemies":"Looter","floor":10,"turns":4},{"damage":6,"enemies":"The Mushroom Lair","floor":12,"turns":5},{"damage":1,"enemies":"Lagavulin","floor":13,"turns":6},{"damage":15,"enemies":"Lots of Slimes","floor":14,"turns":2}],"seed_played":"-8787106134389129618","potions_obtained":[{"floor":5,"key":"Explosive Potion"},{"floor":12,"key":"Strength Potion"},{"floor":13,"key":"Swift Potion"}],"is_trial":false,"path_per_floor":["M","?","$","?","M","E","M","E","T","M","R","?","E","M"],"character_chosen":"THE_SILENT","items_purchased":[],"campfire_rested":0,"item_purchase_floors":[],"current_hp_per_floor":[59,64,64,53,53,53,53,21,21,21,21,15,14,0],"gold":137,"neow_bonus":"THREE_ENEMY_KILL","is_prod":false,"is_daily":false,"chose_seed":false,"campfire_upgraded":1,"win_rate":0,"timestamp":1549226242,"path_taken":["M","?","$","?","M","E","M","E","T","M","R","?","E","M"],"build_version":"2019-01-23","purchased_purges":1,"victory":false,"max_hp_per_floor":[66,71,71,71,71,71,71,71,71,71,71,71,71,71],"card_choices":[{"not_picked":["Dagger Spray","Choke"],"picked":"Deadly Poison","floor":1},{"not_picked":["Backflip","Outmaneuver"],"picked":"Quick Slash","floor":5},{"not_picked":["Flying Knee","Reflex"],"picked":"Malaise","floor":6},{"not_picked":["Finisher","Slice"],"picked":"Catalyst","floor":7},{"not_picked":["Accuracy","Underhanded Strike"],"picked":"Infinite Blades","floor":8},{"not_picked":["Slice+1","Terror"],"picked":"Poisoned Stab+1","floor":10},{"not_picked":["Distraction","Bullet Time","Prepared"],"picked":"SKIP","floor":13}],"player_experience":1819299,"relics_obtained":[{"floor":6,"key":"Dodecahedron"},{"floor":8,"key":"Ornamental Fan"},{"floor":9,"key":"Molten Egg 2"},{"floor":12,"key":"Odd Mushroom"},{"floor":13,"key":"Pen Nib"}],"event_choices":[{"damage_healed":0,"gold_gain":0,"player_choice":"Donut","damage_taken":0,"max_hp_gain":5,"max_hp_loss":0,"event_name":"Big Fish","floor":2,"gold_loss":0},{"damage_healed":0,"gold_gain":0,"player_choice":"Success","damage_taken":11,"relics_obtained":["Paper Crane"],"max_hp_gain":0,"max_hp_loss":0,"event_name":"Scrap Ooze","floor":4,"gold_loss":0},{"damage_healed":0,"gold_gain":0,"player_choice":"Fought Mushrooms","damage_taken":0,"max_hp_gain":0,"max_hp_loss":0,"event_name":"Mushrooms","floor":12,"gold_loss":0}],"is_beta":true,"boss_relics":[],"items_purged_floors":[3],"is_endless":false,"potions_floor_spawned":[5,12,13],"killed_by":"Lots of Slimes","ascension_level":20}