{"gold_per_floor":[118,133,153,153,50,50,60,78,78,78],"floor_reached":10,"playtime":493,"items_purged":["Strike_G"],"score":120,"play_id":"4fde1558-dae8-4359-89e8-9fb4fa2dc00a","local_time":"20190202211817","is_ascension_mode":true,"campfire_choices":[{"data":"Poisoned Stab","floor":6,"key":"SMITH"}],"neow_cost":"TEN_PERCENT_HP_LOSS","seed_source_timestamp":616863331433957,"circlet_count":0,"master_deck":["AscendersBane","Defend_G","Defend_G","Defend_G","Defend_G","Defend_G","Strike_G","Strike_G","Strike_G","Strike_G","Survivor","Neutralize","Masterful Stab","Cloak And Dagger","Dagger Throw","Poisoned Stab+1","Caltrops","Poisoned Stab"],"relics":["Ring of the Snake","Nunchaku","GremlinMask","Pantograph"],"potions_floor_usage":[],"damage_taken":[{"damage":1,"enemies":"2 Louse","floor":1,"turns":3},{"damage":0,"enemies":"Cultist","floor":2,"turns":5},{"damage":4,"enemies":"Small Slimes","floor":3,"turns":3},{"damage":7,"enemies":"Gremlin Gang","floor":7,"turns":5},{"damage":9,"enemies":"Blue Slaver","floor":8,"turns":4},{"damage":47,"enemies":"3 Sentries","floor":10,"turns":10}],"seed_played":"7245380415239108394","potions_obtained":[{"floor":1,"key":"SteroidPotion"},{"floor":3,"key":"SteroidPotion"}],"is_trial":false,"path_per_floor":["M","M","M","?","$","R","M","M","T","E"],"character_chosen":"THE_SILENT","items_purchased":["Poisoned Stab"],"campfire_rested":0,"item_purchase_floors":[5],"current_hp_per_floor":[58,58,54,54,54,54,47,38,38,0],"gold":78,"neow_bonus":"ONE_RARE_RELIC","is_prod":false,"is_daily":false,"chose_seed":false,"campfire_upgraded":1,"win_rate":0,"timestamp":1549142297,"path_taken":["M","M","M","?","$","R","?","M","T","E"],"build_version":"2019-01-23","purchased_purges":1,"victory":false,"max_hp_per_floor":[60,60,60,60,60,60,60,60,60,60],"card_choices":[{"not_picked":["Quick Slash","Flying Knee"],"picked":"Masterful Stab","floor":1},{"not_picked":["Sucker Punch","Tactician"],"picked":"Cloak And Dagger","floor":2},{"not_picked":["Deflect","Dodge and Roll"],"picked":"Dagger Throw","floor":3},{"not_picked":["Tactician","Escape Plan"],"picked":"Caltrops","floor":7},{"not_picked":["Flying Knee","Blade Dance"],"picked":"Poisoned Stab","floor":8}],"player_experience":1817861,"relics_obtained":[{"floor":9,"key":"Pantograph"}],"event_choices":[{"damage_healed":0,"gold_gain":0,"player_choice":"Trade","damage_taken":0,"relics_obtained":["GremlinMask"],"max_hp_gain":0,"max_hp_loss":0,"event_name":"FaceTrader","floor":4,"gold_loss":0}],"is_beta":true,"boss_relics":[],"items_purged_floors":[5],"is_endless":false,"potions_floor_spawned":[1,3],"killed_by":"3 Sentries","ascension_level":20}