{"gold_per_floor":[15,15,34,57,57,97,122,122,196,196,219,237,275,295,295,393,393,412,327,327,361,35,35,35],"floor_reached":24,"playtime":1099,"items_purged":["Normality"],"score":412,"play_id":"c07d8774-a578-431b-a78b-7cdaac71cc4c","local_time":"20190610152055","is_ascension_mode":true,"campfire_choices":[{"data":"Bash","floor":8,"key":"SMITH"},{"data":"Cleave","floor":10,"key":"SMITH"},{"floor":15,"key":"REST"},{"floor":23,"key":"REST"}],"neow_cost":"NO_GOLD","seed_source_timestamp":772256668265245,"circlet_count":0,"master_deck":["AscendersBane","Strike_R+1","Strike_R","Strike_R","Strike_R","Strike_R","Defend_R","Defend_R+1","Defend_R","Defend_R","Bash+1","Rampage","Iron Wave","Cleave+1","Headbutt","Limit Break","Clothesline","Impervious","Parasite","Doubt","Flame Barrier+1","Spot Weakness+1","Fiend Fire","Feel No Pain"],"relics":["Burning Blood","Magic Flower","Golden Idol","Nunchaku","Sundial","Anchor","Calling Bell","Red Skull","Toxic Egg 2","Shovel","Gremlin Horn","Red Mask"],"potions_floor_usage":[6,12,13,18],"damage_taken":[{"damage":6,"enemies":"Cultist","floor":1,"turns":3},{"damage":14,"enemies":"Jaw Worm","floor":3,"turns":4},{"damage":3,"enemies":"Small Slimes","floor":4,"turns":3},{"damage":32,"enemies":"3 Sentries","floor":6,"turns":7},{"damage":8,"enemies":"3 Louse","floor":7,"turns":2},{"damage":24,"enemies":"Exordium Wildlife","floor":11,"turns":5},{"damage":0,"enemies":"Blue Slaver","floor":12,"turns":3},{"damage":7,"enemies":"Lagavulin","floor":13,"turns":5},{"damage":3,"enemies":"2 Fungi Beasts","floor":14,"turns":3},{"damage":18,"enemies":"Slime Boss","floor":16,"turns":8},{"damage":64,"enemies":"Spheric Guardian","floor":18,"turns":10},{"damage":0,"enemies":"Masked Bandits","floor":21,"turns":2},{"damage":66,"enemies":"Gremlin Leader","floor":24,"turns":4}],"seed_played":"-6271719266062156742","potions_obtained":[{"floor":1,"key":"Regen Potion"},{"floor":7,"key":"AttackPotion"},{"floor":11,"key":"PowerPotion"},{"floor":13,"key":"EssenceOfSteel"},{"floor":16,"key":"FairyPotion"}],"is_trial":false,"path_per_floor":["M","?","M","M","?","E","M","R","T","R","M","M","E","M","R","B",null,"M","?","?","?","$","R","E"],"character_chosen":"IRONCLAD","items_purchased":["Spot Weakness+1","Fiend Fire","Feel No Pain"],"campfire_rested":2,"item_purchase_floors":[22,22,22],"current_hp_per_floor":[71,45,40,46,23,24,25,25,25,25,10,19,21,27,49,40,66,11,11,11,20,20,42,0],"gold":35,"neow_bonus":"ONE_RARE_RELIC","is_prod":false,"is_daily":false,"chose_seed":false,"campfire_upgraded":2,"win_rate":0,"timestamp":1560176455,"path_taken":["M","?","M","M","?","E","M","R","T","R","M","M","E","M","R","BOSS","M","?","?","?","$","R","E"],"build_version":"2019-06-07","purchased_purges":1,"victory":false,"max_hp_per_floor":[75,75,75,75,75,75,75,75,75,75,75,75,75,75,75,75,75,75,75,75,75,75,75,75],"card_choices":[{"not_picked":["Intimidate","Flame Barrier"],"picked":"Rampage","floor":1},{"not_picked":["Body Slam","Havoc"],"picked":"Iron Wave","floor":3},{"not_picked":["Flex","Anger"],"picked":"Cleave","floor":4},{"not_picked":["Flex","Heavy Blade"],"picked":"Headbutt","floor":6},{"not_picked":["Anger","Headbutt"],"picked":"Limit Break","floor":7},{"not_picked":["Flex","Corruption"],"picked":"Clothesline","floor":11},{"not_picked":["Thunderclap","Bludgeon","Headbutt"],"picked":"SKIP","floor":12},{"not_picked":["Anger","Hemokinesis","Cleave"],"picked":"SKIP","floor":13},{"not_picked":["Thunderclap","Heavy Blade","Flex"],"picked":"SKIP","floor":14},{"not_picked":["Exhume","Immolate"],"picked":"Impervious","floor":16},{"not_picked":["Twin Strike","Perfected Strike","Pommel Strike"],"picked":"SKIP","floor":18}],"player_experience":2099571,"relics_obtained":[{"floor":6,"key":"Nunchaku"},{"floor":9,"key":"Sundial"},{"floor":13,"key":"Anchor"},{"floor":17,"key":"Red Skull"},{"floor":17,"key":"Toxic Egg 2"},{"floor":17,"key":"Shovel"},{"floor":21,"key":"Red Mask"}],"event_choices":[{"damage_healed":0,"gold_gain":0,"player_choice":"Take Damage","damage_taken":26,"relics_obtained":["Golden Idol"],"max_hp_gain":0,"max_hp_loss":0,"event_name":"Golden Idol","floor":2,"gold_loss":0},{"damage_healed":0,"gold_gain":0,"player_choice":"Entered Light","damage_taken":23,"max_hp_gain":0,"max_hp_loss":0,"event_name":"Shining Light","floor":5,"gold_loss":0,"cards_upgraded":["Defend_R","Strike_R"]},{"damage_healed":0,"gold_gain":0,"player_choice":"Obtained Relic","damage_taken":0,"relics_obtained":["Gremlin Horn"],"max_hp_gain":0,"max_hp_loss":0,"event_name":"Addict","floor":19,"gold_loss":85},{"damage_healed":0,"gold_gain":0,"player_choice":"Read","damage_taken":0,"max_hp_gain":0,"max_hp_loss":0,"event_name":"The Library","floor":20,"gold_loss":0,"cards_obtained":["Flame Barrier"]},{"damage_healed":0,"gold_gain":0,"player_choice":"Fought Bandits","damage_taken":0,"max_hp_gain":0,"max_hp_loss":0,"event_name":"Masked Bandits","floor":21,"gold_loss":0}],"is_beta":true,"boss_relics":[{"not_picked":["White Beast Statue","Eternal Feather"],"picked":"Calling Bell"}],"items_purged_floors":[22],"is_endless":false,"potions_floor_spawned":[1,7,11,13,16],"killed_by":"Gremlin Leader","ascension_level":20}