{"gold_per_floor":[366,382,382,211,221,251,251,286,286,41,71,86,112,131,131,203,203,220,45,62,62,74,74,407,421,494,494,513,513,23,41,41,119,119,138,56,76,76,95,95,112,112,166,194,213,231,231,260,260,260,260],"floor_reached":52,"playtime":3817,"items_purged":["Strike_B","Strike_B"],"score":2003,"play_id":"897418b1-f7b2-43a7-92e4-16dab99fdabf","local_time":"20181013135331","is_ascension_mode":true,"campfire_choices":[{"data":"Go for the Eyes","floor":7.0,"key":"SMITH"},{"data":"Zap","floor":15.0,"key":"SMITH"},{"data":"Buffer","floor":23.0,"key":"SMITH"},{"data":"Defragment","floor":29.0,"key":"SMITH"},{"data":"Loop","floor":32.0,"key":"SMITH"},{"data":"Defragment","floor":40,"key":"SMITH"},{"data":"Demon Form","floor":42,"key":"SMITH"},{"data":"Coolheaded","floor":47,"key":"SMITH"},{"data":"Coolheaded","floor":49,"key":"SMITH"}],"neow_cost":"TEN_PERCENT_HP_LOSS","seed_source_timestamp":0,"circlet_count":0,"master_deck":["Strike_B","Strike_B","Defend_B","Defend_B","Defend_B","Defend_B","Zap+1","Dualcast","AscendersBane","Coolheaded+1","Ball Lightning","Compile Driver","Melter","Self Repair","Go for the Eyes+1","Sweeping Beam","Conserve Battery","Coolheaded+1","Cold Snap","Buffer+1","Glacier+1","Loop+1","Steam+1","Steam+1","Defragment+1","Ghostly","Ghostly","Ghostly","Ghostly","Ghostly","Demon Form+1","Leap","Defragment+1","Shrug It Off","Apotheosis+1","Shrug It Off+1","Sucker Punch","Crippling Poison+1"],"special_seed":0,"relics":["Cracked Core","Mercury Hourglass","Meat on the Bone","Cables","PreservedInsect","Torii","Question Card","Sozu","Old Coin","Ornamental Fan","PrismaticShard","Centennial Puzzle","Snecko Eye","Bag of Marbles","War Paint","Blue Candle"],"potions_floor_usage":[],"damage_taken":[{"damage":0.0,"enemies":"Cultist","floor":1.0,"turns":3.0},{"damage":5.0,"enemies":"Small Slimes","floor":2.0,"turns":3.0},{"damage":2.0,"enemies":"Jaw Worm","floor":5.0,"turns":3.0},{"damage":21.0,"enemies":"Lagavulin","floor":6.0,"turns":7.0},{"damage":13.0,"enemies":"3 Sentries","floor":8.0,"turns":5.0},{"damage":21.0,"enemies":"Lagavulin","floor":11.0,"turns":4.0},{"damage":11.0,"enemies":"Exordium Wildlife","floor":12.0,"turns":4.0},{"damage":2.0,"enemies":"3 Sentries","floor":13.0,"turns":4.0},{"damage":16.0,"enemies":"Exordium Thugs","floor":14.0,"turns":4.0},{"damage":22.0,"enemies":"Hexaghost","floor":16.0,"turns":11.0},{"damage":18.0,"enemies":"Shell Parasite","floor":18.0,"turns":4.0},{"damage":6.0,"enemies":"2 Thieves","floor":20.0,"turns":4.0},{"damage":0.0,"enemies":"Cultist and Chosen","floor":22.0,"turns":8.0},{"damage":36.0,"enemies":"Gremlin Leader","floor":24.0,"turns":9.0},{"damage":1.0,"enemies":"Centurion and Healer","floor":25.0,"turns":11.0},{"damage":0.0,"enemies":"Chosen and Byrds","floor":28.0,"turns":8.0},{"damage":0.0,"enemies":"Snake Plant","floor":31.0,"turns":6.0},{"damage":2,"enemies":"Automaton","floor":33,"turns":13},{"damage":0,"enemies":"Orb Walker","floor":35,"turns":4},{"damage":0,"enemies":"3 Shapes","floor":37,"turns":6},{"damage":1,"enemies":"Reptomancer","floor":39,"turns":10},{"damage":0,"enemies":"3 Darklings","floor":41,"turns":7},{"damage":0,"enemies":"2 Orb Walkers","floor":44,"turns":6},{"damage":0,"enemies":"Maw","floor":45,"turns":9},{"damage":0,"enemies":"4 Shapes","floor":46,"turns":4},{"damage":0,"enemies":"Giant Head","floor":48,"turns":9},{"damage":16,"enemies":"Donu and Deca","floor":50,"turns":24},{"damage":11,"enemies":"Time Eater","floor":51,"turns":23}],"seed_played":"8248711557750834730","potions_obtained":[{"floor":2.0,"key":"Ancient Potion"},{"floor":6.0,"key":"GamblersBrew"},{"floor":8.0,"key":"Swift Potion"},{"floor":14.0,"key":"Swift Potion"}],"is_trial":false,"path_per_floor":["M","M","?","$","M","E","R","E","T","$","E","M","E","M","R","B",null,"M","$","M","?","M","R","E","M","T","?","M","R","$","M","R","B",null,"M","$","M","?","M","R","M","R","T","E","M","M","R","E","R","B","B"],"character_chosen":"DEFECT","items_purchased":["Compile Driver","Melter","Self Repair","PreservedInsect","Glacier","Loop","PrismaticShard","Centennial Puzzle","Defragment"],"campfire_rested":0,"item_purchase_floors":[4,4,4,10,19,19,30,30,36],"current_hp_per_floor":[64,59,59,59,57,43,43,37,37,37,35,43,41,37,37,34,57,46,46,40,40,47,47,30,48,48,32,32,32,32,32,32,32,32,32,32,32,22,31,31,31,31,31,31,32,32,32,32,32,32,31],"gold":260,"neow_bonus":"TWO_FIFTY_GOLD","is_prod":false,"is_daily":false,"chose_seed":false,"campfire_upgraded":9,"win_rate":0,"timestamp":1539435211,"path_taken":["M","M","?","$","M","E","R","E","T","$","E","?","E","M","R","BOSS","M","$","M","?","M","R","E","M","T","?","?","R","$","M","R","BOSS","M","$","?","?","M","R","M","R","T","E","M","M","R","E","R","BOSS","BOSS"],"build_version":"2018-10-11","purchased_purges":2,"victory":true,"max_hp_per_floor":[64,64,64,64,64,64,64,64,64,64,64,64,64,64,64,64,64,64,64,64,64,64,64,64,64,64,32,32,32,32,32,32,32,32,32,32,32,32,32,32,32,32,32,32,32,32,32,32,32,32,32],"card_choices":[{"not_picked":["Turbo","Beam Cell"],"picked":"Coolheaded","floor":1.0},{"not_picked":["Barrage","Capacitor"],"picked":"Ball Lightning","floor":2.0},{"not_picked":["Leap","Conserve Battery"],"picked":"Go for the Eyes","floor":5.0},{"not_picked":["Scrape","Steam Power"],"picked":"Sweeping Beam","floor":6.0},{"not_picked":["Heatsinks","Static Discharge","Chill"],"picked":"SKIP","floor":8.0},{"not_picked":["Turbo","Beam Cell","Recycle"],"picked":"SKIP","floor":11.0},{"not_picked":["Leap","Barrage"],"picked":"Conserve Battery","floor":12.0},{"not_picked":["Streamline","Ball Lightning"],"picked":"Coolheaded","floor":13.0},{"not_picked":["Darkness","Stack","Recycle"],"picked":"Cold Snap","floor":14.0},{"not_picked":["Creative AI","Machine Learning","Amplify"],"picked":"Buffer","floor":16.0},{"not_picked":["Sweeping Beam","Ball Lightning","Coolheaded","Storm"],"picked":"SKIP","floor":18.0},{"not_picked":["Coolheaded","Skim","Loop","Double Energy"],"picked":"SKIP","floor":20.0},{"not_picked":["Leap","Ball Lightning","Force Field"],"picked":"Steam+1","floor":22.0},{"not_picked":["Meteor Strike","Aggregate","Double Energy"],"picked":"Steam+1","floor":24.0},{"not_picked":["Rebound","Melter","Hologram+1"],"picked":"Defragment","floor":25.0},{"not_picked":["Conserve Battery","Redo+1","Beam Cell+1","Genetic Algorithm"],"picked":"SKIP","floor":28.0},{"not_picked":["Eviscerate","Heatsinks","Dagger Spray","Prepared"],"picked":"SKIP","floor":31.0},{"not_picked":["Unload","Biased Cognition","Offering"],"picked":"Demon Form","floor":33},{"not_picked":["Deflect+1","Perfected Strike","Dramatic Entrance"],"picked":"Leap","floor":35},{"not_picked":["Tactician+1","Second Wind+1","Heavy Blade"],"picked":"Shrug It Off","floor":37},{"not_picked":["Discovery","Panacea","The Bomb"],"picked":"Apotheosis","floor":38},{"not_picked":["Warcry","Chaos","Tempest+1","Impatience"],"picked":"SKIP","floor":39},{"not_picked":["Blind+1","Self Repair","Bouncing Flask+1"],"picked":"Shrug It Off+1","floor":41},{"not_picked":["Quick Slash","Tactician","Cloak And Dagger"],"picked":"Sucker Punch","floor":44},{"not_picked":["Escape Plan","Backstab+1","White Noise"],"picked":"Crippling Poison+1","floor":45},{"not_picked":["Go for the Eyes","Havoc","Pommel Strike","Bouncing Flask"],"picked":"SKIP","floor":46},{"not_picked":["Sucker Punch+1","Flash of Steel","Sucker Punch","Envenom"],"picked":"SKIP","floor":48}],"player_experience":1458067,"relics_obtained":[{"floor":6.0,"key":"Mercury Hourglass"},{"floor":8.0,"key":"Meat on the Bone"},{"floor":9.0,"key":"Cables"},{"floor":11.0,"key":"Torii"},{"floor":13.0,"key":"Question Card"},{"floor":24.0,"key":"Old Coin"},{"floor":26.0,"key":"Ornamental Fan"},{"floor":43,"key":"Bag of Marbles"},{"floor":44,"key":"War Paint"},{"floor":48,"key":"Blue Candle"}],"event_choices":[{"event_name":"Match and Keep!","player_choice":"0 cards matched","floor":3.0,"damage_taken":0.0},{"event_name":"Vampires","player_choice":"Ignored","floor":21.0,"damage_taken":0.0},{"event_name":"Ghosts","player_choice":"Became a Ghost","floor":27.0,"damage_taken":0.0},{"event_name":"SensoryStone","player_choice":"Memory 3","floor":38,"damage_taken":0}],"is_beta":true,"boss_relics":[{"not_picked":["Ectoplasm","Inserter"],"picked":"Sozu"},{"not_picked":["Nuclear Battery","Black Star"],"picked":"Snecko Eye"}],"items_purged_floors":[10,30],"is_endless":false,"potions_floor_spawned":[2,6,8,14,16,18,24,25,31,33,35,37,41,45],"ascension_level":20}