{"gold_per_floor":[115,131,144,144,144,170,170,201,201,201,201,221,239,270,270,364,364,379,410,430,8,31,31,67,67,67,82,31,46,79,104,104,203,203,228,228,587,477,498,498,522,556,580,802,802,18,18,54,54,54,54],"floor_reached":52,"playtime":3077,"items_purged":["Strike_B","Strike_B"],"score":1911,"play_id":"b71907ea-1e73-409a-b97e-f018869bfe6a","local_time":"20181029223303","is_ascension_mode":true,"campfire_choices":[{"floor":7.0,"key":"REST"},{"data":"Zap","floor":10.0,"key":"SMITH"},{"floor":15.0,"key":"REST"},{"data":"Defragment","floor":23.0,"key":"SMITH"},{"data":"Sweeping Beam","floor":25.0,"key":"SMITH"},{"data":"Echo Form","floor":32.0,"key":"SMITH"},{"floor":40.0,"key":"REST"},{"floor":47,"key":"REST"},{"floor":49,"key":"REST"}],"neow_cost":"NONE","seed_source_timestamp":0,"circlet_count":0,"master_deck":["Strike_B+1","Defend_B","Defend_B","Defend_B","Defend_B","Zap+1","Dualcast+1","AscendersBane","Sweeping Beam+1","Compile Driver+1","Go for the Eyes+1","Self Repair","Reinforced Body+1","FTL+1","Defragment+1","Gash+1","Echo Form+1","Sweeping Beam+1","Glacier+1","Genetic Algorithm+1","Compile Driver+1","Beam Cell+1","Compile Driver+1","FTL+1","Glacier+1"],"special_seed":0,"relics":["Cracked Core","NeowsBlessing","Emotion Chip","Molten Egg 2","Toxic Egg 2","Shuriken","Golden Idol","Incense Burner","Busted Crown","Red Mask","Lee\u0027s Waffle","Singing Bowl","Frozen Egg 2","Centennial Puzzle","White Beast Statue","Old Coin","The Courier","Juzu Bracelet","Ancient Tea Set","Whetstone","Regal Pillow","Pear","Strange Spoon","Matryoshka"],"potions_floor_usage":[41,42,51],"damage_taken":[{"damage":0.0,"enemies":"Cultist","floor":1.0,"turns":1.0},{"damage":0.0,"enemies":"2 Louse","floor":2.0,"turns":1.0},{"damage":0.0,"enemies":"Small Slimes","floor":3.0,"turns":1.0},{"damage":40.0,"enemies":"3 Sentries","floor":6.0,"turns":6.0},{"damage":22.0,"enemies":"Lagavulin","floor":8.0,"turns":8.0},{"damage":0.0,"enemies":"Looter","floor":12.0,"turns":3.0},{"damage":2.0,"enemies":"Exordium Thugs","floor":13.0,"turns":4.0},{"damage":26.0,"enemies":"Gremlin Nob","floor":14.0,"turns":4.0},{"damage":14.0,"enemies":"Slime Boss","floor":16.0,"turns":10.0},{"damage":13.0,"enemies":"3 Byrds","floor":18.0,"turns":5.0},{"damage":42.0,"enemies":"Masked Bandits","floor":19.0,"turns":5.0},{"damage":11.0,"enemies":"Shell Parasite","floor":20.0,"turns":5.0},{"damage":9.0,"enemies":"Cultist and Chosen","floor":22.0,"turns":6.0},{"damage":10.0,"enemies":"Slavers","floor":24.0,"turns":5.0},{"damage":13.0,"enemies":"Centurion and Healer","floor":27.0,"turns":8.0},{"damage":8.0,"enemies":"3 Cultists","floor":29.0,"turns":4.0},{"damage":15.0,"enemies":"Gremlin Leader","floor":30.0,"turns":6.0},{"damage":9.0,"enemies":"Sentry and Sphere","floor":31.0,"turns":5.0},{"damage":38.0,"enemies":"Collector","floor":33.0,"turns":7.0},{"damage":17.0,"enemies":"Orb Walker","floor":35.0,"turns":3.0},{"damage":42.0,"enemies":"2 Orb Walkers","floor":37.0,"turns":5.0},{"damage":19.0,"enemies":"3 Darklings","floor":39.0,"turns":3.0},{"damage":10,"enemies":"Writhing Mass","floor":41,"turns":7},{"damage":6,"enemies":"Giant Head","floor":42,"turns":6},{"damage":22,"enemies":"Nemesis","floor":48,"turns":9},{"damage":35,"enemies":"Donu and Deca","floor":50,"turns":11},{"damage":70,"enemies":"Time Eater","floor":51,"turns":16}],"seed_played":"935203774001004180","potions_obtained":[{"floor":3.0,"key":"SpeedPotion"},{"floor":12.0,"key":"Regen Potion"},{"floor":13.0,"key":"LiquidBronze"},{"floor":19.0,"key":"SmokeBomb"},{"floor":29.0,"key":"SteroidPotion"},{"floor":35.0,"key":"PowerPotion"},{"floor":37.0,"key":"AttackPotion"},{"floor":39.0,"key":"FearPotion"},{"floor":41,"key":"GamblersBrew"},{"floor":42,"key":"SteroidPotion"}],"is_trial":false,"path_per_floor":["M","M","M","?","?","E","R","E","T","R","?","M","M","E","R","B",null,"M","?","M","$","M","R","E","R","T","M","$","M","E","M","R","B",null,"M","?","?","?","M","R","M","E","T","?","T","$","R","E","R","B","B"],"character_chosen":"DEFECT","items_purchased":["Lee\u0027s Waffle","Glacier+1","Genetic Algorithm+1","Compile Driver+1","Glacier+1","Whetstone","Regal Pillow","Pear","Strange Spoon","SpeedPotion"],"campfire_rested":5,"item_purchase_floors":[21,21,21,28,46,46,46,46,46,46],"current_hp_per_floor":[64,64,64,59,59,19,40,25,25,25,25,32,30,11,30,38,58,52,17,13,71,71,71,70,70,70,71,71,72,66,73,73,44,72,57,57,22,22,12,37,36,46,46,46,46,56,99,86,101,73,10],"gold":54,"neow_bonus":"THREE_ENEMY_KILL","is_prod":false,"is_daily":false,"chose_seed":false,"campfire_upgraded":4,"win_rate":0,"timestamp":1540852383,"path_taken":["M","?","M","?","?","E","R","E","T","R","?","?","M","E","R","BOSS","M","?","?","$","M","R","E","R","T","M","?","M","E","M","R","BOSS","M","?","?","?","?","R","M","E","T","?","?","$","R","E","R","BOSS","BOSS"],"build_version":"2018-10-29","purchased_purges":2,"victory":true,"max_hp_per_floor":[71,71,71,71,71,71,71,71,71,71,64,64,64,64,64,64,64,64,64,64,71,71,71,73,73,73,73,73,75,77,79,79,81,81,83,83,83,83,85,85,87,89,89,89,89,99,99,101,101,101,101],"card_choices":[{"not_picked":["Go for the Eyes","Reinforced Body"],"picked":"Sweeping Beam","floor":1.0},{"not_picked":["Leap","Coolheaded"],"picked":"Compile Driver","floor":2.0},{"not_picked":["Leap","Tempest"],"picked":"Go for the Eyes","floor":3.0},{"not_picked":["Compile Driver","Darkness"],"picked":"Self Repair","floor":6.0},{"not_picked":["Ball Lightning+1","Reprogram"],"picked":"Reinforced Body","floor":8.0},{"not_picked":["Sunder+1","Fission+1"],"picked":"FTL+1","floor":12.0},{"not_picked":["Go for the Eyes+1","Capacitor"],"picked":"Defragment","floor":13.0},{"not_picked":["Chill+1","BootSequence+1"],"picked":"Gash+1","floor":14.0},{"not_picked":["Fission+1","Creative AI"],"picked":"Echo Form","floor":16.0},{"not_picked":[],"picked":"Sweeping Beam+1","floor":18.0},{"not_picked":["Ball Lightning+1"],"picked":"SKIP","floor":20.0},{"not_picked":[],"picked":"Compile Driver+1","floor":22.0},{"not_picked":["Skim+1"],"picked":"Singing Bowl","floor":24.0},{"not_picked":[],"picked":"Beam Cell+1","floor":27.0},{"not_picked":["Tempest+1"],"picked":"Singing Bowl","floor":29.0},{"not_picked":["Turbo+1"],"picked":"Singing Bowl","floor":30.0},{"not_picked":["Sweeping Beam+1"],"picked":"Singing Bowl","floor":31.0},{"not_picked":["Multi-Cast+1"],"picked":"Singing Bowl","floor":33.0},{"not_picked":["Gash+1"],"picked":"Singing Bowl","floor":35.0},{"not_picked":[],"picked":"FTL+1","floor":37.0},{"not_picked":["Sweeping Beam+1"],"picked":"Singing Bowl","floor":39.0},{"not_picked":["Tempest+1"],"picked":"Singing Bowl","floor":41},{"not_picked":["Chill+1"],"picked":"Singing Bowl","floor":42},{"not_picked":["Force Field+1"],"picked":"Singing Bowl","floor":48}],"player_experience":1569532,"relics_obtained":[{"floor":6.0,"key":"Molten Egg 2"},{"floor":8.0,"key":"Toxic Egg 2"},{"floor":9.0,"key":"Shuriken"},{"floor":14.0,"key":"Incense Burner"},{"floor":19.0,"key":"Red Mask"},{"floor":24.0,"key":"Singing Bowl"},{"floor":26.0,"key":"Frozen Egg 2"},{"floor":30.0,"key":"Centennial Puzzle"},{"floor":37.0,"key":"Old Coin"},{"floor":42,"key":"The Courier"},{"floor":43,"key":"Juzu Bracelet"},{"floor":45,"key":"Ancient Tea Set"},{"floor":48,"key":"Matryoshka"}],"event_choices":[{"damage_healed":0.0,"max_hp_gain":0.0,"max_hp_loss":0.0,"gold_gain":0.0,"event_name":"Scrap Ooze","player_choice":"Success","floor":4.0,"gold_loss":0.0,"damage_taken":5.0,"relics_obtained":["Emotion Chip"]},{"damage_healed":0.0,"max_hp_gain":0.0,"max_hp_loss":0.0,"gold_gain":0.0,"event_name":"Living Wall","player_choice":"Grow","floor":5.0,"gold_loss":0.0,"damage_taken":0.0,"cards_upgraded":["Go for the Eyes"]},{"damage_healed":0.0,"max_hp_gain":0.0,"max_hp_loss":7.0,"gold_gain":0.0,"event_name":"Golden Idol","player_choice":"Lose Max HP","floor":11.0,"gold_loss":0.0,"damage_taken":0.0,"relics_obtained":["Golden Idol"]},{"damage_healed":0.0,"max_hp_gain":0.0,"max_hp_loss":0.0,"gold_gain":0.0,"event_name":"Masked Bandits","player_choice":"Fought Bandits","floor":19.0,"gold_loss":0.0,"damage_taken":0.0},{"damage_healed":0.0,"max_hp_gain":0.0,"max_hp_loss":0.0,"gold_gain":0.0,"event_name":"Match and Keep!","player_choice":"0 cards matched","floor":36.0,"gold_loss":0.0,"damage_taken":0.0,"cards_obtained":[]},{"damage_healed":0.0,"max_hp_gain":0.0,"max_hp_loss":0.0,"gold_gain":0.0,"event_name":"Mysterious Sphere","player_choice":"Fight","floor":37.0,"gold_loss":0.0,"damage_taken":0.0},{"cards_removed":["Strike_B"],"damage_healed":0.0,"max_hp_gain":0.0,"max_hp_loss":0.0,"gold_gain":0.0,"event_name":"Designer","player_choice":"Upgrade and Remove","floor":38.0,"gold_loss":110.0,"damage_taken":0.0,"cards_upgraded":["Dualcast"]},{"damage_healed":0,"gold_gain":222,"player_choice":"Wore Mask","damage_taken":0,"max_hp_gain":0,"max_hp_loss":0,"event_name":"Tomb of Lord Red Mask","floor":44,"gold_loss":0}],"is_beta":true,"boss_relics":[{"not_picked":["Eternal Feather","FrozenCore"],"picked":"Busted Crown"},{"not_picked":["Coffee Dripper","Velvet Choker"],"picked":"White Beast Statue"}],"items_purged_floors":[21,46],"is_endless":false,"potions_floor_spawned":[3,12,13,19,22,24,29,35,37,39,41,42,48],"ascension_level":20}