{"gold_per_floor":[118,83,8,8,8,51,51,51,122,147,160,160,173,27,27,27],"floor_reached":16,"playtime":350,"items_purged":["Strike_R"],"score":172,"play_id":"f849f9fd-896f-4e16-9e6f-42b03fcd34b5","local_time":"20190824081218","is_ascension_mode":true,"campfire_choices":[{"floor":7,"key":"REST"},{"data":"Fiend Fire","floor":12,"key":"SMITH"},{"floor":15,"key":"REST"}],"neow_cost":"NONE","seed_source_timestamp":185742101922600,"circlet_count":0,"master_deck":["AscendersBane","Strike_R","Strike_R","Defend_R","Defend_R","Defend_R","Defend_R","Bash+1","Power Through","Feel No Pain","Fiend Fire+1","Blood for Blood","Cleave","Twin Strike","Spot Weakness","Impervious"],"relics":["Mark of Pain","Golden Idol","Centennial Puzzle","Bottled Lightning"],"potions_floor_usage":[],"damage_taken":[{"damage":5,"enemies":"Small Slimes","floor":1,"turns":3},{"damage":33,"enemies":"Gremlin Nob","floor":6,"turns":5},{"damage":7,"enemies":"2 Louse","floor":10,"turns":3},{"damage":0,"enemies":"Cultist","floor":11,"turns":3},{"damage":3,"enemies":"3 Louse","floor":13,"turns":4},{"damage":56,"enemies":"The Guardian","floor":16,"turns":6}],"seed_played":"4122775660171552002","potions_obtained":[{"floor":6,"key":"FairyPotion"}],"is_trial":false,"path_per_floor":["M","$","?","?","?","E","R","?","T","M","M","R","M","$","R","B"],"character_chosen":"IRONCLAD","items_purchased":["Feel No Pain","Impervious"],"campfire_rested":2,"item_purchase_floors":[2,14],"current_hp_per_floor":[63,63,63,63,37,4,26,26,26,19,19,19,16,16,38,0],"gold":27,"neow_bonus":"BOSS_RELIC","is_prod":false,"is_daily":false,"chose_seed":false,"campfire_upgraded":1,"win_rate":0,"timestamp":1566601938,"path_taken":["M","$","?","?","?","E","R","?","T","?","M","R","M","$","R","BOSS"],"build_version":"2019-07-17","purchased_purges":1,"victory":false,"max_hp_per_floor":[75,75,75,75,75,75,75,75,75,75,75,75,75,75,75,75],"card_choices":[{"not_picked":["Flex","Heavy Blade"],"picked":"Power Through","floor":1},{"not_picked":["Body Slam","Entrench"],"picked":"Fiend Fire","floor":6},{"not_picked":["Body Slam","Flex"],"picked":"Cleave","floor":10},{"not_picked":["Corruption","Sword Boomerang"],"picked":"Twin Strike","floor":11},{"not_picked":["Havoc","Clothesline"],"picked":"Spot Weakness","floor":13}],"player_experience":191883,"relics_obtained":[{"floor":6,"key":"Centennial Puzzle"},{"floor":9,"key":"Bottled Lightning"}],"event_choices":[{"cards_removed":["Strike_R"],"damage_healed":0,"gold_gain":0,"player_choice":"Card Removal","damage_taken":0,"max_hp_gain":0,"max_hp_loss":0,"event_name":"The Cleric","floor":3,"gold_loss":75},{"damage_healed":0,"gold_gain":0,"player_choice":"Grow","damage_taken":0,"max_hp_gain":0,"max_hp_loss":0,"event_name":"Living Wall","floor":4,"gold_loss":0,"cards_upgraded":["Bash"]},{"damage_healed":0,"gold_gain":0,"player_choice":"Take Damage","damage_taken":26,"relics_obtained":["Golden Idol"],"max_hp_gain":0,"max_hp_loss":0,"event_name":"Golden Idol","floor":5,"gold_loss":0},{"damage_healed":0,"gold_gain":0,"cards_transformed":["Strike_R"],"player_choice":"Transformed","damage_taken":0,"max_hp_gain":0,"max_hp_loss":0,"event_name":"Transmorgrifier","floor":8,"gold_loss":0,"cards_obtained":["Blood for Blood"]}],"is_beta":false,"boss_relics":[],"items_purged_floors":[14],"is_endless":false,"potions_floor_spawned":[6],"killed_by":"The Guardian","ascension_level":15}