{"gold_per_floor":[113,188,55,55,55,86,86,121,148,148,169,169,202,221,221,311,311,335,350,350,375,67,67,101,101,127,127,42,82,82],"floor_reached":30,"playtime":832,"items_purged":["Strike_R","Strike_R"],"score":664,"play_id":"2c3cd441-2026-47f7-ad65-2cda23cae052","local_time":"20190711023419","is_ascension_mode":true,"campfire_choices":[{"data":"Bash","floor":7,"key":"SMITH"},{"data":"Rampage","floor":10,"key":"SMITH"},{"data":"Cleave","floor":12,"key":"SMITH"},{"data":"Thunderclap","floor":15,"key":"SMITH"},{"floor":23,"key":"REST"},{"floor":25,"key":"REST"},{"floor":27,"key":"REST"}],"neow_cost":"NONE","seed_source_timestamp":117257352707840,"circlet_count":0,"master_deck":["AscendersBane","Strike_R","Strike_R","Defend_R","Defend_R","Defend_R","Defend_R","Bash+1","Shrug It Off","Headbutt","Rampage+1","Cleave+1","Thunderclap+1","Feed","Uppercut","Metallicize","Sword Boomerang+1","Shockwave","Master of Strategy","Reaper+1"],"relics":["Burning Blood","NeowsBlessing","Golden Idol","Anchor","Mercury Hourglass","Oddly Smooth Stone","Kunai","Orrery","Molten Egg 2","Potion Belt","Dream Catcher","Mummified Hand"],"potions_floor_usage":[13,19,24,29],"damage_taken":[{"damage":0,"enemies":"Small Slimes","floor":1,"turns":1},{"damage":0,"enemies":"3 Sentries","floor":6,"turns":2},{"damage":0,"enemies":"Gremlin Nob","floor":8,"turns":1},{"damage":0,"enemies":"Jaw Worm","floor":11,"turns":2},{"damage":12,"enemies":"3 Sentries","floor":13,"turns":4},{"damage":0,"enemies":"2 Louse","floor":14,"turns":2},{"damage":24,"enemies":"Slime Boss","floor":16,"turns":7},{"damage":24,"enemies":"Shell Parasite","floor":18,"turns":10},{"damage":0,"enemies":"Chosen","floor":19,"turns":3},{"damage":37,"enemies":"3 Cultists","floor":21,"turns":4},{"damage":39,"enemies":"Slavers","floor":24,"turns":5},{"damage":60,"enemies":"Book of Stabbing","floor":29,"turns":6},{"damage":19,"enemies":"Snake Plant","floor":30,"turns":4}],"seed_played":"-5526790093189064902","potions_obtained":[{"floor":1,"key":"LiquidBronze"},{"floor":11,"key":"AttackPotion"},{"floor":13,"key":"Swift Potion"},{"floor":14,"key":"Fire Potion"},{"floor":21,"key":"AttackPotion"},{"floor":29,"key":"Swift Potion"}],"is_trial":false,"path_per_floor":["M","?","$","?","?","E","R","E","T","R","M","R","E","M","R","B",null,"M","M","?","M","$","R","E","R","T","R","?","E","M"],"character_chosen":"IRONCLAD","items_purchased":["Shrug It Off","Master of Strategy"],"campfire_rested":3,"item_purchase_floors":[3,22],"current_hp_per_floor":[74,63,63,63,56,62,62,68,68,68,68,68,62,68,68,50,64,49,58,58,30,30,53,20,43,43,66,66,12,0],"gold":82,"neow_bonus":"THREE_ENEMY_KILL","is_prod":false,"is_daily":false,"chose_seed":false,"campfire_upgraded":4,"win_rate":0,"timestamp":1562808859,"path_taken":["M","?","$","?","?","E","R","E","T","R","M","R","E","M","R","BOSS","M","M","?","M","$","R","E","R","T","R","?","E","M"],"build_version":"2019-07-03","purchased_purges":2,"victory":false,"max_hp_per_floor":[75,75,75,68,68,68,68,68,68,68,68,68,68,68,68,68,68,71,74,74,77,77,77,77,77,77,77,77,77,77],"card_choices":[{"not_picked":["Entrench","Perfected Strike","Havoc"],"picked":"SKIP","floor":1},{"not_picked":["Ghostly Armor","Pummel"],"picked":"Headbutt","floor":6},{"not_picked":["Perfected Strike","Shockwave"],"picked":"Rampage","floor":8},{"not_picked":["Burning Pact","Body Slam"],"picked":"Cleave","floor":11},{"not_picked":["Perfected Strike","Wild Strike","Searing Blow"],"picked":"SKIP","floor":13},{"not_picked":["Armaments","Havoc"],"picked":"Thunderclap","floor":14},{"not_picked":["Brutality","Bludgeon"],"picked":"Feed","floor":16},{"not_picked":["Dual Wield","Wild Strike"],"picked":"Uppercut","floor":17},{"not_picked":["Burning Pact","Warcry"],"picked":"Metallicize","floor":17},{"not_picked":["Wild Strike","Blood for Blood"],"picked":"Sword Boomerang+1","floor":18},{"not_picked":["Burning Pact","Entrench","Dropkick"],"picked":"SKIP","floor":19},{"not_picked":["Infernal Blade","Metallicize"],"picked":"Shockwave","floor":21},{"not_picked":["Carnage","Perfected Strike","Cleave+1"],"picked":"SKIP","floor":24},{"not_picked":["Body Slam+1","Havoc"],"picked":"Reaper+1","floor":29}],"player_experience":2188978,"relics_obtained":[{"floor":6,"key":"Anchor"},{"floor":8,"key":"Mercury Hourglass"},{"floor":9,"key":"Oddly Smooth Stone"},{"floor":13,"key":"Kunai"},{"floor":24,"key":"Molten Egg 2"},{"floor":26,"key":"Potion Belt"},{"floor":29,"key":"Mummified Hand"}],"event_choices":[{"damage_healed":0,"gold_gain":75,"player_choice":"Gather Gold","damage_taken":11,"max_hp_gain":0,"max_hp_loss":0,"event_name":"World of Goop","floor":2,"gold_loss":0},{"damage_healed":0,"gold_gain":0,"player_choice":"Lose Max HP","damage_taken":0,"relics_obtained":["Golden Idol"],"max_hp_gain":0,"max_hp_loss":7,"event_name":"Golden Idol","floor":4,"gold_loss":0},{"cards_removed":["Strike_R"],"damage_healed":0,"gold_gain":0,"player_choice":"Card Removal","damage_taken":7,"max_hp_gain":0,"max_hp_loss":0,"event_name":"Golden Wing","floor":5,"gold_loss":0},{"damage_healed":0,"gold_gain":0,"player_choice":"Ignored","damage_taken":0,"max_hp_gain":0,"max_hp_loss":0,"event_name":"The Mausoleum","floor":20,"gold_loss":0},{"damage_healed":0,"gold_gain":0,"player_choice":"Obtained Relic","damage_taken":0,"relics_obtained":["Dream Catcher"],"max_hp_gain":0,"max_hp_loss":0,"event_name":"Addict","floor":28,"gold_loss":85}],"is_beta":true,"boss_relics":[{"not_picked":["Empty Cage","Lizard Tail"],"picked":"Orrery"}],"items_purged_floors":[3,22],"is_endless":false,"potions_floor_spawned":[1,11,13,14,21,29],"killed_by":"Snake Plant","ascension_level":20}