{"gold_per_floor":[110,129,140,140,156,184,198,198,221,253,267,329,329,45,45,140,140,159,146,181,193,2,2,36,36,63,63,81,81,94,113,113,113],"floor_reached":33,"playtime":2287,"items_purged":[],"score":293,"play_id":"acc3b2f8-7ff6-484e-9d1d-0c854a788b55","local_time":"20190628212606","is_ascension_mode":true,"campfire_choices":[{"floor":15,"key":"REST"},{"data":"Infinite Blades","floor":23,"key":"SMITH"},{"floor":29,"key":"REST"},{"floor":32,"key":"REST"}],"neow_cost":"NONE","seed_source_timestamp":213095578011100,"circlet_count":0,"master_deck":["Defend_G","Defend_G","Defend_G","Defend_G","Defend_G","Strike_G","Strike_G","Survivor","Neutralize+1","Backstab","Finisher","Blade Dance","Blade Dance","Infinite Blades+1","Poisoned Stab","Flying Knee","Cloak And Dagger","Storm of Steel","Dagger Spray+1","Predator+1","Night Terror+1","Blade Dance","Skewer+1","Phantasmal Killer","Quick Slash","Metamorphosis","Dagger Throw","RitualDagger","Quick Slash","Expertise","Slice+1"],"relics":["Ring of the Snake","NeowsBlessing","FaceOfCleric","Pen Nib","Whetstone","Sling","Astrolabe","Red Mask","Lantern","Potion Belt"],"potions_floor_usage":[6,6,16,16,21,24,28,28,33],"damage_taken":[{"damage":0,"enemies":"Small Slimes","floor":1,"turns":1},{"damage":0,"enemies":"Cultist","floor":2,"turns":1},{"damage":0,"enemies":"2 Louse","floor":3,"turns":1},{"damage":6,"enemies":"Large Slime","floor":5,"turns":7},{"damage":26,"enemies":"Lagavulin","floor":6,"turns":6},{"damage":3,"enemies":"3 Louse","floor":7,"turns":3},{"damage":22,"enemies":"3 Sentries","floor":10,"turns":7},{"damage":3,"enemies":"Red Slaver","floor":11,"turns":2},{"damage":37,"enemies":"Slime Boss","floor":16,"turns":7},{"damage":0,"enemies":"3 Byrds","floor":18,"turns":3},{"damage":13,"enemies":"2 Thieves","floor":19,"turns":4},{"damage":15,"enemies":"Masked Bandits","floor":20,"turns":5},{"damage":6,"enemies":"3 Cultists","floor":21,"turns":5},{"damage":5,"enemies":"Gremlin Leader","floor":24,"turns":5},{"damage":29,"enemies":"Sentry and Sphere","floor":28,"turns":7},{"damage":26,"enemies":"Snake Plant","floor":30,"turns":3},{"damage":16,"enemies":"Centurion and Healer","floor":31,"turns":5},{"damage":48,"enemies":"Champ","floor":33,"turns":5}],"seed_played":"-4786098941480568491","potions_obtained":[{"floor":2,"key":"Energy Potion"},{"floor":3,"key":"Swift Potion"},{"floor":7,"key":"SpeedPotion"},{"floor":11,"key":"Regen Potion"},{"floor":16,"key":"LiquidBronze"},{"floor":20,"key":"Block Potion"},{"floor":21,"key":"EssenceOfSteel"},{"floor":24,"key":"PowerPotion"}],"is_trial":false,"path_per_floor":["M","M","M","?","M","E","M","$","T","E","M","?","?","$","R","B",null,"M","M","?","M","$","R","E","?","T","?","M","R","M","M","R","B"],"character_chosen":"THE_SILENT","items_purchased":["Sling","Regen Potion","Metamorphosis"],"campfire_rested":3,"item_purchase_floors":[14,14,22],"current_hp_per_floor":[70,70,70,70,65,40,38,38,38,17,15,15,15,15,37,16,76,77,65,51,46,46,46,42,36,36,36,23,47,22,7,32,0],"gold":113,"neow_bonus":"THREE_ENEMY_KILL","is_prod":false,"is_daily":false,"chose_seed":false,"campfire_upgraded":1,"win_rate":0,"timestamp":1561724766,"path_taken":["M","M","M","?","?","E","M","?","T","E","M","?","?","$","R","BOSS","M","M","?","M","$","R","E","?","T","?","M","R","?","M","R","BOSS"],"build_version":"2019-01-23","purchased_purges":0,"victory":false,"max_hp_per_floor":[70,70,70,70,71,72,73,73,73,74,75,75,75,75,75,76,76,77,78,79,80,80,80,81,81,81,81,82,82,83,84,84,84],"card_choices":[{"not_picked":["Prepared","Footwork"],"picked":"Backstab","floor":1},{"not_picked":["Deadly Poison","Poisoned Stab"],"picked":"Finisher","floor":2},{"not_picked":["Dagger Spray","Deflect"],"picked":"Blade Dance","floor":3},{"not_picked":["Distraction","Endless Agony"],"picked":"Blade Dance","floor":5},{"not_picked":["Riddle With Holes","Acrobatics"],"picked":"Infinite Blades","floor":6},{"not_picked":["Night Terror","Reflex"],"picked":"Poisoned Stab","floor":7},{"not_picked":["Deflect","Finisher"],"picked":"Flying Knee","floor":10},{"not_picked":["Poisoned Stab","Bane"],"picked":"Cloak And Dagger","floor":11},{"not_picked":["A Thousand Cuts","Die Die Die"],"picked":"Storm of Steel","floor":16},{"not_picked":["Deadly Poison","Distraction"],"picked":"Blade Dance","floor":18},{"not_picked":["Dodge and Roll","Deadly Poison+1"],"picked":"Skewer+1","floor":19},{"not_picked":["Prepared+1","Bane"],"picked":"Phantasmal Killer","floor":20},{"not_picked":["Escape Plan","Deflect"],"picked":"Quick Slash","floor":21},{"not_picked":["Prepared","Deflect+1"],"picked":"Dagger Throw","floor":24},{"not_picked":["Deflect+1","Bane"],"picked":"Quick Slash","floor":28},{"not_picked":["Caltrops","Underhanded Strike"],"picked":"Expertise","floor":30},{"not_picked":["All Out Attack+1","Endless Agony"],"picked":"Slice+1","floor":31}],"player_experience":19517,"relics_obtained":[{"floor":6,"key":"Pen Nib"},{"floor":10,"key":"Whetstone"},{"floor":20,"key":"Red Mask"},{"floor":24,"key":"Lantern"},{"floor":26,"key":"Potion Belt"}],"event_choices":[{"damage_healed":0,"gold_gain":0,"player_choice":"Trade","damage_taken":0,"relics_obtained":["FaceOfCleric"],"max_hp_gain":0,"max_hp_loss":0,"event_name":"FaceTrader","floor":4,"gold_loss":0},{"damage_healed":0,"gold_gain":62,"player_choice":"Gained Gold","damage_taken":0,"max_hp_gain":0,"max_hp_loss":0,"event_name":"Golden Wing","floor":12,"gold_loss":0},{"damage_healed":0,"gold_gain":0,"player_choice":"Ignored","damage_taken":0,"max_hp_gain":0,"max_hp_loss":0,"event_name":"Liars Game","floor":13,"gold_loss":0},{"damage_healed":0,"gold_gain":0,"player_choice":"Fought Bandits","damage_taken":0,"max_hp_gain":0,"max_hp_loss":0,"event_name":"Masked Bandits","floor":20,"gold_loss":0},{"damage_healed":0,"gold_gain":0,"player_choice":"Joined the Cult","damage_taken":6,"max_hp_gain":0,"max_hp_loss":0,"event_name":"Nest","floor":25,"gold_loss":0,"cards_obtained":["RitualDagger"]},{"damage_healed":0,"gold_gain":0,"player_choice":"Bought 0 Potions","damage_taken":0,"max_hp_gain":0,"max_hp_loss":0,"event_name":"The Woman in Blue","floor":27,"gold_loss":0}],"is_beta":false,"boss_relics":[{"not_picked":["Tiny House","Busted Crown"],"picked":"Astrolabe"}],"items_purged_floors":[],"is_endless":false,"potions_floor_spawned":[2,3,7,11,16,20,21,24],"killed_by":"Champ","ascension_level":1}