{"gold_per_floor":[115,134,284,153,168,168,200,200,200,213,233,233],"floor_reached":12,"playtime":464,"items_purged":["Doubt"],"score":160,"play_id":"47189309-619c-4b50-8464-68788e9352d7","local_time":"20190809002650","is_ascension_mode":true,"campfire_choices":[{"data":"Poisoned Stab","floor":6,"key":"SMITH"}],"neow_cost":"NONE","seed_source_timestamp":196623230432100,"circlet_count":0,"master_deck":["AscendersBane","Strike_G","Strike_G","Strike_G","Strike_G","Strike_G","Defend_G","Defend_G","Defend_G","Defend_G","Defend_G","Survivor","Neutralize","Poisoned Stab","Poisoned Stab+1","Deadly Poison","PiercingWail","Caltrops","Adrenaline","Dagger Spray"],"relics":["Ring of the Snake","Pear","Golden Idol","Potion Belt"],"potions_floor_usage":[7],"damage_taken":[{"damage":4,"enemies":"Small Slimes","floor":1,"turns":4},{"damage":9,"enemies":"Jaw Worm","floor":2,"turns":6},{"damage":1,"enemies":"2 Louse","floor":5,"turns":3},{"damage":30,"enemies":"Gremlin Nob","floor":7,"turns":4},{"damage":4,"enemies":"Large Slime","floor":10,"turns":6},{"damage":19,"enemies":"Exordium Thugs","floor":11,"turns":5},{"damage":15,"enemies":"3 Sentries","floor":12,"turns":2}],"seed_played":"-5998800753926253717","potions_obtained":[{"floor":5,"key":"FearPotion"},{"floor":11,"key":"FearPotion"}],"is_trial":false,"path_per_floor":["M","M","?","$","M","R","E","?","T","M","M","E"],"character_chosen":"THE_SILENT","items_purchased":["Deadly Poison"],"campfire_rested":0,"item_purchase_floors":[4],"current_hp_per_floor":[61,52,52,52,51,51,31,31,31,27,8,0],"gold":233,"neow_bonus":"TEN_PERCENT_HP_BONUS","is_prod":false,"is_daily":false,"chose_seed":false,"campfire_upgraded":1,"win_rate":0,"timestamp":1565306810,"path_taken":["M","M","?","$","M","R","E","?","T","M","M","E"],"build_version":"2019-07-18","purchased_purges":1,"victory":false,"max_hp_per_floor":[72,72,72,72,72,72,82,74,74,74,74,74],"card_choices":[{"not_picked":["Acrobatics","Quick Slash"],"picked":"Poisoned Stab","floor":1},{"not_picked":["Dodge and Roll","Escape Plan"],"picked":"Poisoned Stab","floor":2},{"not_picked":["Distraction","Deflect"],"picked":"PiercingWail","floor":5},{"not_picked":["Underhanded Strike","Predator"],"picked":"Caltrops","floor":7},{"not_picked":["Tactician","Crippling Poison"],"picked":"Adrenaline","floor":10},{"not_picked":["Choke","Masterful Stab"],"picked":"Dagger Spray","floor":11}],"player_experience":2291021,"relics_obtained":[{"floor":7,"key":"Pear"},{"floor":9,"key":"Potion Belt"}],"event_choices":[{"damage_healed":0,"gold_gain":150,"player_choice":"AGREE","damage_taken":0,"max_hp_gain":0,"max_hp_loss":0,"event_name":"Liars Game","floor":3,"gold_loss":0,"cards_obtained":["Doubt"]},{"damage_healed":0,"gold_gain":0,"player_choice":"Lose Max HP","damage_taken":0,"relics_obtained":["Golden Idol"],"max_hp_gain":0,"max_hp_loss":8,"event_name":"Golden Idol","floor":8,"gold_loss":0}],"is_beta":true,"boss_relics":[],"items_purged_floors":[4],"is_endless":false,"potions_floor_spawned":[5,11],"killed_by":"3 Sentries","ascension_level":20}