{"path_per_floor":["M","M","?","$","M","R","M","R","T","$","?","R","M","M","R","B",null,"M","$","?","?"],"character_chosen":"IRONCLAD","items_purchased":["Uppercut","Armaments","Body Slam","Evolve","Spot Weakness"],"gold_per_floor":[112,127,127,48,62,62,77,77,77,8,8,8,28,42,42,147,177,187,3,3,3,3],"floor_reached":22,"campfire_rested":0,"playtime":801,"item_purchase_floors":[4,10,10,19,19],"current_hp_per_floor":[80,80,68,68,73,73,63,63,63,63,63,63,67,62,62,60,85,85,85,85,85,84],"items_purged":["Strike_R"],"gold":3,"score":174,"play_id":"5d5e156f-a423-430e-8419-d3c89681b1e8","local_time":"20180526201901","is_prod":false,"is_daily":false,"chose_seed":false,"is_ascension_mode":false,"campfire_upgraded":4,"win_rate":0,"timestamp":1527362341,"campfire_choices":[{"data":"Uppercut","floor":6,"key":"SMITH"},{"data":"Barricade","floor":8,"key":"SMITH"},{"data":"Armaments","floor":12,"key":"SMITH"},{"data":"Bash","floor":15,"key":"SMITH"}],"path_taken":["M","M","?","?","M","R","M","R","T","$","?","R","M","?","R","BOSS","M","$","?","?","M"],"build_version":"2018-05-25","seed_source_timestamp":100106475748714,"purchased_purges":1,"victory":false,"master_deck":["Strike_R","Strike_R","Strike_R","Defend_R","Defend_R","Defend_R","Defend_R","Bash+1","Sword Boomerang","Shockwave","Uppercut+1","Headbutt+1","Barricade+1","Armaments+1","Body Slam","Dropkick","Reaper","Iron Wave","Evolve+1","Spot Weakness"],"max_hp_per_floor":[80,80,80,80,80,80,80,80,80,80,80,80,80,80,80,80,85,85,85,85,85,85],"relics":["Burning Blood","Ornamental Fan","Mercury Hourglass","Tiny House"],"card_choices":[{"not_picked":["Entrench","Heavy Blade"],"picked":"Sword Boomerang","floor":1},{"not_picked":["Pommel Strike","Warcry"],"picked":"Shockwave","floor":2},{"not_picked":["Thunderclap","Perfected Strike"],"picked":"Headbutt","floor":5},{"not_picked":["True Grit","Spot Weakness"],"picked":"Barricade","floor":7},{"not_picked":["Warcry","Clothesline"],"picked":"Dropkick","floor":13},{"not_picked":["Pommel Strike","Second Wind","Flex"],"picked":"SKIP","floor":14},{"not_picked":["Immolate","Juggernaut"],"picked":"Reaper","floor":16},{"not_picked":["Sever Soul","Armaments"],"picked":"Iron Wave","floor":17},{"not_picked":["Rampage+1","Iron Wave","Pommel Strike"],"picked":"SKIP","floor":18}],"player_experience":624466,"potions_floor_usage":[16,18,22],"damage_taken":[{"damage":6,"enemies":"Jaw Worm","floor":1,"turns":6},{"damage":0,"enemies":"Small Slimes","floor":2,"turns":3},{"damage":1,"enemies":"2 Louse","floor":5,"turns":2},{"damage":16,"enemies":"Exordium Thugs","floor":7,"turns":5},{"damage":2,"enemies":"Blue Slaver","floor":13,"turns":3},{"damage":11,"enemies":"3 Louse","floor":14,"turns":2},{"damage":8,"enemies":"The Guardian","floor":16,"turns":12},{"damage":5,"enemies":"3 Byrds","floor":18,"turns":4},{"damage":1,"enemies":"Shell Parasite","floor":22,"turns":2}],"relics_obtained":[{"floor":9,"key":"Mercury Hourglass"}],"event_choices":[{"event_name":"Scrap Ooze","player_choice":"success","floor":3,"damage_taken":12},{"event_name":"Bonfire Elementals","player_choice":"BASIC","floor":11,"damage_taken":0},{"event_name":"Accursed Blacksmith","player_choice":"Forge","floor":20,"damage_taken":0},{"event_name":"Beggar","player_choice":"Ignored","floor":21,"damage_taken":0}],"boss_relics":[{"not_picked":["Runic Pyramid","Runic Dome"],"picked":"Tiny House"}],"items_purged_floors":[19],"potions_floor_spawned":[1,14,16],"seed_played":"-1055429980991038945","killed_by":"Shell Parasite","ascension_level":0,"potions_obtained":[{"floor":1,"key":"Energy Potion"},{"floor":14,"key":"LiquidBronze"},{"floor":16,"key":"AttackPotion"},{"floor":17,"key":"EssenceOfSteel"}],"is_trial":false}