{"gold_per_floor":[118,29,48,48,58,58,85,85,85,113,125,125,136,149,149,223,223,239,257,270,270,288,320,320,45,45,60,60,80,90,101,101,180,180,190,204,204,222,236,236,263,263,288,42,42,42,42,67,67,67],"floor_reached":51,"playtime":2666,"items_purged":["Strike_R+1","Strike_R+1"],"score":1521,"play_id":"f78bed11-c4e3-4e30-946b-cce3183aa07c","local_time":"20180830201053","is_ascension_mode":true,"campfire_choices":[{"data":"Bash","floor":6.0,"key":"SMITH"},{"data":"Feed","floor":8.0,"key":"SMITH"},{"data":"Clothesline","floor":12.0,"key":"SMITH"},{"data":"Immolate","floor":15.0,"key":"SMITH"},{"data":"Battle Trance","floor":24.0,"key":"SMITH"},{"data":"Fiend Fire","floor":28.0,"key":"SMITH"},{"floor":32.0,"key":"REST"},{"data":"Feel No Pain","floor":40,"key":"SMITH"},{"floor":42,"key":"REST"},{"data":"Feel No Pain","floor":45,"key":"SMITH"},{"floor":47,"key":"REST"},{"floor":49,"key":"REST"}],"neow_cost":"NONE","seed_source_timestamp":0,"circlet_count":0,"master_deck":["Strike_R+1","Strike_R+1","Strike_R+1","Defend_R+1","Defend_R+1","Defend_R+1","Defend_R+1","Bash+1","AscendersBane","Reckless Charge","Battle Trance+1","Clothesline+1","Feed+1","Cleave","Flame Barrier+1","Immolate+1","Anger","Limit Break+1","Disarm+1","Rampage+1","Sentinel+1","Shrug It Off+1","Flame Barrier+1","Fiend Fire+1","Warcry+1","Warcry+1","Flame Barrier+1","True Grit+1","Flex+1","Reaper+1","Armaments+1","Power Through+1","Warcry+1","Feel No Pain+1","Disarm+1","Feel No Pain+1","True Grit+1","Spot Weakness+1","True Grit+1"],"special_seed":0,"relics":["Burning Blood","Bronze Scales","Toxic Egg 2","Bottled Lightning","Bag of Preparation","Sozu","Anchor","The Courier","Runic Cube","War Paint","Vajra","Blood Vial"],"potions_floor_usage":[50],"damage_taken":[{"damage":0.0,"enemies":"2 Louse","floor":1.0,"turns":4.0},{"damage":1.0,"enemies":"Cultist","floor":3.0,"turns":3.0},{"damage":7.0,"enemies":"Jaw Worm","floor":5.0,"turns":2.0},{"damage":25.0,"enemies":"Lagavulin","floor":7.0,"turns":5.0},{"damage":6.0,"enemies":"Gremlin Nob","floor":10.0,"turns":3.0},{"damage":2.0,"enemies":"3 Louse","floor":11.0,"turns":2.0},{"damage":19.0,"enemies":"Exordium Wildlife","floor":13.0,"turns":5.0},{"damage":4.0,"enemies":"Red Slaver","floor":14.0,"turns":3.0},{"damage":51.0,"enemies":"Slime Boss","floor":16.0,"turns":11.0},{"damage":3.0,"enemies":"2 Thieves","floor":18.0,"turns":2.0},{"damage":6.0,"enemies":"Spheric Guardian","floor":19.0,"turns":3.0},{"damage":15.0,"enemies":"Cultist and Chosen","floor":20.0,"turns":5.0},{"damage":12.0,"enemies":"Sentry and Sphere","floor":22.0,"turns":5.0},{"damage":0.0,"enemies":"Book of Stabbing","floor":23.0,"turns":4.0},{"damage":18.0,"enemies":"Snecko","floor":27.0,"turns":3.0},{"damage":0.0,"enemies":"Cultist and Chosen","floor":29.0,"turns":5.0},{"damage":2.0,"enemies":"Centurion and Healer","floor":30.0,"turns":8.0},{"damage":9.0,"enemies":"Snake Plant","floor":31.0,"turns":4.0},{"damage":99,"enemies":"Automaton","floor":33,"turns":12},{"damage":31,"enemies":"3 Darklings","floor":35,"turns":6},{"damage":0,"enemies":"Orb Walker","floor":36,"turns":4},{"damage":0,"enemies":"Reptomancer","floor":38,"turns":3},{"damage":35,"enemies":"Sphere and 2 Shapes","floor":39,"turns":6},{"damage":60,"enemies":"Nemesis","floor":41,"turns":13},{"damage":130,"enemies":"Giant Head","floor":48,"turns":13},{"damage":39,"enemies":"Donu and Deca","floor":50,"turns":12}],"seed_played":"-621009272023641460","potions_obtained":[{"floor":3.0,"key":"Swift Potion"},{"floor":5.0,"key":"Weak Potion"},{"floor":11.0,"key":"Dexterity Potion"},{"floor":14.0,"key":"SkillPotion"}],"is_trial":false,"path_per_floor":["M","$","M","?","M","R","E","R","T","E","M","R","M","M","R","B",null,"M","M","M","?","M","E","R","$","T","M","R","M","M","M","R","B",null,"M","M","?","M","M","R","E","R","T","$","R","?","R","E","R","B"],"character_chosen":"IRONCLAD","items_purchased":["Reckless Charge","Fiend Fire","Warcry+1","Feel No Pain","True Grit+1","Spot Weakness+1"],"campfire_rested":4,"item_purchase_floors":[2,25,25,44,44,44],"current_hp_per_floor":[74,74,75,75,74,74,55,55,55,59,67,67,58,64,64,23,77,84,84,75,75,69,79,79,79,79,71,71,77,85,82,111,18,88,79,85,85,95,70,70,25,59,59,59,59,59,93,15,49,72],"gold":67,"neow_bonus":"RANDOM_COMMON_RELIC","is_prod":false,"is_daily":false,"chose_seed":false,"campfire_upgraded":8,"win_rate":0,"timestamp":1535656253,"path_taken":["M","$","M","?","M","R","E","R","T","E","M","R","M","M","R","BOSS","M","M","?","?","M","E","R","$","T","M","R","M","M","?","R","BOSS","M","M","?","M","M","R","E","R","T","$","R","?","R","E","R","BOSS"],"build_version":"2018-08-29","purchased_purges":2,"victory":true,"max_hp_per_floor":[75,75,75,75,75,75,75,75,75,79,83,83,87,91,91,95,95,99,99,99,99,99,103,103,103,103,107,107,107,111,111,111,111,111,111,111,111,111,115,115,115,115,115,115,115,115,115,115,115,115],"card_choices":[{"not_picked":["Flex","Warcry"],"picked":"Wild Strike","floor":1.0},{"not_picked":["Cleave","Bloodletting"],"picked":"Battle Trance","floor":3.0},{"not_picked":["Entrench","Perfected Strike"],"picked":"Clothesline","floor":5.0},{"not_picked":["Armaments","Metallicize"],"picked":"Feed","floor":7.0},{"not_picked":["Clash","Infernal Blade+1"],"picked":"Cleave","floor":10.0},{"not_picked":["Sword Boomerang","Iron Wave"],"picked":"Flame Barrier+1","floor":11.0},{"not_picked":["Body Slam","Anger"],"picked":"Immolate","floor":13.0},{"not_picked":["Battle Trance+1","Warcry+1"],"picked":"Anger","floor":14.0},{"not_picked":["Feed","Barricade"],"picked":"Limit Break+1","floor":16.0},{"not_picked":["Shrug It Off+1","Uppercut"],"picked":"Disarm+1","floor":18.0},{"not_picked":["Corruption","Heavy Blade"],"picked":"Rampage+1","floor":19.0},{"not_picked":["Entrench+1","Body Slam"],"picked":"Sentinel+1","floor":20.0},{"not_picked":["Twin Strike","Wild Strike"],"picked":"Shrug It Off+1","floor":22.0},{"not_picked":["Spot Weakness+1","Reckless Charge"],"picked":"Flame Barrier+1","floor":23.0},{"not_picked":["Wild Strike+1","Feed"],"picked":"Warcry+1","floor":27.0},{"not_picked":["Perfected Strike","Iron Wave"],"picked":"Flame Barrier+1","floor":29.0},{"not_picked":["Carnage","Pommel Strike"],"picked":"True Grit+1","floor":30.0},{"not_picked":["Armaments+1","Searing Blow+1"],"picked":"Flex+1","floor":31.0},{"not_picked":["Barricade","Limit Break+1"],"picked":"Reaper","floor":33},{"not_picked":["Dual Wield+1","Thunderclap","Clash"],"picked":"SKIP","floor":35},{"not_picked":["Infernal Blade+1","Pummel"],"picked":"Armaments+1","floor":36},{"not_picked":["Anger+1","Armaments+1"],"picked":"Warcry+1","floor":38},{"not_picked":["Flame Barrier+1","Corruption+1"],"picked":"Feel No Pain","floor":39},{"not_picked":["Twin Strike","Rage+1"],"picked":"Disarm+1","floor":41},{"not_picked":["Armaments+1","Twin Strike+1"],"picked":"True Grit+1","floor":48}],"player_experience":1215653,"relics_obtained":[{"floor":7.0,"key":"Toxic Egg 2"},{"floor":9.0,"key":"Bottled Lightning"},{"floor":10.0,"key":"Bag of Preparation"},{"floor":23.0,"key":"Anchor"},{"floor":26.0,"key":"The Courier"},{"floor":41,"key":"War Paint"},{"floor":43,"key":"Vajra"},{"floor":48,"key":"Blood Vial"}],"event_choices":[{"event_name":"Liars Game","player_choice":"disagreed","floor":4.0,"damage_taken":0.0},{"event_name":"Back to Basics","player_choice":"Simplicity","floor":21.0,"damage_taken":0.0},{"event_name":"Transmorgrifier","player_choice":"Transform","floor":37,"damage_taken":0},{"event_name":"Accursed Blacksmith","player_choice":"Forge","floor":46,"damage_taken":0}],"is_beta":true,"boss_relics":[{"not_picked":["White Beast Statue","Cursed Key"],"picked":"Sozu"},{"not_picked":["Velvet Choker","Eternal Feather"],"picked":"Runic Cube"}],"items_purged_floors":[25,44],"is_endless":false,"potions_floor_spawned":[3,5,11,14,19,22,23,30,38,39,48],"ascension_level":19}