{"gold_per_floor":[109,14,14,29,42,42,71,71,71,82,114,114,127,162,162,237,237,192,30,30,30,48,48,77,94,94,94,107,123,123,136,136,212,212,223,223,237,248,33,66,66],"floor_reached":41,"playtime":2780,"items_purged":[],"score":976,"play_id":"b736dbf5-5863-4952-9fb1-9011b192b7c7","local_time":"20190407011821","is_ascension_mode":true,"campfire_choices":[{"data":"Noxious Fumes","floor":6.0,"key":"SMITH"},{"data":"Deadly Poison","floor":8.0,"key":"SMITH"},{"floor":12.0,"key":"REST"},{"data":"Well Laid Plans","floor":15.0,"key":"SMITH"},{"floor":23.0,"key":"REST"},{"floor":27.0,"key":"REST"},{"floor":32.0,"key":"REST"}],"neow_cost":"NONE","seed_source_timestamp":0,"circlet_count":0,"master_deck":["AscendersBane","Defend_G+1","Defend_G+1","Defend_G+1","Defend_G+1","Defend_G+1","Strike_G+1","Strike_G+1","Survivor+1","Neutralize","Quick Slash","Noxious Fumes+1","Deadly Poison+1","PiercingWail","Well Laid Plans+1","PiercingWail","Footwork","After Image","Malaise","Bouncing Flask+1","Reflex+1","Predator+1","Footwork","Footwork","Dodge and Roll","Wraith Form v2","Well Laid Plans+1","Dodge and Roll","Leg Sweep"],"special_seed":0,"relics":["Ring of the Snake","Gremlin Horn","Art of War","War Paint","Omamori","Boot","Astrolabe","Snake Skull","Nilry\u0027s Codex","Lantern","Sozu","OrangePellets","Shuriken"],"potions_floor_usage":[],"damage_taken":[{"damage":0.0,"enemies":"2 Louse","floor":1.0,"turns":6.0},{"damage":7.0,"enemies":"Small Slimes","floor":4.0,"turns":4.0},{"damage":0.0,"enemies":"Jaw Worm","floor":5.0,"turns":4.0},{"damage":15.0,"enemies":"Lagavulin","floor":7.0,"turns":9.0},{"damage":5.0,"enemies":"3 Louse","floor":10.0,"turns":4.0},{"damage":11.0,"enemies":"3 Sentries","floor":11.0,"turns":7.0},{"damage":10.0,"enemies":"Large Slime","floor":13.0,"turns":7.0},{"damage":6.0,"enemies":"Lagavulin","floor":14.0,"turns":7.0},{"damage":6.0,"enemies":"The Guardian","floor":16.0,"turns":9.0},{"damage":7.0,"enemies":"2 Thieves","floor":18.0,"turns":5.0},{"damage":0.0,"enemies":"Chosen","floor":22.0,"turns":6.0},{"damage":11.0,"enemies":"Book of Stabbing","floor":24.0,"turns":7.0},{"damage":0.0,"enemies":"Snake Plant","floor":25.0,"turns":3.0},{"damage":2.0,"enemies":"Sentry and Sphere","floor":28.0,"turns":6.0},{"damage":17.0,"enemies":"Centurion and Healer","floor":29.0,"turns":8.0},{"damage":4.0,"enemies":"Chosen and Byrds","floor":31.0,"turns":7.0},{"damage":7.0,"enemies":"Collector","floor":33.0,"turns":10.0},{"damage":0.0,"enemies":"3 Shapes","floor":35.0,"turns":7.0},{"damage":6.0,"enemies":"Orb Walker","floor":37.0,"turns":4.0},{"damage":0.0,"enemies":"Sphere and 2 Shapes","floor":38.0,"turns":7.0},{"damage":2.0,"enemies":"Giant Head","floor":40.0,"turns":11.0},{"damage":76,"enemies":"2 Orb Walkers","floor":41,"turns":7}],"seed_played":"3121755022882315148","potions_obtained":[{"floor":1.0,"key":"EssenceOfSteel"},{"floor":7.0,"key":"Strength Potion"},{"floor":13.0,"key":"Block Potion"},{"floor":16.0,"key":"Energy Potion"},{"floor":24.0,"key":"Fire Potion"},{"floor":25.0,"key":"LiquidBronze"}],"is_trial":false,"path_per_floor":["M","$","?","M","M","R","E","R","T","M","E","R","M","E","R","B",null,"M","$","?","?","M","R","E","M","T","R","M","M","?","M","R","B",null,"M","?","M","M","$","E","?"],"character_chosen":"THE_SILENT","items_purchased":["Noxious Fumes","Deadly Poison","Snake Skull","OrangePellets"],"campfire_rested":4,"item_purchase_floors":[2,2,19,39],"current_hp_per_floor":[65,65,47,40,40,40,25,25,25,20,9,30,20,14,14,8,56,49,49,49,28,28,49,38,38,38,59,57,40,40,36,57,50,67,67,67,61,61,61,59,0],"gold":66,"neow_bonus":"TEN_PERCENT_HP_BONUS","is_prod":false,"is_daily":false,"chose_seed":false,"campfire_upgraded":3,"win_rate":0,"timestamp":1554596301,"path_taken":["M","$","?","M","M","R","E","R","T","M","E","R","M","E","R","BOSS","M","$","?","?","M","R","E","M","T","R","M","?","?","M","R","BOSS","M","?","M","M","$","E","?"],"build_version":"2019-04-04","purchased_purges":0,"victory":false,"max_hp_per_floor":[72,72,72,72,72,72,72,72,72,72,72,72,72,72,72,72,72,72,72,72,72,72,72,72,72,72,72,72,72,72,72,72,72,72,72,68,68,68,68,68,68],"card_choices":[{"not_picked":["Masterful Stab","Blur"],"picked":"Quick Slash","floor":1.0},{"not_picked":["Expertise","Blade Dance"],"picked":"PiercingWail","floor":4.0},{"not_picked":["Deflect","Sucker Punch"],"picked":"Well Laid Plans","floor":5.0},{"not_picked":["Dodge and Roll","Prepared","Quick Slash"],"picked":"SKIP","floor":7.0},{"not_picked":["Terror","Sucker Punch"],"picked":"PiercingWail","floor":10.0},{"not_picked":["Accuracy","Deflect","Prepared"],"picked":"SKIP","floor":11.0},{"not_picked":["Bane","Catalyst"],"picked":"Footwork","floor":13.0},{"not_picked":["Bane","Flying Knee"],"picked":"After Image","floor":14.0},{"not_picked":["After Image","Envenom"],"picked":"Malaise","floor":16.0},{"not_picked":["Dagger Spray","Quick Slash","Cloak And Dagger"],"picked":"SKIP","floor":18.0},{"not_picked":["Backstab+1","Poisoned Stab"],"picked":"Footwork","floor":22.0},{"not_picked":["Finisher","Deadly Poison"],"picked":"Footwork","floor":24.0},{"not_picked":["Caltrops","Cloak And Dagger","Finisher"],"picked":"SKIP","floor":25.0},{"not_picked":["Choke","Caltrops","Quick Slash"],"picked":"SKIP","floor":28.0},{"not_picked":["Dagger Throw+1","Venomology"],"picked":"Dodge and Roll","floor":29.0},{"not_picked":["Poisoned Stab","Outmaneuver","Endless Agony"],"picked":"SKIP","floor":31.0},{"not_picked":["Die Die Die","Venomology"],"picked":"Wraith Form v2","floor":33.0},{"not_picked":["Flying Knee","Bane","Expertise"],"picked":"SKIP","floor":35.0},{"not_picked":["Escape Plan+1","Cloak And Dagger"],"picked":"Well Laid Plans+1","floor":37.0},{"not_picked":["Acrobatics","Flechettes+1"],"picked":"Dodge and Roll","floor":38.0},{"not_picked":["Footwork","Eviscerate"],"picked":"Leg Sweep","floor":40.0}],"player_experience":1985904,"relics_obtained":[{"floor":7.0,"key":"Art of War"},{"floor":9.0,"key":"War Paint"},{"floor":11.0,"key":"Omamori"},{"floor":14.0,"key":"Boot"},{"floor":21.0,"key":"Nilry\u0027s Codex"},{"floor":24.0,"key":"Lantern"},{"floor":40.0,"key":"Shuriken"}],"event_choices":[{"damage_healed":0.0,"max_hp_gain":0.0,"max_hp_loss":0.0,"gold_gain":0.0,"event_name":"Scrap Ooze","player_choice":"Success","floor":3.0,"gold_loss":0.0,"damage_taken":18.0,"relics_obtained":["Gremlin Horn"]},{"damage_healed":0.0,"max_hp_gain":0.0,"max_hp_loss":0.0,"gold_gain":0.0,"event_name":"Ghosts","player_choice":"Ignored","floor":20.0,"gold_loss":0.0,"damage_taken":0.0},{"damage_healed":0.0,"max_hp_gain":0.0,"max_hp_loss":0.0,"gold_gain":0.0,"event_name":"Cursed Tome","player_choice":"Obtained Book","floor":21.0,"gold_loss":0.0,"damage_taken":21.0},{"damage_healed":0.0,"max_hp_gain":0.0,"max_hp_loss":0.0,"gold_gain":0.0,"event_name":"Back to Basics","player_choice":"Simplicity","floor":30.0,"gold_loss":0.0,"damage_taken":0.0,"cards_upgraded":["Defend_G","Defend_G","Defend_G","Defend_G","Strike_G","Strike_G"]},{"damage_healed":0.0,"max_hp_gain":0.0,"max_hp_loss":4.0,"gold_gain":0.0,"event_name":"Winding Halls","player_choice":"Max HP","floor":36.0,"gold_loss":0.0,"damage_taken":0.0},{"damage_healed":0,"gold_gain":0,"player_choice":"Fight","damage_taken":0,"max_hp_gain":0,"max_hp_loss":0,"event_name":"Mysterious Sphere","floor":41,"gold_loss":0}],"is_beta":true,"boss_relics":[{"not_picked":["Eternal Feather","WristBlade"],"picked":"Astrolabe"},{"not_picked":["HoveringKite","Runic Pyramid"],"picked":"Sozu"}],"items_purged_floors":[],"is_endless":false,"potions_floor_spawned":[1,7,13,16,24,25,28,29,38],"killed_by":"2 Orb Walkers","ascension_level":20}