{"gold_per_floor":[218,38,38,55,69,69,87,87,87,87,100,155,155,167,167,167],"floor_reached":16,"playtime":568,"items_purged":["Strike_R"],"score":204,"play_id":"b5d00b1a-639f-4949-9341-894e5fb3bca0","local_time":"20190425214145","is_ascension_mode":true,"campfire_choices":[{"data":"Carnage","floor":6.0,"key":"SMITH"},{"data":"Feel No Pain","floor":8.0,"key":"SMITH"},{"data":"True Grit","floor":10.0,"key":"SMITH"},{"data":"Whirlwind","floor":15.0,"key":"SMITH"}],"neow_cost":"NONE","seed_source_timestamp":0,"circlet_count":0,"master_deck":["AscendersBane","Strike_R","Strike_R","Strike_R","Strike_R","Defend_R","Defend_R","Defend_R","Defend_R","Bash+1","Feel No Pain+1","True Grit+1","Pommel Strike","Carnage+1","Intimidate","Corruption","Shrug It Off","Whirlwind+1"],"special_seed":0,"relics":["Burning Blood","Meat on the Bone","Tiny Chest"],"potions_floor_usage":[16],"damage_taken":[{"damage":6.0,"enemies":"Jaw Worm","floor":1.0,"turns":6.0},{"damage":14.0,"enemies":"Small Slimes","floor":4.0,"turns":6.0},{"damage":4.0,"enemies":"Cultist","floor":5.0,"turns":4.0},{"damage":14.0,"enemies":"Exordium Wildlife","floor":7.0,"turns":5.0},{"damage":17.0,"enemies":"Lots of Slimes","floor":11.0,"turns":4.0},{"damage":20.0,"enemies":"Lagavulin","floor":12.0,"turns":4.0},{"damage":22.0,"enemies":"Gremlin Gang","floor":14.0,"turns":6.0},{"damage":57,"enemies":"Hexaghost","floor":16,"turns":9}],"seed_played":"4410881415757452477","potions_obtained":[{"floor":1.0,"key":"Dexterity Potion"},{"floor":4.0,"key":"SpeedPotion"},{"floor":11.0,"key":"EssenceOfSteel"}],"is_trial":false,"path_per_floor":["M","$","?","M","M","R","M","R","T","R","M","E","?","M","R","B"],"character_chosen":"IRONCLAD","items_purchased":["Feel No Pain","True Grit"],"campfire_rested":0,"item_purchase_floors":[2,2],"current_hp_per_floor":[68,68,68,60,62,62,54,54,54,54,55,53,58,54,54,0],"gold":167,"neow_bonus":"HUNDRED_GOLD","is_prod":false,"is_daily":false,"chose_seed":false,"campfire_upgraded":4,"win_rate":0,"timestamp":1556224905,"path_taken":["M","$","?","M","M","R","M","R","T","R","M","E","?","M","R","BOSS"],"build_version":"2019-04-23","purchased_purges":1,"victory":false,"max_hp_per_floor":[75,75,75,75,75,75,75,75,75,75,75,75,80,80,80,80],"card_choices":[{"not_picked":["Havoc","Searing Blow","Flex"],"picked":"SKIP","floor":1.0},{"not_picked":["Intimidate","Sever Soul"],"picked":"Pommel Strike","floor":4.0},{"not_picked":["Bloodletting","Pommel Strike"],"picked":"Carnage","floor":5.0},{"not_picked":["Seeing Red","True Grit"],"picked":"Intimidate","floor":7.0},{"not_picked":["Intimidate","Shrug It Off"],"picked":"Corruption","floor":11.0},{"not_picked":["Ghostly Armor","Flex"],"picked":"Shrug It Off","floor":12.0},{"not_picked":["Rupture","Clothesline"],"picked":"Whirlwind","floor":14.0}],"player_experience":2032212,"relics_obtained":[{"floor":9.0,"key":"Meat on the Bone"},{"floor":12.0,"key":"Tiny Chest"}],"event_choices":[{"damage_healed":0.0,"max_hp_gain":0.0,"max_hp_loss":0.0,"gold_gain":0.0,"event_name":"Living Wall","player_choice":"Grow","floor":3.0,"gold_loss":0.0,"damage_taken":0.0,"cards_upgraded":["Bash"]},{"damage_healed":0.0,"max_hp_gain":5.0,"max_hp_loss":0.0,"gold_gain":0.0,"event_name":"Big Fish","player_choice":"Donut","floor":13.0,"gold_loss":0.0,"damage_taken":0.0}],"is_beta":true,"boss_relics":[],"items_purged_floors":[2],"is_endless":false,"potions_floor_spawned":[1,4,11,14],"killed_by":"Hexaghost","ascension_level":20}