{"gold_per_floor":[110,125,125,125,125,159,159,199,277,277,308,331,406,427,427,518,518,541,39,64,84,103,103],"floor_reached":23,"playtime":1192,"items_purged":["Strike_R"],"score":369,"play_id":"30a5e987-77b5-4dee-a2e7-c335882aa9fd","local_time":"20180722132549","is_ascension_mode":true,"campfire_choices":[{"data":"Bash","floor":7.0,"key":"SMITH"},{"data":"Flame Barrier","floor":10.0,"key":"SMITH"},{"floor":15.0,"key":"REST"}],"neow_cost":"NONE","seed_source_timestamp":0,"circlet_count":0,"master_deck":["Strike_R","Strike_R","Strike_R","Defend_R","Defend_R","Defend_R","Defend_R","Bash+1","AscendersBane","Whirlwind+1","Unload+1","Flame Barrier+1","Fire Breathing","Havoc","Shrug It Off","Feed","Shrug It Off","Armaments","Magnetism","Clothesline","Barricade","Carnage+1"],"special_seed":0,"relics":["Burning Blood","Ancient Tea Set","Golden Idol","Whetstone","Anchor","Ornamental Fan","Smiling Mask","Fusion Hammer","Pen Nib"],"potions_floor_usage":[16,22],"damage_taken":[{"damage":11.0,"enemies":"Jaw Worm","floor":1.0,"turns":4.0},{"damage":5.0,"enemies":"Cultist","floor":2.0,"turns":5.0},{"damage":30.0,"enemies":"Lagavulin","floor":6.0,"turns":7.0},{"damage":13.0,"enemies":"3 Sentries","floor":8.0,"turns":6.0},{"damage":14.0,"enemies":"Lagavulin","floor":11.0,"turns":4.0},{"damage":12.0,"enemies":"Small Slimes","floor":12.0,"turns":4.0},{"damage":0.0,"enemies":"Blue Slaver","floor":14.0,"turns":2.0},{"damage":16,"enemies":"The Guardian","floor":16,"turns":12},{"damage":5,"enemies":"Shell Parasite","floor":18,"turns":8},{"damage":15,"enemies":"2 Thieves","floor":20,"turns":5},{"damage":6,"enemies":"Snake Plant","floor":21,"turns":3},{"damage":43,"enemies":"Cultist and Chosen","floor":22,"turns":7},{"damage":25,"enemies":"Slavers","floor":23,"turns":2}],"seed_played":"-1579744728722090874","potions_obtained":[{"floor":1.0,"key":"Strength Potion"},{"floor":6.0,"key":"Swift Potion"},{"floor":8.0,"key":"Poison Potion"},{"floor":12.0,"key":"Poison Potion"}],"is_trial":false,"path_per_floor":["M","M","?","?","?","E","R","E","T","R","E","M","?","M","R","B",null,"M","$","M","M","M"],"character_chosen":"IRONCLAD","items_purchased":["Armaments","Pen Nib","Magnetism","AttackPotion"],"campfire_rested":1,"item_purchase_floors":[19,19,19,19],"current_hp_per_floor":[63,64,64,69,69,45,45,38,38,38,30,24,13,19,40,30,62,66,66,57,57,20,0],"gold":103,"neow_bonus":"RANDOM_COMMON_RELIC","is_prod":false,"is_daily":false,"chose_seed":false,"campfire_upgraded":2,"win_rate":0,"timestamp":1532262349,"path_taken":["M","M","?","?","?","E","R","E","T","R","E","M","?","?","R","BOSS","M","$","M","M","M","E"],"build_version":"2018-07-19","purchased_purges":1,"victory":false,"max_hp_per_floor":[75,75,75,80,72,72,72,72,72,72,72,72,72,72,72,72,72,75,75,75,75,75,75],"card_choices":[{"not_picked":["Anger","Cleave"],"picked":"Whirlwind","floor":1.0},{"not_picked":["Sever Soul","Clash","Dropkick"],"picked":"SKIP","floor":2.0},{"not_picked":["Pummel","Perfected Strike","Body Slam"],"picked":"SKIP","floor":6.0},{"not_picked":["Intimidate","Clash"],"picked":"Flame Barrier","floor":8.0},{"not_picked":["Perfected Strike","Body Slam"],"picked":"Fire Breathing","floor":11.0},{"not_picked":["Infernal Blade","Combust"],"picked":"Havoc","floor":12.0},{"not_picked":["Burning Pact","Dark Embrace"],"picked":"Shrug It Off","floor":14.0},{"not_picked":["Fiend Fire","Impervious"],"picked":"Feed","floor":16},{"not_picked":["Heavy Blade","Warcry+1"],"picked":"Shrug It Off","floor":18},{"not_picked":["Perfected Strike","Reckless Charge"],"picked":"Clothesline","floor":20},{"not_picked":["Havoc","Clothesline"],"picked":"Barricade","floor":21},{"not_picked":["Seeing Red","Perfected Strike"],"picked":"Carnage+1","floor":22}],"player_experience":1083071,"relics_obtained":[{"floor":6.0,"key":"Whetstone"},{"floor":8.0,"key":"Anchor"},{"floor":9.0,"key":"Ornamental Fan"},{"floor":11.0,"key":"Smiling Mask"}],"event_choices":[{"event_name":"NoteForYourself","player_choice":"Took Card","floor":3.0,"damage_taken":0.0},{"event_name":"Big Fish","player_choice":"Donut","floor":4.0,"damage_taken":0.0},{"event_name":"Golden Idol","player_choice":"Lose Max HP","floor":5.0,"damage_taken":0.0},{"event_name":"World of Goop","player_choice":"Gather Gold","floor":13.0,"damage_taken":0.0}],"is_beta":true,"boss_relics":[{"not_picked":["Tiny House","Philosopher\u0027s Stone"],"picked":"Fusion Hammer"}],"items_purged_floors":[19],"is_endless":false,"potions_floor_spawned":[1,6,8,12],"killed_by":"Slavers","ascension_level":15}