{"gold_per_floor":[116,35,50,61,71,71,91,102,127,127,154,154,184,164,164,164],"floor_reached":16,"playtime":812,"items_purged":[],"score":224,"play_id":"950363d2-bd80-418f-9637-98da43592b39","local_time":"20190620030320","is_ascension_mode":true,"campfire_choices":[{"data":"Bouncing Flask","floor":6.0,"key":"SMITH"},{"data":"Dash","floor":12.0,"key":"SMITH"},{"data":"Well Laid Plans","floor":15.0,"key":"SMITH"}],"neow_cost":"NONE","seed_source_timestamp":205108717122254,"circlet_count":0,"master_deck":["AscendersBane","Strike_G","Strike_G","Strike_G","Strike_G","Strike_G","Defend_G","Defend_G","Defend_G","Defend_G","Defend_G","Survivor","Neutralize","Dash+1","Well Laid Plans+1","Footwork","Bouncing Flask+1","PiercingWail"],"special_seed":0,"relics":["Ring of the Snake","Happy Flower","Omamori","Snake Skull"],"potions_floor_usage":[16,16],"damage_taken":[{"damage":0.0,"enemies":"Cultist","floor":1.0,"turns":3.0},{"damage":0.0,"enemies":"Jaw Worm","floor":3.0,"turns":4.0},{"damage":2.0,"enemies":"2 Louse","floor":4.0,"turns":4.0},{"damage":47.0,"enemies":"Gremlin Gang","floor":5.0,"turns":7.0},{"damage":0.0,"enemies":"Blue Slaver","floor":7.0,"turns":7.0},{"damage":10.0,"enemies":"Lots of Slimes","floor":8.0,"turns":6.0},{"damage":4.0,"enemies":"Lagavulin","floor":11.0,"turns":7.0},{"damage":13.0,"enemies":"3 Sentries","floor":13.0,"turns":12.0},{"damage":16,"enemies":"Slime Boss","floor":16,"turns":9}],"seed_played":"6424345980548173047","potions_obtained":[{"floor":3.0,"key":"Ancient Potion"},{"floor":5.0,"key":"PowerPotion"},{"floor":8.0,"key":"SteroidPotion"}],"is_trial":false,"path_per_floor":["M","$","M","M","M","R","M","M","T","?","E","R","E","?","R","B"],"character_chosen":"THE_SILENT","items_purchased":["Well Laid Plans"],"campfire_rested":0,"item_purchase_floors":[2],"current_hp_per_floor":[65,65,65,63,16,16,16,6,6,30,26,26,13,13,13,0],"gold":164,"neow_bonus":"TEN_PERCENT_HP_BONUS","is_prod":false,"is_daily":false,"chose_seed":false,"campfire_upgraded":3,"win_rate":0,"timestamp":1560996200,"path_taken":["M","$","M","?","M","R","M","M","T","?","E","R","E","?","R","BOSS"],"build_version":"2019-06-18","purchased_purges":0,"victory":false,"max_hp_per_floor":[72,72,72,72,72,72,72,72,72,72,72,72,72,72,72,72],"card_choices":[{"not_picked":["Bane","Leg Sweep"],"picked":"Dash","floor":1.0},{"not_picked":["Heel Hook","Outmaneuver"],"picked":"Footwork","floor":3.0},{"not_picked":["Cloak And Dagger","Finisher","Blur"],"picked":"SKIP","floor":4.0},{"not_picked":["Well Laid Plans","All Out Attack"],"picked":"Bouncing Flask","floor":5.0},{"not_picked":["Reflex","Infinite Blades","Slice"],"picked":"SKIP","floor":7.0},{"not_picked":["Slice","Prepared"],"picked":"PiercingWail","floor":8.0},{"not_picked":["Escape Plan","Backflip","Infinite Blades"],"picked":"SKIP","floor":11.0},{"not_picked":["Outmaneuver","Sucker Punch","Finisher"],"picked":"SKIP","floor":13.0}],"player_experience":2122182,"relics_obtained":[{"floor":9.0,"key":"Happy Flower"},{"floor":11.0,"key":"Omamori"},{"floor":13.0,"key":"Snake Skull"}],"event_choices":[{"damage_healed":24.0,"max_hp_gain":0.0,"max_hp_loss":0.0,"gold_gain":0.0,"event_name":"Big Fish","player_choice":"Banana","floor":10.0,"gold_loss":0.0,"damage_taken":0.0},{"damage_healed":0.0,"max_hp_gain":0.0,"max_hp_loss":0.0,"gold_gain":0.0,"event_name":"The Woman in Blue","player_choice":"Bought 1 Potion","floor":14.0,"gold_loss":0.0,"damage_taken":0.0}],"is_beta":true,"boss_relics":[],"items_purged_floors":[],"is_endless":false,"potions_floor_spawned":[3,5,8,11],"killed_by":"Slime Boss","ascension_level":20}