{"gold_per_floor":[119,219,237,253,6,6,41,41,41,41,73,87,87,98,98,169,169,183,183,183,200,219,219,252,252,252,268,268,293,318,5,5,81,81,96,96,96,21,39,39,58,58,113,113,132,152,152,63,63,63],"floor_reached":51,"playtime":2373,"items_purged":["Strike_R+1"],"score":1272,"play_id":"65d41396-b5e9-4652-bea7-c4a8f6d9bd70","local_time":"20180830170755","is_ascension_mode":true,"campfire_choices":[{"data":"Bash","floor":6.0,"key":"SMITH"},{"data":"Demon Form","floor":8.0,"key":"SMITH"},{"data":"Iron Wave","floor":10.0,"key":"SMITH"},{"data":"Pommel Strike","floor":15.0,"key":"SMITH"},{"data":"True Grit","floor":23,"key":"SMITH"},{"data":"Armaments","floor":25,"key":"SMITH"},{"data":"Offering","floor":28,"key":"SMITH"},{"floor":32,"key":"REST"},{"floor":40,"key":"DIG"},{"floor":42,"key":"DIG"},{"floor":44,"key":"DIG"},{"floor":47,"key":"DIG"},{"floor":49,"key":"REST"}],"neow_cost":"NONE","seed_source_timestamp":0,"circlet_count":0,"master_deck":["Strike_R+1","Strike_R+1","Strike_R+1","Strike_R+1","Defend_R+1","Defend_R+1","Defend_R+1","Defend_R+1","Bash+1","AscendersBane","Shrug It Off","Pommel Strike+1","Demon Form+1","Iron Wave+1","Offering+1","Clothesline+1","Anger","Impervious","Armaments+1","Uppercut+1","True Grit+1","Twin Strike+1","Shrug It Off","Iron Wave","Shockwave","Exhume","Whirlwind+1","Burning Pact+1","Anger","Madness","Madness","Shrug It Off+1","Iron Wave+1","Reaper"],"special_seed":0,"relics":["Burning Blood","Meat on the Bone","Shuriken","Turnip","Cursed Key","MutagenicStrength","Omamori","Self Forming Clay","Red Mask","Happy Flower","Mummified Hand","Orrery","Shovel","Prayer Wheel","Magic Flower","Bag of Preparation","Unceasing Top","Bird Faced Urn"],"potions_floor_usage":[16,21,30,33],"damage_taken":[{"damage":8.0,"enemies":"2 Louse","floor":1.0,"turns":4.0},{"damage":1.0,"enemies":"Cultist","floor":3.0,"turns":3.0},{"damage":13.0,"enemies":"Small Slimes","floor":4.0,"turns":6.0},{"damage":50.0,"enemies":"3 Sentries","floor":7.0,"turns":7.0},{"damage":13.0,"enemies":"Gremlin Nob","floor":11.0,"turns":4.0},{"damage":16.0,"enemies":"Exordium Wildlife","floor":12.0,"turns":6.0},{"damage":11.0,"enemies":"Large Slime","floor":14.0,"turns":6.0},{"damage":28,"enemies":"The Guardian","floor":16,"turns":8},{"damage":6,"enemies":"Spheric Guardian","floor":18,"turns":3},{"damage":0,"enemies":"3 Byrds","floor":21,"turns":3},{"damage":13,"enemies":"Shelled Parasite and Fungi","floor":22,"turns":5},{"damage":32,"enemies":"Slavers","floor":24,"turns":7},{"damage":7,"enemies":"Snake Plant","floor":27,"turns":4},{"damage":14,"enemies":"Masked Bandits","floor":29,"turns":5},{"damage":16,"enemies":"Gremlin Leader","floor":30,"turns":5},{"damage":24,"enemies":"Automaton","floor":33,"turns":6},{"damage":8,"enemies":"3 Shapes","floor":35,"turns":6},{"damage":0,"enemies":"Mind Bloom Boss Battle","floor":37,"turns":8},{"damage":6,"enemies":"Orb Walker","floor":39,"turns":2},{"damage":36,"enemies":"3 Darklings","floor":41,"turns":4},{"damage":10,"enemies":"Jaw Worm Horde","floor":45,"turns":4},{"damage":19,"enemies":"Maw","floor":46,"turns":7},{"damage":88,"enemies":"Awakened One","floor":50,"turns":15}],"seed_played":"-7966303935492684001","potions_obtained":[{"floor":1.0,"key":"Weak Potion"},{"floor":7.0,"key":"LiquidBronze"},{"floor":11.0,"key":"LiquidBronze"},{"floor":16,"key":"BloodPotion"},{"floor":27,"key":"LiquidBronze"},{"floor":29,"key":"LiquidBronze"},{"floor":35,"key":"Block Potion"},{"floor":37,"key":"PowerPotion"}],"is_trial":false,"path_per_floor":["M","?","M","M","$","R","E","R","T","R","E","M","?","M","R","B",null,"M","?","?","M","M","R","E","R","T","M","R","?","E","$","R","B",null,"M","?","?","$","M","R","M","R","T","R","M","M","R","$","R","B"],"character_chosen":"IRONCLAD","items_purchased":["Demon Form","Iron Wave","FearPotion","Mummified Hand","Shockwave","Reaper"],"campfire_rested":2,"item_purchase_floors":[5,5,5,31,31,48],"current_hp_per_floor":[73,73,78,71,71,71,27,27,27,27,32,34,34,41,41,31,69,69,69,69,75,68,68,54,54,54,53,53,57,59,59,82,64,78,76,61,67,67,67,67,49,49,49,49,66,56,56,56,80,52],"gold":63,"neow_bonus":"TEN_PERCENT_HP_BONUS","is_prod":false,"is_daily":false,"chose_seed":false,"campfire_upgraded":7,"win_rate":0,"timestamp":1535645275,"path_taken":["M","?","M","M","$","R","E","R","T","R","E","?","?","M","R","BOSS","M","?","?","M","M","R","E","R","T","M","R","?","E","$","R","BOSS","M","?","?","?","?","R","M","R","T","R","M","M","R","?","R","BOSS"],"build_version":"2018-08-29","purchased_purges":1,"victory":true,"max_hp_per_floor":[82,82,82,82,82,82,82,82,82,82,82,82,82,82,82,82,82,82,82,82,82,82,82,82,82,82,82,82,82,82,82,82,82,82,82,82,82,82,82,82,82,82,82,82,82,82,82,82,82,82],"card_choices":[{"not_picked":["Body Slam","Thunderclap"],"picked":"Shrug It Off","floor":1.0},{"not_picked":["Havoc","Heavy Blade","Warcry"],"picked":"SKIP","floor":3.0},{"not_picked":["Body Slam","Clash"],"picked":"Pommel Strike","floor":4.0},{"not_picked":["Thunderclap","Dual Wield","Spot Weakness"],"picked":"SKIP","floor":7.0},{"not_picked":["Clothesline","Evolve"],"picked":"Offering","floor":11.0},{"not_picked":["Flex","Inflame"],"picked":"Clothesline","floor":12.0},{"not_picked":["Heavy Blade","True Grit"],"picked":"Anger","floor":14.0},{"not_picked":["Dark Embrace","Double Tap"],"picked":"Impervious","floor":16},{"not_picked":["Fire Breathing","Clash"],"picked":"Armaments","floor":18},{"not_picked":["Clash","Perfected Strike"],"picked":"Uppercut+1","floor":21},{"not_picked":["Searing Blow","Body Slam"],"picked":"True Grit","floor":22},{"not_picked":["Perfected Strike","Shockwave"],"picked":"Twin Strike+1","floor":24},{"not_picked":["Wild Strike","Twin Strike","Perfected Strike"],"picked":"SKIP","floor":27},{"not_picked":["Sword Boomerang","Exhume"],"picked":"Shrug It Off","floor":29},{"not_picked":["Perfected Strike","Combust"],"picked":"Iron Wave","floor":30},{"not_picked":["Barricade","Double Tap"],"picked":"Exhume","floor":33},{"not_picked":["Body Slam","Limit Break"],"picked":"Whirlwind+1","floor":34},{"not_picked":["Wild Strike","Anger"],"picked":"Burning Pact+1","floor":34},{"not_picked":["Thunderclap","Dual Wield"],"picked":"Anger","floor":34},{"not_picked":["Twin Strike","Warcry","Searing Blow+1"],"picked":"SKIP","floor":35},{"not_picked":["Flex+1","Thunderclap","Whirlwind"],"picked":"SKIP","floor":39},{"not_picked":["Brutality","Infernal Blade"],"picked":"Shrug It Off+1","floor":41},{"not_picked":["Rampage","Corruption","Clash"],"picked":"SKIP","floor":41},{"not_picked":["Warcry","Fire Breathing","Reckless Charge+1"],"picked":"SKIP","floor":45},{"not_picked":["Warcry","Burning Pact","Corruption+1"],"picked":"SKIP","floor":45},{"not_picked":["Twin Strike+1","Armaments+1"],"picked":"Iron Wave+1","floor":46},{"not_picked":["Armaments","Sever Soul","Warcry"],"picked":"SKIP","floor":46}],"player_experience":1213280,"relics_obtained":[{"floor":7.0,"key":"Meat on the Bone"},{"floor":9.0,"key":"Shuriken"},{"floor":11.0,"key":"Turnip"},{"floor":24,"key":"Omamori"},{"floor":26,"key":"Self Forming Clay"},{"floor":29,"key":"Red Mask"},{"floor":30,"key":"Happy Flower"},{"floor":37,"key":"Shovel"},{"floor":40,"key":"Prayer Wheel"},{"floor":42,"key":"Magic Flower"},{"floor":43,"key":"Bag of Preparation"},{"floor":44,"key":"Unceasing Top"},{"floor":47,"key":"Bird Faced Urn"}],"event_choices":[{"event_name":"Wheel of Change","player_choice":"Gold","floor":2.0,"damage_taken":0.0},{"event_name":"Living Wall","player_choice":"Grow","floor":13.0,"damage_taken":0.0},{"event_name":"Drug Dealer","player_choice":"Inject Mutagens","floor":19,"damage_taken":0},{"event_name":"Back to Basics","player_choice":"Simplicity","floor":20,"damage_taken":0},{"event_name":"Masked Bandits","player_choice":"Fought Bandits","floor":29,"damage_taken":0},{"event_name":"Winding Halls","player_choice":"Embrace Madness","floor":36,"damage_taken":0},{"event_name":"MindBloom","player_choice":"Fight","floor":37,"damage_taken":0}],"is_beta":true,"boss_relics":[{"not_picked":["Runic Cube","Lizard Tail"],"picked":"Cursed Key"},{"not_picked":["Velvet Choker","Mark of Pain"],"picked":"Orrery"}],"items_purged_floors":[38],"is_endless":false,"potions_floor_spawned":[1,7,11,16,18,27,29,35,37],"ascension_level":18}