{"gold_per_floor":[112,112,37,48,60,60,92,92,116,128,142,175,175,187,187,265,265,277,277,293,313,326,326,355,369,450,461,17,47,47,57,57,134,134,154,0,0,0,12,12],"floor_reached":40,"playtime":1770,"items_purged":["Strike_R","Strike_R"],"score":880,"play_id":"a4fa5595-c1ff-4f58-9a67-ee055f4597f4","local_time":"20190511195112","is_ascension_mode":true,"campfire_choices":[{"data":"Bash","floor":6.0,"key":"SMITH"},{"data":"Combust","floor":8.0,"key":"SMITH"},{"data":"Armaments","floor":13.0,"key":"SMITH"},{"data":"Disarm","floor":15.0,"key":"SMITH"},{"data":"Feel No Pain","floor":23.0,"key":"SMITH"},{"data":"Limit Break","floor":30.0,"key":"SMITH"},{"data":"Feel No Pain","floor":32.0,"key":"SMITH"}],"neow_cost":"NONE","seed_source_timestamp":0,"circlet_count":0,"master_deck":["AscendersBane","Strike_R+1","Strike_R","Strike_R+1","Defend_R","Defend_R","Defend_R+1","Defend_R","Bash+1","Combust+1","Combust","Pommel Strike","Armaments+1","Shockwave+1","Disarm+1","Uppercut","Reaper","Feel No Pain+1","Disarm+1","Feel No Pain+1","Reaper","Feed","Limit Break+1","Juggernaut","Body Slam+1"],"special_seed":0,"relics":["Burning Blood","Anchor","CultistMask","Omamori","Whetstone","Ancient Tea Set","Coffee Dripper","Bottled Lightning","Self Forming Clay","War Paint","Toxic Egg 2","Velvet Choker","Red Mask"],"potions_floor_usage":[40],"damage_taken":[{"damage":2.0,"enemies":"Jaw Worm","floor":1.0,"turns":4.0},{"damage":6.0,"enemies":"Cultist","floor":4.0,"turns":3.0},{"damage":11.0,"enemies":"2 Louse","floor":5.0,"turns":3.0},{"damage":27.0,"enemies":"Gremlin Nob","floor":7.0,"turns":4.0},{"damage":4.0,"enemies":"Exordium Wildlife","floor":10.0,"turns":2.0},{"damage":6.0,"enemies":"3 Louse","floor":11.0,"turns":3.0},{"damage":27.0,"enemies":"3 Sentries","floor":12.0,"turns":4.0},{"damage":8.0,"enemies":"Blue Slaver","floor":14.0,"turns":4.0},{"damage":21.0,"enemies":"Hexaghost","floor":16.0,"turns":9.0},{"damage":17.0,"enemies":"Chosen","floor":18.0,"turns":5.0},{"damage":1.0,"enemies":"Shell Parasite","floor":20.0,"turns":6.0},{"damage":17.0,"enemies":"Snecko","floor":21.0,"turns":6.0},{"damage":6.0,"enemies":"Shelled Parasite and Fungi","floor":22.0,"turns":8.0},{"damage":13.0,"enemies":"Book of Stabbing","floor":24.0,"turns":6.0},{"damage":3.0,"enemies":"Snake Plant","floor":25.0,"turns":6.0},{"damage":20.0,"enemies":"Chosen and Byrds","floor":27.0,"turns":6.0},{"damage":45.0,"enemies":"Slavers","floor":29.0,"turns":5.0},{"damage":17.0,"enemies":"Centurion and Healer","floor":31.0,"turns":7.0},{"damage":90.0,"enemies":"Champ","floor":33.0,"turns":12.0},{"damage":12.0,"enemies":"3 Shapes","floor":35.0,"turns":7.0},{"damage":36,"enemies":"3 Darklings","floor":39,"turns":6},{"damage":100,"enemies":"Nemesis","floor":40,"turns":9}],"seed_played":"1744476753306989190","potions_obtained":[{"floor":1.0,"key":"EssenceOfSteel"},{"floor":4.0,"key":"Swift Potion"},{"floor":12.0,"key":"Weak Potion"},{"floor":16.0,"key":"SpeedPotion"},{"floor":18.0,"key":"LiquidBronze"},{"floor":24.0,"key":"Strength Potion"},{"floor":31.0,"key":"Block Potion"},{"floor":35.0,"key":"Regen Potion"}],"is_trial":false,"path_per_floor":["M","?","$","M","M","R","E","R","T","M","M","E","R","M","R","B",null,"M","?","M","M","M","R","E","M","T","M","$","E","R","M","R","B",null,"M","?","?","$","M","E"],"character_chosen":"IRONCLAD","items_purchased":["Limit Break","War Paint"],"campfire_rested":0,"item_purchase_floors":[28,28],"current_hp_per_floor":[72,72,72,72,67,67,46,46,46,48,48,27,27,25,25,10,59,48,48,59,48,54,54,59,76,76,70,70,55,55,62,62,15,68,65,65,83,83,69,0],"gold":12,"neow_bonus":"RANDOM_COMMON_RELIC","is_prod":false,"is_daily":false,"chose_seed":false,"campfire_upgraded":7,"win_rate":0,"timestamp":1557600672,"path_taken":["M","?","$","M","M","R","E","R","T","M","?","E","R","M","R","BOSS","M","?","?","M","M","R","E","M","T","M","$","E","R","M","R","BOSS","M","?","?","?","M","E"],"build_version":"2019-05-07","purchased_purges":2,"victory":false,"max_hp_per_floor":[75,75,75,75,75,75,75,75,75,75,75,75,75,75,75,75,75,75,75,75,75,75,75,75,78,78,78,78,78,78,82,82,86,86,89,89,89,89,89,89],"card_choices":[{"not_picked":["Second Wind","Warcry"],"picked":"Combust","floor":1.0},{"not_picked":["Perfected Strike","Entrench"],"picked":"Combust","floor":4.0},{"not_picked":["Metallicize","Flex"],"picked":"Pommel Strike","floor":5.0},{"not_picked":["Flex","Dual Wield"],"picked":"Armaments","floor":7.0},{"not_picked":["Dropkick","Thunderclap"],"picked":"Shockwave","floor":10.0},{"not_picked":["Sword Boomerang","Reckless Charge"],"picked":"Disarm","floor":11.0},{"not_picked":["Shockwave","Metallicize"],"picked":"Uppercut","floor":12.0},{"not_picked":["Clash","Cleave","Burning Pact"],"picked":"SKIP","floor":14.0},{"not_picked":["Double Tap","Juggernaut"],"picked":"Reaper","floor":16.0},{"not_picked":["Pummel","Reckless Charge"],"picked":"Feel No Pain","floor":18.0},{"not_picked":["Headbutt+1","True Grit"],"picked":"Feel No Pain","floor":20.0},{"not_picked":["Clothesline","Combust","Wild Strike+1"],"picked":"SKIP","floor":21.0},{"not_picked":["Reckless Charge","Wild Strike"],"picked":"Reaper","floor":22.0},{"not_picked":["Thunderclap","True Grit"],"picked":"Feed","floor":24.0},{"not_picked":["Headbutt","Second Wind","Body Slam"],"picked":"SKIP","floor":25.0},{"not_picked":["Iron Wave","Headbutt","Searing Blow"],"picked":"SKIP","floor":27.0},{"not_picked":["Dropkick","Sentinel","Clash"],"picked":"SKIP","floor":29.0},{"not_picked":["Bloodletting+1","Uppercut","Armaments+1"],"picked":"SKIP","floor":31.0},{"not_picked":["Brutality","Barricade"],"picked":"Juggernaut","floor":33.0},{"not_picked":["Thunderclap","Heavy Blade"],"picked":"Body Slam+1","floor":35.0},{"not_picked":["Anger","Iron Wave+1","Double Tap+1"],"picked":"SKIP","floor":39}],"player_experience":2048974,"relics_obtained":[{"floor":7.0,"key":"Omamori"},{"floor":9.0,"key":"Whetstone"},{"floor":12.0,"key":"Ancient Tea Set"},{"floor":24.0,"key":"Bottled Lightning"},{"floor":26.0,"key":"Self Forming Clay"},{"floor":29.0,"key":"Toxic Egg 2"}],"event_choices":[{"damage_healed":0.0,"max_hp_gain":0.0,"max_hp_loss":0.0,"gold_gain":0.0,"event_name":"FaceTrader","player_choice":"Trade","floor":2.0,"gold_loss":0.0,"damage_taken":0.0,"relics_obtained":["CultistMask"]},{"damage_healed":0.0,"max_hp_gain":0.0,"max_hp_loss":0.0,"gold_gain":0.0,"event_name":"Duplicator","player_choice":"Copied","floor":19.0,"gold_loss":0.0,"damage_taken":0.0,"cards_obtained":["Disarm"]},{"damage_healed":0.0,"max_hp_gain":0.0,"max_hp_loss":0.0,"gold_gain":0.0,"event_name":"Tomb of Lord Red Mask","player_choice":"Paid","floor":36.0,"gold_loss":154.0,"damage_taken":0.0,"relics_obtained":["Red Mask"]},{"damage_healed":18.0,"max_hp_gain":0.0,"max_hp_loss":0.0,"gold_gain":0.0,"event_name":"Winding Halls","player_choice":"Writhe","floor":37.0,"gold_loss":0.0,"damage_taken":0.0,"cards_obtained":["Writhe"]}],"is_beta":true,"boss_relics":[{"not_picked":["Runic Cube","Empty Cage"],"picked":"Coffee Dripper"},{"not_picked":["Lizard Tail","Sozu"],"picked":"Velvet Choker"}],"items_purged_floors":[3,28],"is_endless":false,"potions_floor_spawned":[1,4,12,14,16,18,22,24,31,35],"killed_by":"Nemesis","ascension_level":20}