{"gold_per_floor":[111,129,129,89,104,104,137,150,173,173,173,192,192,192,192,316,316,332,332,332,407,422,422,332,257,257,115,115,40,55,69,69,69],"floor_reached":33,"playtime":833,"items_purged":["Defend_R+1"],"score":390,"play_id":"e02b6565-5d86-48b0-934b-e45c3e039eb2","local_time":"20190807121558","is_ascension_mode":true,"campfire_choices":[{"data":"Bash","floor":6,"key":"SMITH"},{"data":"Infernal Blade","floor":11,"key":"SMITH"},{"data":"Double Tap","floor":15,"key":"SMITH"},{"data":"Bludgeon","floor":23,"key":"SMITH"},{"data":"Secret Technique","floor":32,"key":"SMITH"}],"neow_cost":"NONE","seed_source_timestamp":372564634197000,"circlet_count":0,"master_deck":["AscendersBane","Defend_R","Defend_R","Bash+1","Double Tap+1","Infernal Blade+1","Whirlwind+1","Ghostly Armor","Bludgeon+1","Clash+1","Flex+1","Rampage+1","Shrug It Off","Secret Technique+1","Bite","Bite","Bite","Bite","Bite"],"relics":["Burning Blood","Golden Idol","Potion Belt","Juzu Bracelet","Vajra","Astrolabe","The Courier"],"potions_floor_usage":[7,16,30,30],"damage_taken":[{"damage":18,"enemies":"Small Slimes","floor":1,"turns":5},{"damage":10,"enemies":"2 Louse","floor":2,"turns":3},{"damage":6,"enemies":"Cultist","floor":5,"turns":3},{"damage":12,"enemies":"Gremlin Nob","floor":7,"turns":3},{"damage":11,"enemies":"Looter","floor":8,"turns":2},{"damage":11,"enemies":"Exordium Wildlife","floor":12,"turns":3},{"damage":39,"enemies":"The Guardian","floor":16,"turns":10},{"damage":11,"enemies":"3 Byrds","floor":18,"turns":4},{"damage":14,"enemies":"2 Thieves","floor":22,"turns":4},{"damage":14,"enemies":"Snake Plant","floor":30,"turns":2},{"damage":12,"enemies":"3 Cultists","floor":31,"turns":3},{"damage":76,"enemies":"Collector","floor":33,"turns":5}],"seed_played":"5422333168459628512","potions_obtained":[{"floor":1,"key":"Weak Potion"},{"floor":5,"key":"Fire Potion"},{"floor":16,"key":"AttackPotion"},{"floor":22,"key":"Regen Potion"}],"is_trial":false,"path_per_floor":["M","M","?","$","M","R","E","M","T","?","R","M","?","?","R","B",null,"M","?","?","?","M","R","?","$","T","$","?","?","M","M","R","B"],"character_chosen":"IRONCLAD","items_purchased":["Whirlwind","Secret Technique"],"campfire_rested":0,"item_purchase_floors":[4,27],"current_hp_per_floor":[60,56,36,36,36,36,30,25,25,25,25,20,46,43,43,10,63,58,58,58,50,42,42,42,42,42,42,42,42,47,49,49,0],"gold":69,"neow_bonus":"ONE_RANDOM_RARE_CARD","is_prod":false,"is_daily":false,"chose_seed":false,"campfire_upgraded":5,"win_rate":0,"timestamp":1565147758,"path_taken":["M","M","?","$","M","R","E","M","T","?","R","M","?","?","R","BOSS","M","?","?","?","M","R","?","$","T","$","?","?","M","M","R","BOSS"],"build_version":"2019-07-17","purchased_purges":1,"victory":false,"max_hp_per_floor":[80,80,80,80,80,80,80,80,80,80,80,80,80,80,80,80,80,80,80,80,80,80,80,80,80,80,80,56,56,56,56,56,56],"card_choices":[{"not_picked":["Disarm","Headbutt"],"picked":"Infernal Blade","floor":1},{"not_picked":["Flex","Rage","Pommel Strike"],"picked":"SKIP","floor":2},{"not_picked":["Seeing Red","Carnage","Rage"],"picked":"SKIP","floor":5},{"not_picked":["True Grit","Pummel","Carnage"],"picked":"SKIP","floor":7},{"not_picked":["Burning Pact","Entrench","Headbutt"],"picked":"SKIP","floor":8},{"not_picked":["Perfected Strike","Clash"],"picked":"Ghostly Armor","floor":12},{"not_picked":["Double Tap","Dark Embrace"],"picked":"Bludgeon","floor":16},{"not_picked":["Clash+1","Flex","Disarm"],"picked":"SKIP","floor":18},{"not_picked":["True Grit","Iron Wave"],"picked":"Shrug It Off","floor":22},{"not_picked":["Body Slam","Warcry","Hemokinesis+1"],"picked":"SKIP","floor":30},{"not_picked":["Armaments","Warcry","Headbutt"],"picked":"SKIP","floor":31}],"player_experience":139427,"relics_obtained":[{"floor":7,"key":"Potion Belt"},{"floor":9,"key":"Juzu Bracelet"},{"floor":26,"key":"The Courier"}],"event_choices":[{"damage_healed":0,"gold_gain":0,"player_choice":"Take Damage","damage_taken":20,"relics_obtained":["Golden Idol"],"max_hp_gain":0,"max_hp_loss":0,"event_name":"Golden Idol","floor":3,"gold_loss":0},{"cards_removed":["Strike_R"],"damage_healed":0,"gold_gain":0,"player_choice":"Offered Basic","damage_taken":0,"max_hp_gain":0,"max_hp_loss":0,"event_name":"Bonfire Elementals","floor":10,"gold_loss":0},{"damage_healed":26,"gold_gain":0,"player_choice":"Banana","damage_taken":0,"max_hp_gain":0,"max_hp_loss":0,"event_name":"Big Fish","floor":13,"gold_loss":0},{"damage_healed":0,"gold_gain":0,"player_choice":"Success","damage_taken":3,"relics_obtained":["Vajra"],"max_hp_gain":0,"max_hp_loss":0,"event_name":"Scrap Ooze","floor":14,"gold_loss":0},{"damage_healed":0,"gold_gain":0,"player_choice":"Upgraded","damage_taken":0,"max_hp_gain":0,"max_hp_loss":0,"event_name":"Upgrade Shrine","floor":19,"gold_loss":0,"cards_upgraded":["Whirlwind"]},{"damage_healed":0,"gold_gain":0,"player_choice":"Ignored","damage_taken":0,"max_hp_gain":0,"max_hp_loss":0,"event_name":"Ghosts","floor":20,"gold_loss":0},{"damage_healed":0,"gold_gain":75,"player_choice":"Touch","damage_taken":8,"max_hp_gain":0,"max_hp_loss":0,"event_name":"FaceTrader","floor":21,"gold_loss":0},{"cards_removed":["Strike_R"],"damage_healed":0,"gold_gain":0,"player_choice":"Upgrade and Remove","damage_taken":0,"max_hp_gain":0,"max_hp_loss":0,"event_name":"Designer","floor":24,"gold_loss":90,"cards_upgraded":["Defend_R"]},{"damage_healed":0,"gold_gain":0,"player_choice":"Became a vampire","damage_taken":0,"max_hp_gain":0,"max_hp_loss":24,"event_name":"Vampires","floor":28,"gold_loss":0,"cards_obtained":["Bite","Bite","Bite","Bite","Bite"]},{"cards_removed":["Defend_R"],"damage_healed":0,"gold_gain":0,"player_choice":"Gave Gold","damage_taken":0,"max_hp_gain":0,"max_hp_loss":0,"event_name":"Beggar","floor":29,"gold_loss":75}],"is_beta":false,"boss_relics":[{"not_picked":["Runic Pyramid","White Beast Statue"],"picked":"Astrolabe"}],"items_purged_floors":[25],"is_endless":false,"potions_floor_spawned":[1,5,16,22],"killed_by":"Collector","ascension_level":10}