{"gold_per_floor":[109,126,139,157,171,171,15,15,39,54,64,64,83,101,101,206,206,206,206,36,36,36],"floor_reached":22,"playtime":2427,"items_purged":["Defend_G"],"score":184,"play_id":"897fee73-d8b5-4f11-a168-8b684a190900","local_time":"20190729212923","is_ascension_mode":false,"campfire_choices":[{"data":"Dodge and Roll","floor":6,"key":"SMITH"},{"data":"Finisher","floor":8,"key":"SMITH"},{"floor":15,"key":"REST"}],"neow_cost":"NONE","seed_source_timestamp":41404506390820,"circlet_count":0,"master_deck":["Strike_G","Strike_G","Strike_G","Strike_G","Strike_G","Defend_G","Defend_G","Defend_G","Defend_G","Survivor","Neutralize","Dodge and Roll+1","Flying Knee","Finisher+1","All Out Attack","Night Terror","Malaise","Footwork","Bouncing Flask","Noxious Fumes","Bouncing Flask","A Thousand Cuts","Dagger Spray","Blade Dance","Secret Weapon","Acrobatics+1"],"relics":["Ring of the Snake","Snake Skull","Ancient Tea Set","Ectoplasm"],"potions_floor_usage":[10],"damage_taken":[{"damage":1,"enemies":"Jaw Worm","floor":1,"turns":4},{"damage":4,"enemies":"Cultist","floor":2,"turns":5},{"damage":0,"enemies":"Small Slimes","floor":3,"turns":5},{"damage":0,"enemies":"Looter","floor":4,"turns":4},{"damage":4,"enemies":"Red Slaver","floor":5,"turns":4},{"damage":0,"enemies":"3 Louse","floor":10,"turns":3},{"damage":4,"enemies":"Looter","floor":11,"turns":3},{"damage":6,"enemies":"Exordium Wildlife","floor":13,"turns":5},{"damage":12,"enemies":"Red Slaver","floor":14,"turns":3},{"damage":34,"enemies":"Hexaghost","floor":16,"turns":7},{"damage":10,"enemies":"Chosen","floor":18,"turns":3},{"damage":10,"enemies":"3 Byrds","floor":19,"turns":4},{"damage":45,"enemies":"Sentry and Sphere","floor":21,"turns":6},{"damage":22,"enemies":"Snecko","floor":22,"turns":4}],"seed_played":"1275546212358311326","potions_obtained":[{"floor":1,"key":"Regen Potion"},{"floor":2,"key":"AttackPotion"},{"floor":10,"key":"SkillPotion"},{"floor":13,"key":"PowerPotion"},{"floor":16,"key":"FearPotion"},{"floor":18,"key":"Strength Potion"},{"floor":21,"key":"GhostInAJar"}],"is_trial":false,"path_per_floor":["M","M","M","M","M","R","$","R","T","M","M","?","M","M","R","B",null,"M","M","$","M","M"],"character_chosen":"THE_SILENT","items_purchased":["Malaise","Secret Weapon"],"campfire_rested":1,"item_purchase_floors":[7,20],"current_hp_per_floor":[76,72,72,72,68,68,68,68,68,77,73,73,67,55,77,43,77,67,57,57,12,0],"gold":36,"neow_bonus":"TEN_PERCENT_HP_BONUS","is_prod":false,"is_daily":false,"chose_seed":false,"campfire_upgraded":2,"win_rate":0.0,"timestamp":1564460963,"path_taken":["M","M","M","M","M","R","$","R","T","M","M","?","M","M","R","BOSS","M","M","$","M","M"],"build_version":"2019-07-17","purchased_purges":1,"victory":false,"max_hp_per_floor":[77,77,77,77,77,77,77,77,77,77,77,77,77,77,77,77,77,77,77,77,77,77],"card_choices":[{"not_picked":["Distraction","Riddle With Holes"],"picked":"Dodge and Roll","floor":1},{"not_picked":["Dagger Spray","Distraction"],"picked":"Flying Knee","floor":2},{"not_picked":["Outmaneuver","Prepared"],"picked":"Finisher","floor":3},{"not_picked":["Predator","Well Laid Plans"],"picked":"All Out Attack","floor":4},{"not_picked":["Blade Dance","Dodge and Roll"],"picked":"Night Terror","floor":5},{"not_picked":["Backflip","Deflect"],"picked":"Footwork","floor":10},{"not_picked":["All Out Attack","Deflect"],"picked":"Bouncing Flask","floor":11},{"not_picked":["Deflect","Acrobatics"],"picked":"Noxious Fumes","floor":13},{"not_picked":["Outmaneuver","Noxious Fumes"],"picked":"Bouncing Flask","floor":14},{"not_picked":["Tools of the Trade","Wraith Form v2"],"picked":"A Thousand Cuts","floor":16},{"not_picked":["Backflip","Deflect"],"picked":"Dagger Spray","floor":18},{"not_picked":["Quick Slash","Dodge and Roll+1"],"picked":"Blade Dance","floor":19},{"not_picked":["Riddle With Holes","Poisoned Stab"],"picked":"Acrobatics+1","floor":21}],"player_experience":4104,"relics_obtained":[{"floor":9,"key":"Snake Skull"}],"event_choices":[{"damage_healed":0,"gold_gain":0,"player_choice":"Gave Potion","damage_taken":0,"relics_obtained":["Ancient Tea Set"],"max_hp_gain":0,"max_hp_loss":0,"event_name":"WeMeetAgain","floor":12,"gold_loss":0}],"is_beta":false,"boss_relics":[{"not_picked":["Tiny House","Snecko Eye"],"picked":"Ectoplasm"}],"items_purged_floors":[7],"is_endless":false,"potions_floor_spawned":[1,2,10,13,16,18,21],"killed_by":"Snecko","ascension_level":0}