{"gold_per_floor":[116,136,152,169,184,214,214,214],"floor_reached":8,"playtime":494,"items_purged":[],"score":60,"play_id":"b2e8ce5e-ad1b-4a2c-b253-59b30aaab31f","local_time":"20190629011149","is_ascension_mode":false,"campfire_choices":[],"neow_cost":"TEN_PERCENT_HP_LOSS","seed_source_timestamp":228430663735200,"circlet_count":0,"master_deck":["Strike_R","Strike_R","Strike_R","Strike_R","Strike_R","Defend_R","Defend_R","Defend_R","Defend_R","Bash","Pommel Strike","Clothesline","Burning Pact","Battle Trance","Heavy Blade","Barricade+1"],"relics":["Burning Blood","Torii","Shovel"],"potions_floor_usage":[5],"damage_taken":[{"damage":2,"enemies":"Cultist","floor":1,"turns":4},{"damage":8,"enemies":"Small Slimes","floor":2,"turns":3},{"damage":1,"enemies":"2 Louse","floor":3,"turns":2},{"damage":3,"enemies":"Looter","floor":4,"turns":4},{"damage":18,"enemies":"Large Slime","floor":5,"turns":7},{"damage":46,"enemies":"3 Sentries","floor":6,"turns":9},{"damage":21,"enemies":"Lagavulin","floor":8,"turns":5}],"seed_played":"-4608231628523660210","potions_obtained":[{"floor":1,"key":"Poison Potion"},{"floor":5,"key":"Ancient Potion"},{"floor":6,"key":"SteroidPotion"}],"is_trial":false,"path_per_floor":["M","M","M","M","M","E","?","E"],"character_chosen":"IRONCLAD","items_purchased":[],"campfire_rested":0,"item_purchase_floors":[],"current_hp_per_floor":[72,70,72,72,60,20,20,0],"gold":214,"neow_bonus":"ONE_RARE_RELIC","is_prod":false,"is_daily":false,"chose_seed":false,"campfire_upgraded":0,"win_rate":0,"timestamp":1561738309,"path_taken":["M","M","?","M","M","E","?","E"],"build_version":"2019-01-23","purchased_purges":0,"victory":false,"max_hp_per_floor":[72,72,72,72,72,72,72,72],"card_choices":[{"not_picked":["Combust","Burning Pact"],"picked":"Pommel Strike","floor":1},{"not_picked":["Iron Wave","Perfected Strike"],"picked":"Clothesline","floor":2},{"not_picked":["Combust","Iron Wave"],"picked":"Burning Pact","floor":3},{"not_picked":["Thunderclap","Metallicize"],"picked":"Battle Trance","floor":4},{"not_picked":["Burning Pact","Entrench"],"picked":"Heavy Blade","floor":5},{"not_picked":["Rampage","Body Slam"],"picked":"Barricade","floor":6}],"player_experience":34635,"relics_obtained":[{"floor":6,"key":"Shovel"}],"event_choices":[{"damage_healed":0,"gold_gain":0,"player_choice":"Grow","damage_taken":0,"max_hp_gain":0,"max_hp_loss":0,"event_name":"Living Wall","floor":7,"gold_loss":0,"cards_upgraded":["Barricade"]}],"is_beta":false,"boss_relics":[],"items_purged_floors":[],"is_endless":false,"potions_floor_spawned":[1,3,5,6],"killed_by":"Lagavulin","ascension_level":0}