{"gold_per_floor":[111,61,128,128,128,153,153,482,506,524,449,475,485,497,497,599,599,617,517,530,550,550,550,550,550,550,561,561,286,286,305,305,410,410,427,427,445,445,460,460,460,488,537,637,657,90,121,121,121,121],"floor_reached":51,"playtime":1767,"items_purged":["Strike_R","Defend_R"],"score":1144,"play_id":"ec8f2a9c-674e-499a-97c1-4784db4c78af","local_time":"20190806082502","is_ascension_mode":true,"campfire_choices":[{"data":"Limit Break","floor":7,"key":"SMITH"},{"data":"Uppercut","floor":15,"key":"SMITH"},{"floor":23,"key":"REST"},{"data":"Flex","floor":25,"key":"SMITH"},{"floor":30,"key":"REST"},{"floor":32,"key":"REST"},{"floor":40,"key":"REST"},{"floor":49,"key":"REST"}],"neow_cost":"NONE","seed_source_timestamp":271360260712600,"circlet_count":0,"master_deck":["Defend_R+1","Defend_R+1","Bash+1","Uppercut+1","Limit Break+1","Twin Strike","Limit Break+1","Demon Form","Seeing Red+1","Inflame+1","Flex+1","Impervious","Disarm+1","Offering","Flex+1","Disarm","Twin Strike+1","Finesse","Shrug It Off","Reaper"],"relics":["Burning Blood","NeowsBlessing","Self Forming Clay","Ornamental Fan","Old Coin","Bronze Scales","War Paint","Astrolabe","Pen Nib","Brimstone","Fusion Hammer","Bottled Flame","Dream Catcher","Bird Faced Urn","Unceasing Top","Strange Spoon","Shuriken"],"potions_floor_usage":[16,16,27,33,47,50,50,50],"damage_taken":[{"damage":0,"enemies":"Cultist","floor":1,"turns":1},{"damage":0,"enemies":"Lagavulin","floor":6,"turns":1},{"damage":0,"enemies":"3 Sentries","floor":8,"turns":2},{"damage":16,"enemies":"Jaw Worm","floor":10,"turns":4},{"damage":32,"enemies":"Lagavulin","floor":12,"turns":5},{"damage":5,"enemies":"2 Louse","floor":13,"turns":2},{"damage":8,"enemies":"Blue Slaver","floor":14,"turns":4},{"damage":40,"enemies":"Hexaghost","floor":16,"turns":9},{"damage":7,"enemies":"Chosen","floor":18,"turns":5},{"damage":16,"enemies":"Spheric Guardian","floor":20,"turns":4},{"damage":21,"enemies":"Centurion and Healer","floor":21,"turns":5},{"damage":24,"enemies":"Snecko","floor":27,"turns":4},{"damage":26,"enemies":"Colosseum Slavers","floor":28,"turns":4},{"damage":27,"enemies":"Snake Plant","floor":31,"turns":3},{"damage":29,"enemies":"Collector","floor":33,"turns":6},{"damage":7,"enemies":"Orb Walker","floor":35,"turns":2},{"damage":21,"enemies":"3 Darklings","floor":37,"turns":3},{"damage":8,"enemies":"Maw","floor":39,"turns":5},{"damage":8,"enemies":"Nemesis","floor":42,"turns":3},{"damage":12,"enemies":"Mind Bloom Boss Battle","floor":44,"turns":3},{"damage":6,"enemies":"Transient","floor":45,"turns":5},{"damage":38,"enemies":"Reptomancer","floor":47,"turns":2},{"damage":55,"enemies":"Time Eater","floor":50,"turns":6}],"seed_played":"9142713328257319118","potions_obtained":[{"floor":8,"key":"SteroidPotion"},{"floor":14,"key":"Fire Potion"},{"floor":18,"key":"GamblersBrew"},{"floor":31,"key":"Energy Potion"},{"floor":42,"key":"SteroidPotion"},{"floor":44,"key":"Dexterity Potion"},{"floor":45,"key":"Dexterity Potion"},{"floor":47,"key":"PowerPotion"}],"is_trial":false,"path_per_floor":["M","?","?","?","?","E","R","E","T","M","$","E","M","M","R","B",null,"M","$","M","M","?","R","?","R","T","M","?","$","R","M","R","B",null,"M","?","M","?","M","R","?","E","T","?","M","$","E","?","R","B",null],"character_chosen":"IRONCLAD","items_purchased":["Brimstone","Impervious","Unceasing Top","Strange Spoon","Finesse"],"campfire_rested":5,"item_purchase_floors":[29,29,46,46,46],"current_hp_per_floor":[78,78,78,66,66,72,72,78,78,68,68,42,43,41,41,7,62,61,61,51,36,21,46,46,46,46,28,8,8,33,12,37,14,67,66,66,51,51,49,74,74,72,72,66,70,70,40,40,65,71],"gold":121,"neow_bonus":"THREE_ENEMY_KILL","is_prod":false,"is_daily":false,"chose_seed":false,"campfire_upgraded":3,"win_rate":0,"timestamp":1565047502,"path_taken":["M","?","?","?","?","E","R","E","T","M","$","E","M","M","R","BOSS","M","$","M","M","?","R","?","R","T","?","?","?","R","M","R","BOSS","M","?","?","?","?","R","?","E","T","?","M","$","E","?","R","BOSS"],"build_version":"2019-07-17","purchased_purges":2,"victory":true,"max_hp_per_floor":[80,80,80,80,80,80,80,80,80,80,80,80,80,80,80,80,80,80,80,80,80,85,85,85,85,85,85,85,85,85,85,85,85,85,85,85,85,85,85,85,85,85,85,85,85,85,85,85,85,85],"card_choices":[{"not_picked":["Havoc","Warcry"],"picked":"Uppercut","floor":1},{"not_picked":["Cleave","Sentinel"],"picked":"Limit Break","floor":6},{"not_picked":["Thunderclap","Havoc","True Grit"],"picked":"SKIP","floor":8},{"not_picked":["Headbutt","Burning Pact"],"picked":"Twin Strike","floor":10},{"not_picked":["Wild Strike","Clothesline","Twin Strike"],"picked":"SKIP","floor":12},{"not_picked":["Heavy Blade","True Grit","Body Slam"],"picked":"SKIP","floor":13},{"not_picked":["Havoc","Anger"],"picked":"Limit Break","floor":14},{"not_picked":["Offering","Fiend Fire"],"picked":"Demon Form","floor":16},{"not_picked":["Heavy Blade","Clothesline","Twin Strike+1"],"picked":"SKIP","floor":18},{"not_picked":["Feel No Pain","Seeing Red"],"picked":"Flex","floor":20},{"not_picked":["Pummel","Feel No Pain","Second Wind"],"picked":"SKIP","floor":21},{"not_picked":["True Grit","Body Slam","Wild Strike"],"picked":"SKIP","floor":27},{"not_picked":["Power Through","Sword Boomerang"],"picked":"Disarm+1","floor":31},{"not_picked":["Exhume","Immolate"],"picked":"Offering","floor":33},{"not_picked":["Iron Wave","Body Slam+1"],"picked":"Flex+1","floor":35},{"not_picked":["Bloodletting","Cleave","Clash+1"],"picked":"SKIP","floor":37},{"not_picked":["Evolve+1","Iron Wave+1","Perfected Strike+1"],"picked":"SKIP","floor":39},{"not_picked":["Seeing Red","Brutality"],"picked":"Twin Strike+1","floor":42},{"not_picked":["Cleave","Iron Wave","Blood for Blood+1"],"picked":"SKIP","floor":45},{"not_picked":["Body Slam","Heavy Blade"],"picked":"Shrug It Off","floor":47}],"player_experience":133553,"relics_obtained":[{"floor":6,"key":"Ornamental Fan"},{"floor":8,"key":"Old Coin"},{"floor":9,"key":"Bronze Scales"},{"floor":12,"key":"War Paint"},{"floor":26,"key":"Pen Nib"},{"floor":42,"key":"Bottled Flame"},{"floor":43,"key":"Dream Catcher"},{"floor":44,"key":"Bird Faced Urn"},{"floor":47,"key":"Shuriken"}],"event_choices":[{"cards_removed":["Strike_R"],"damage_healed":0,"gold_gain":0,"player_choice":"Card Removal","damage_taken":0,"max_hp_gain":0,"max_hp_loss":0,"event_name":"The Cleric","floor":2,"gold_loss":50},{"damage_healed":0,"gold_gain":67,"player_choice":"Gained Gold","damage_taken":0,"max_hp_gain":0,"max_hp_loss":0,"event_name":"Golden Wing","floor":3,"gold_loss":0},{"damage_healed":0,"gold_gain":0,"player_choice":"Success","damage_taken":12,"relics_obtained":["Self Forming Clay"],"max_hp_gain":0,"max_hp_loss":0,"event_name":"Scrap Ooze","floor":4,"gold_loss":0},{"damage_healed":0,"gold_gain":0,"player_choice":"Grow","damage_taken":0,"max_hp_gain":0,"max_hp_loss":0,"event_name":"Living Wall","floor":5,"gold_loss":0,"cards_upgraded":["Bash"]},{"damage_healed":0,"gold_gain":0,"player_choice":"Shed Blood","damage_taken":20,"max_hp_gain":5,"max_hp_loss":0,"event_name":"Forgotten Altar","floor":22,"gold_loss":0},{"cards_removed":["Defend_R"],"damage_healed":0,"gold_gain":0,"player_choice":"Elegance","damage_taken":0,"max_hp_gain":0,"max_hp_loss":0,"event_name":"Back to Basics","floor":24,"gold_loss":0},{"damage_healed":0,"gold_gain":0,"player_choice":"Fight","damage_taken":0,"max_hp_gain":0,"max_hp_loss":0,"event_name":"Colosseum","floor":28,"gold_loss":0},{"damage_healed":0,"gold_gain":0,"player_choice":"Fled From Nobs","damage_taken":0,"max_hp_gain":0,"max_hp_loss":0,"event_name":"Colosseum","floor":28,"gold_loss":0},{"damage_healed":0,"gold_gain":0,"cards_transformed":["Fire Breathing"],"player_choice":"Transformed","damage_taken":0,"max_hp_gain":0,"max_hp_loss":0,"event_name":"Transmorgrifier","floor":36,"gold_loss":0,"cards_obtained":["Disarm"]},{"damage_healed":0,"gold_gain":0,"player_choice":"Forge","damage_taken":0,"max_hp_gain":0,"max_hp_loss":0,"event_name":"Accursed Blacksmith","floor":38,"gold_loss":0,"cards_upgraded":["Limit Break"]},{"damage_healed":0,"gold_gain":0,"player_choice":"Ignored","damage_taken":0,"max_hp_gain":0,"max_hp_loss":0,"event_name":"Tomb of Lord Red Mask","floor":41,"gold_loss":0},{"damage_healed":0,"gold_gain":0,"player_choice":"Fight","damage_taken":0,"max_hp_gain":0,"max_hp_loss":0,"event_name":"MindBloom","floor":44,"gold_loss":0},{"damage_healed":0,"gold_gain":0,"player_choice":"1 cards matched","damage_taken":0,"max_hp_gain":0,"max_hp_loss":0,"event_name":"Match and Keep!","floor":48,"gold_loss":0,"cards_obtained":["Reaper"]}],"is_beta":false,"boss_relics":[{"not_picked":["Tiny House","Runic Cube"],"picked":"Astrolabe"},{"not_picked":["Lizard Tail","Eternal Feather"],"picked":"Fusion Hammer"}],"items_purged_floors":[11,19],"is_endless":false,"potions_floor_spawned":[8,14,18,28,31,42,44,45,47],"ascension_level":8}