{"gold_per_floor":[114,126,81,101,101,119,72,90,117,117,131,131,166,178,178,282,282,300,300,300,7,27,27,27],"floor_reached":24,"playtime":2608,"items_purged":[],"score":198,"play_id":"0daf1de3-a6db-4903-9a51-cf960cc9446c","local_time":"20190403145307","is_ascension_mode":false,"campfire_choices":[{"data":"Perfected Strike","floor":15,"key":"SMITH"},{"floor":23,"key":"REST"}],"neow_cost":"","seed_source_timestamp":6652494793764,"circlet_count":0,"master_deck":["Strike_R","Strike_R","Strike_R","Strike_R","Strike_R","Defend_R","Defend_R","Defend_R","Bash","Shrug It Off","Iron Wave","Perfected Strike+1","Metallicize","Perfected Strike+1","Twin Strike","Body Slam","Pommel Strike","Twin Strike","Berserk","Dual Wield","Perfected Strike","Warcry","Metallicize","Mayhem","Whirlwind"],"relics":["Burning Blood","Boot","Bag of Marbles","Philosopher\u0027s Stone"],"potions_floor_usage":[24],"damage_taken":[{"damage":1,"enemies":"Cultist","floor":1,"turns":4},{"damage":9,"enemies":"2 Louse","floor":2,"turns":3},{"damage":6,"enemies":"Jaw Worm","floor":4,"turns":3},{"damage":0,"enemies":"2 Fungi Beasts","floor":6,"turns":3},{"damage":4,"enemies":"Blue Slaver","floor":8,"turns":4},{"damage":10,"enemies":"Red Slaver","floor":11,"turns":3},{"damage":30,"enemies":"3 Sentries","floor":13,"turns":7},{"damage":1,"enemies":"2 Fungi Beasts","floor":14,"turns":2},{"damage":46,"enemies":"The Guardian","floor":16,"turns":11},{"damage":0,"enemies":"Spheric Guardian","floor":18,"turns":3},{"damage":38,"enemies":"2 Thieves","floor":22,"turns":3},{"damage":89,"enemies":"Slavers","floor":24,"turns":4}],"seed_played":"-5390158465596466512","potions_obtained":[{"floor":2,"key":"SkillPotion"},{"floor":4,"key":"SkillPotion"},{"floor":8,"key":"SkillPotion"},{"floor":11,"key":"Explosive Potion"},{"floor":13,"key":"Ancient Potion"}],"is_trial":false,"path_per_floor":["M","M","$","M","?","M","$","M","T","?","M","?","E","M","R","B",null,"M","?","?","$","M","R","E"],"character_chosen":"IRONCLAD","items_purchased":["Perfected Strike","Twin Strike","Warcry","Metallicize","Mayhem"],"campfire_rested":1,"item_purchase_floors":[3,7,21,21,21],"current_hp_per_floor":[80,77,77,77,82,85,85,85,85,85,81,74,50,55,55,15,85,85,85,85,85,53,78,0],"gold":27,"neow_bonus":"","is_prod":false,"is_daily":false,"chose_seed":false,"campfire_upgraded":1,"win_rate":0.0,"timestamp":1554292387,"path_taken":["M","?","?","M","?","M","$","M","T","?","M","?","E","M","R","BOSS","M","?","?","$","M","R","E"],"build_version":"2019-01-23","purchased_purges":0,"victory":false,"max_hp_per_floor":[80,80,80,80,85,85,85,85,85,85,85,85,85,85,85,85,85,85,85,85,85,85,85,85],"card_choices":[{"not_picked":["Armaments","Flex"],"picked":"Shrug It Off","floor":1},{"not_picked":["Searing Blow","Headbutt"],"picked":"Iron Wave","floor":2},{"not_picked":["Headbutt","Rage"],"picked":"Metallicize","floor":4},{"not_picked":["Power Through","Impervious"],"picked":"Perfected Strike","floor":6},{"not_picked":["Infernal Blade","Bloodletting"],"picked":"Body Slam","floor":8},{"not_picked":["Clash","Searing Blow"],"picked":"Pommel Strike","floor":11},{"not_picked":["Sword Boomerang","Armaments"],"picked":"Twin Strike","floor":13},{"not_picked":["Clash","Sword Boomerang","Corruption"],"picked":"SKIP","floor":14},{"not_picked":["Reaper","Bludgeon"],"picked":"Berserk","floor":16},{"not_picked":["Iron Wave","Searing Blow"],"picked":"Dual Wield","floor":18},{"not_picked":["Sword Boomerang","True Grit"],"picked":"Whirlwind","floor":22}],"player_experience":0,"relics_obtained":[{"floor":9,"key":"Boot"},{"floor":13,"key":"Bag of Marbles"}],"event_choices":[{"damage_healed":0,"gold_gain":0,"player_choice":"Donut","damage_taken":0,"max_hp_gain":5,"max_hp_loss":0,"event_name":"Big Fish","floor":5,"gold_loss":0},{"damage_healed":0,"gold_gain":0,"player_choice":"Grow","damage_taken":0,"max_hp_gain":0,"max_hp_loss":0,"event_name":"Living Wall","floor":10,"gold_loss":0,"cards_upgraded":["Perfected Strike"]},{"cards_removed":["Defend_R"],"damage_healed":0,"gold_gain":0,"player_choice":"Card Removal","damage_taken":7,"max_hp_gain":0,"max_hp_loss":0,"event_name":"Golden Wing","floor":12,"gold_loss":0},{"damage_healed":0,"gold_gain":0,"player_choice":"Ignored","damage_taken":0,"max_hp_gain":0,"max_hp_loss":0,"event_name":"Ghosts","floor":19,"gold_loss":0},{"damage_healed":0,"gold_gain":0,"player_choice":"Read","damage_taken":0,"max_hp_gain":0,"max_hp_loss":0,"event_name":"The Library","floor":20,"gold_loss":0,"cards_obtained":["Perfected Strike"]}],"is_beta":false,"boss_relics":[{"not_picked":["Snecko Eye","Calling Bell"],"picked":"Philosopher\u0027s Stone"}],"items_purged_floors":[],"is_endless":false,"potions_floor_spawned":[2,4,8,11,13,22],"killed_by":"Slavers","ascension_level":0}