{"gold_per_floor":[99],"floor_reached":1,"playtime":100,"items_purged":[],"score":5,"play_id":"e85b583e-eb84-4f60-a4d2-7336b3e49f5f","local_time":"20190820022048","daily_mods":["Draft","Colorless Cards","Lethality"],"is_ascension_mode":false,"campfire_choices":[],"neow_cost":"","seed_source_timestamp":378228884755900,"circlet_count":0,"master_deck":["Slice","Quick Slash","Distraction","Leg Sweep","Backflip","PiercingWail","PiercingWail","Blur","Cloak And Dagger","Quick Slash","Quick Slash","Escape Plan","Slice","Underhanded Strike","Deep Breath"],"special_seed":18127,"relics":["Ring of the Snake"],"potions_floor_usage":[],"damage_taken":[{"damage":0,"enemies":"Small Slimes","floor":1,"turns":1}],"seed_played":"-1712421257355705167","potions_obtained":[],"is_trial":false,"path_per_floor":["M"],"character_chosen":"THE_SILENT","items_purchased":[],"campfire_rested":0,"item_purchase_floors":[],"current_hp_per_floor":[70],"gold":99,"neow_bonus":"","is_prod":false,"is_daily":true,"chose_seed":false,"campfire_upgraded":0,"win_rate":0,"timestamp":1566235248,"path_taken":["M"],"build_version":"2019-07-17","purchased_purges":0,"victory":false,"max_hp_per_floor":[70],"card_choices":[{"not_picked":["Expertise","Flying Knee"],"picked":"Slice","floor":0},{"not_picked":["Sucker Punch","All Out Attack"],"picked":"Quick Slash","floor":0},{"not_picked":["Expertise","Outmaneuver"],"picked":"Distraction","floor":0},{"not_picked":["Poisoned Stab","Deflect"],"picked":"Leg Sweep","floor":0},{"not_picked":["Outmaneuver","Deflect"],"picked":"Backflip","floor":0},{"not_picked":["Masterful Stab","Poisoned Stab"],"picked":"PiercingWail","floor":0},{"not_picked":["Deflect","Flying Knee"],"picked":"PiercingWail","floor":0},{"not_picked":["Quick Slash","Catalyst"],"picked":"Blur","floor":0},{"not_picked":["Dodge and Roll","Deflect"],"picked":"Cloak And Dagger","floor":0},{"not_picked":["Dagger Throw","Deflect"],"picked":"Quick Slash","floor":0},{"not_picked":["Bane","Deadly Poison"],"picked":"Quick Slash","floor":0},{"not_picked":["Poisoned Stab","Underhanded Strike"],"picked":"Escape Plan","floor":0},{"not_picked":["PiercingWail","Expertise"],"picked":"Slice","floor":0},{"not_picked":["Bane","Deadly Poison"],"picked":"Underhanded Strike","floor":0},{"not_picked":["Deadly Poison","Expertise"],"picked":"Deep Breath","floor":0}],"player_experience":152103,"relics_obtained":[],"event_choices":[],"is_beta":false,"boss_relics":[],"items_purged_floors":[],"is_endless":false,"potions_floor_spawned":[],"killed_by":"Small Slimes","ascension_level":0}