{"gold_per_floor":[118,293,43,43,57,83,83,96,144,154,9,9,37,68,68,171,171,188,200,110,35,50,50,81,92,167,167,185,213,245,270,282,294],"floor_reached":33,"playtime":2387,"items_purged":["Defend_B"],"score":293,"play_id":"dc8c1b4b-b4c9-480c-a657-6dfb2b74a9bd","local_time":"20190817085242","is_ascension_mode":false,"campfire_choices":[{"data":"Zap","floor":7,"key":"SMITH"},{"data":"Seek","floor":12,"key":"SMITH"},{"floor":15,"key":"RECALL"},{"floor":23,"key":"REST"},{"data":"Skim","floor":27,"key":"SMITH"},{"floor":32,"key":"REST"}],"neow_cost":"NONE","seed_source_timestamp":74540252765125,"circlet_count":0,"master_deck":["Strike_B","Strike_B+1","Strike_B","Strike_B","Defend_B","Defend_B","Defend_B","Zap+1","Dualcast","Static Discharge+1","Rebound+1","Barrage+1","Steam","Steam","Seek+1","Sunder+1","Go for the Eyes+1","Meteor Strike+1","Double Energy+1","Skim+1","Glacier","Go for the Eyes+1","Reinforced Body+1","Fission+1"],"relics":["Cracked Core","NeowsBlessing","Molten Egg 2","Bag of Preparation","Odd Mushroom","Bronze Scales","Philosopher\u0027s Stone","Ancient Tea Set","Bottled Lightning","Toxic Egg 2","Red Mask","MawBank"],"potions_floor_usage":[13,16,30,30],"damage_taken":[{"damage":0,"enemies":"Small Slimes","floor":1,"turns":1},{"damage":0,"enemies":"Jaw Worm","floor":5,"turns":1},{"damage":9,"enemies":"3 Sentries","floor":6,"turns":2},{"damage":3,"enemies":"2 Louse","floor":8,"turns":2},{"damage":0,"enemies":"2 Fungi Beasts","floor":10,"turns":2},{"damage":2,"enemies":"The Mushroom Lair","floor":13,"turns":4},{"damage":19,"enemies":"Lagavulin","floor":14,"turns":5},{"damage":31,"enemies":"Hexaghost","floor":16,"turns":8},{"damage":10,"enemies":"2 Thieves","floor":18,"turns":3},{"damage":17,"enemies":"Spheric Guardian","floor":19,"turns":3},{"damage":7,"enemies":"Shelled Parasite and Fungi","floor":22,"turns":5},{"damage":21,"enemies":"Book of Stabbing","floor":24,"turns":4},{"damage":2,"enemies":"Chosen and Byrds","floor":25,"turns":3},{"damage":0,"enemies":"Snake Plant","floor":28,"turns":2},{"damage":12,"enemies":"Slavers","floor":29,"turns":3},{"damage":0,"enemies":"Masked Bandits","floor":30,"turns":2},{"damage":50,"enemies":"Collector","floor":33,"turns":7}],"seed_played":"-2790504187574663612","potions_obtained":[{"floor":1,"key":"Ancient Potion"},{"floor":5,"key":"SkillPotion"},{"floor":22,"key":"Ancient Potion"},{"floor":28,"key":"GamblersBrew"}],"is_trial":false,"path_per_floor":["M","?","$","?","M","E","R","M","T","M","$","R","?","E","R","B",null,"M","M","?","$","M","R","E","M","T","R","M","E","?","T","R","B"],"character_chosen":"DEFECT","items_purchased":["Molten Egg 2","Seek"],"campfire_rested":2,"item_purchase_floors":[3,11],"current_hp_per_floor":[75,75,75,75,75,66,66,63,63,63,63,63,61,42,42,11,75,65,48,48,48,41,63,42,40,40,40,40,28,28,28,50,0],"gold":294,"neow_bonus":"THREE_ENEMY_KILL","is_prod":false,"is_daily":false,"chose_seed":false,"campfire_upgraded":3,"win_rate":0,"timestamp":1566057162,"path_taken":["M","?","$","?","M","E","R","M","T","M","$","R","?","E","R","BOSS","M","M","?","$","?","R","E","M","T","R","M","E","?","?","R","BOSS"],"build_version":"2019-07-17","purchased_purges":1,"victory":false,"max_hp_per_floor":[75,75,75,75,75,75,75,75,75,75,75,75,75,75,75,75,75,75,75,75,75,75,75,75,75,75,75,75,75,75,75,75,75],"card_choices":[{"not_picked":["Hologram","Stack"],"picked":"Static Discharge","floor":1},{"not_picked":["Beam Cell+1","Stack"],"picked":"Rebound+1","floor":5},{"not_picked":["Sunder+1","Beam Cell+1"],"picked":"Barrage+1","floor":6},{"not_picked":["Skim","Stack"],"picked":"Steam","floor":8},{"not_picked":["Rebound+1","Stack"],"picked":"Steam","floor":10},{"not_picked":["Rip and Tear+1","Ball Lightning+1"],"picked":"Sunder+1","floor":13},{"not_picked":["Beam Cell+1","Reprogram"],"picked":"Go for the Eyes+1","floor":14},{"not_picked":["Amplify","Buffer"],"picked":"Meteor Strike+1","floor":16},{"not_picked":["Doom and Gloom+1","Cold Snap+1","Auto Shields+1"],"picked":"SKIP","floor":18},{"not_picked":["Chill","Redo","BootSequence+1"],"picked":"SKIP","floor":19},{"not_picked":["Undo","Recycle"],"picked":"Double Energy+1","floor":22},{"not_picked":["Steam","Conserve Battery+1"],"picked":"Skim","floor":24},{"not_picked":["Defragment","Rebound+1"],"picked":"Glacier","floor":25},{"not_picked":["Rebound+1","Force Field"],"picked":"Go for the Eyes+1","floor":28},{"not_picked":["Compile Driver+1","Gash+1"],"picked":"Reinforced Body","floor":29},{"not_picked":["Leap+1","Static Discharge"],"picked":"Fission+1","floor":30}],"player_experience":136661,"relics_obtained":[{"floor":6,"key":"Bag of Preparation"},{"floor":13,"key":"Odd Mushroom"},{"floor":14,"key":"Bronze Scales"},{"floor":24,"key":"Ancient Tea Set"},{"floor":26,"key":"Bottled Lightning"},{"floor":29,"key":"Toxic Egg 2"},{"floor":30,"key":"Red Mask"},{"floor":31,"key":"MawBank"}],"event_choices":[{"damage_healed":0,"gold_gain":175,"player_choice":"AGREE","damage_taken":0,"max_hp_gain":0,"max_hp_loss":0,"event_name":"Liars Game","floor":2,"gold_loss":0,"cards_obtained":["Doubt"]},{"damage_healed":0,"gold_gain":0,"player_choice":"Grow","damage_taken":0,"max_hp_gain":0,"max_hp_loss":0,"event_name":"Living Wall","floor":4,"gold_loss":0,"cards_upgraded":["Static Discharge"]},{"damage_healed":0,"gold_gain":0,"player_choice":"Fought Mushrooms","damage_taken":0,"max_hp_gain":0,"max_hp_loss":0,"event_name":"Mushrooms","floor":13,"gold_loss":0},{"cards_removed":["Doubt"],"damage_healed":0,"gold_gain":0,"player_choice":"Upgrade and Remove","damage_taken":0,"max_hp_gain":0,"max_hp_loss":0,"event_name":"Designer","floor":20,"gold_loss":90,"cards_upgraded":["Strike_B"]},{"damage_healed":0,"gold_gain":0,"player_choice":"Fought Bandits","damage_taken":0,"max_hp_gain":0,"max_hp_loss":0,"event_name":"Masked Bandits","floor":30,"gold_loss":0}],"is_beta":false,"boss_relics":[{"not_picked":["Velvet Choker","Runic Dome"],"picked":"Philosopher\u0027s Stone"}],"items_purged_floors":[21],"is_endless":false,"potions_floor_spawned":[1,5,22,28],"killed_by":"Collector","ascension_level":0}