{"gold_per_floor":[117,133,15,15,65,95,95,121,121,141,141,175,190,190,190,190],"floor_reached":16,"playtime":654,"items_purged":["Strike_B"],"score":236,"play_id":"965ce6d0-eb9f-4e50-95ab-58fd51ea4495","local_time":"20181203214143","is_ascension_mode":true,"campfire_choices":[{"data":"Streamline","floor":7,"key":"SMITH"},{"floor":15,"key":"REST"}],"neow_cost":"NONE","seed_source_timestamp":1650067043247842,"circlet_count":0,"master_deck":["AscendersBane","Strike_B","Strike_B","Defend_B","Defend_B","Defend_B","Defend_B","Zap","Dualcast","Streamline+1","Hologram","Melter","Compile Driver","Ball Lightning","Reinforced Body","Fission","Gash"],"relics":["Cracked Core","Shuriken","Anchor","Ornamental Fan","Calipers"],"potions_floor_usage":[8],"damage_taken":[{"damage":1,"enemies":"Cultist","floor":1,"turns":3},{"damage":6,"enemies":"2 Louse","floor":2,"turns":3},{"damage":37,"enemies":"3 Sentries","floor":6,"turns":9},{"damage":8,"enemies":"Gremlin Nob","floor":8,"turns":3},{"damage":0,"enemies":"Small Slimes","floor":10,"turns":2},{"damage":16,"enemies":"Lagavulin","floor":12,"turns":6},{"damage":0,"enemies":"Red Slaver","floor":13,"turns":2},{"damage":24,"enemies":"Hexaghost","floor":16,"turns":7}],"seed_played":"7694663048428886572","potions_obtained":[{"floor":6,"key":"AttackPotion"},{"floor":10,"key":"Ancient Potion"}],"is_trial":false,"path_per_floor":["M","M","$","?","?","E","R","E","T","M","?","E","M","?","R","B"],"character_chosen":"DEFECT","items_purchased":["Melter"],"campfire_rested":1,"item_purchase_floors":[3],"current_hp_per_floor":[63,57,57,62,62,25,25,17,17,17,17,1,1,1,23,0],"gold":190,"neow_bonus":"REMOVE_CARD","is_prod":false,"is_daily":false,"chose_seed":false,"campfire_upgraded":1,"win_rate":0,"timestamp":1543873303,"path_taken":["M","M","$","?","?","E","R","E","T","?","?","E","?","?","R","BOSS"],"build_version":"2018-11-15","purchased_purges":1,"victory":false,"max_hp_per_floor":[71,71,71,76,76,76,76,76,76,76,76,76,76,76,76,76],"card_choices":[{"not_picked":["Rebound","Barrage"],"picked":"Streamline","floor":1},{"not_picked":["Stack","Barrage"],"picked":"Hologram","floor":2},{"not_picked":["Rebound","Scrape"],"picked":"Compile Driver","floor":6},{"not_picked":["Skim","Redo"],"picked":"Ball Lightning","floor":8},{"not_picked":["Turbo","Redo"],"picked":"Reinforced Body","floor":10},{"not_picked":["Machine Learning","Auto Shields","Turbo"],"picked":"SKIP","floor":12},{"not_picked":["Stack","Melter"],"picked":"Gash","floor":13}],"player_experience":1683288,"relics_obtained":[{"floor":6,"key":"Shuriken"},{"floor":8,"key":"Anchor"},{"floor":9,"key":"Ornamental Fan"},{"floor":12,"key":"Calipers"}],"event_choices":[{"damage_healed":0,"gold_gain":0,"player_choice":"Donut","damage_taken":0,"max_hp_gain":5,"max_hp_loss":0,"event_name":"Big Fish","floor":4,"gold_loss":0},{"damage_healed":0,"gold_gain":50,"player_choice":"Pray","damage_taken":0,"max_hp_gain":0,"max_hp_loss":0,"event_name":"Golden Shrine","floor":5,"gold_loss":0},{"damage_healed":0,"gold_gain":0,"player_choice":"1 cards matched","damage_taken":0,"max_hp_gain":0,"max_hp_loss":0,"event_name":"Match and Keep!","floor":11,"gold_loss":0,"cards_obtained":["Fission"]},{"damage_healed":0,"gold_gain":0,"player_choice":"Searched \u00270\u0027 times","damage_taken":0,"max_hp_gain":0,"max_hp_loss":0,"event_name":"Dead Adventurer","floor":14,"gold_loss":0}],"is_beta":true,"boss_relics":[],"items_purged_floors":[3],"is_endless":false,"potions_floor_spawned":[6,10],"killed_by":"Hexaghost","ascension_level":20}