{"path_per_floor":["M","?","?","M","M","R","M","R","T","M","R","?","M","$","R","B",null,"M","?","M","$","?","R","M","M","T","M","?","R","$","M","R","B",null,"M","?","$","M","?","E","R","M","T","M","?","R","M","M","R","B"],"character_chosen":"IRONCLAD","items_purchased":["Bronze Scales","Warcry"],"gold_per_floor":[114,114,114,128,138,138,152,152,152,170,170,170,188,37,37,134,134,134,134,134,6,6,6,6,6,6,6,6,6,6,6,6,6,6,6,6,6,6,6,6,6,6,6,6,6,6,6,6,6,6],"floor_reached":51,"campfire_rested":1,"playtime":3144,"item_purchase_floors":[],"current_hp_per_floor":[77,77,61,65,64,64,40,40,40,42,42,52,57,57,57,29,75,75,75,76,76,60,60,54,48,48,54,54,54,54,42,69,55,81,87,87,87,90,79,90,90,90,90,90,80,80,90,90,90,90],"items_purged":["Strike_R"],"gold":6,"score":1084,"play_id":"36110f74-f27e-4f7b-8f0e-292223ab4563","local_time":"20180523221928","is_prod":false,"is_daily":false,"chose_seed":false,"is_ascension_mode":true,"campfire_upgraded":9,"win_rate":0,"timestamp":1527110368,"campfire_choices":[{"data":"Body Slam","floor":6.0,"key":"SMITH"},{"data":"Armaments","floor":8.0,"key":"SMITH"},{"data":"Feel No Pain","floor":11.0,"key":"SMITH"},{"data":"Pommel Strike","floor":15.0,"key":"SMITH"},{"data":"Demon Form","floor":23.0,"key":"SMITH"},{"data":"Battle Trance","floor":29.0,"key":"SMITH"},{"floor":32.0,"key":"REST"},{"data":"Feel No Pain","floor":41.0,"key":"SMITH"},{"data":"Secret Technique","floor":46,"key":"SMITH"},{"data":"Warcry","floor":49,"key":"SMITH"}],"path_taken":["M","?","?","?","M","R","M","R","T","M","R","?","M","$","R","BOSS","M","?","M","?","?","R","M","?","T","M","?","R","$","M","R","BOSS","M","?","?","M","?","E","R","M","T","?","?","R","?","M","R","BOSS"],"build_version":"2018-05-23","seed_source_timestamp":0,"purchased_purges":1,"victory":true,"master_deck":["Defend_R","Defend_R","Defend_R+1","Defend_R","Bash+1","AscendersBane","Pommel Strike+1","Body Slam+1","Feel No Pain+1","Armaments+1","Reckless Charge","Impervious","Demon Form+1","Whirlwind","Shrug It Off","Battle Trance+1","Warcry","Feel No Pain+1","Shrug It Off","Sentinel","Limit Break","Dark Embrace+1","Reaper+1","Madness","Madness","Entrench","Intimidate","Secret Technique+1","Sadistic Nature","Good Instincts","Warcry+1","Ghostly Armor"],"max_hp_per_floor":[80,80,80,80,80,80,80,80,80,80,80,90,90,90,90,90,90,90,90,90,90,90,90,90,90,90,90,90,90,90,90,90,90,90,90,90,90,90,90,90,90,90,90,90,90,90,90,90,90,90],"relics":["Burning Blood","Self Forming Clay","Pear","Bronze Scales","Ectoplasm","Enchiridion","Bottled Flame","Astrolabe","Ancient Tea Set","Orichalcum"],"card_choices":[{"not_picked":["Dual Wield","Twin Strike"],"picked":"Pommel Strike","floor":1.0},{"not_picked":["Cleave","Heavy Blade"],"picked":"Body Slam","floor":4.0},{"not_picked":["Armaments","Wild Strike"],"picked":"Feel No Pain","floor":5.0},{"not_picked":["Pummel","Flex"],"picked":"Armaments","floor":7.0},{"not_picked":["Sword Boomerang","Body Slam"],"picked":"Reckless Charge","floor":10.0},{"not_picked":["Clothesline","Sword Boomerang"],"picked":"Impervious","floor":13.0},{"not_picked":["Fiend Fire","Exhume"],"picked":"Demon Form","floor":16.0},{"not_picked":["Perfected Strike+1","Shockwave"],"picked":"Whirlwind","floor":18.0},{"not_picked":["Pommel Strike+1","Fire Breathing"],"picked":"Battle Trance","floor":20.0},{"not_picked":["Body Slam","Shockwave","Headbutt+1"],"picked":"SKIP","floor":24.0},{"not_picked":["Clash","Pommel Strike"],"picked":"Feel No Pain","floor":25.0},{"not_picked":["Anger","Sword Boomerang"],"picked":"Shrug It Off","floor":27.0},{"not_picked":["Havoc","Searing Blow"],"picked":"Sentinel","floor":31.0},{"not_picked":["Juggernaut","Brutality"],"picked":"Limit Break","floor":33.0},{"not_picked":["Second Wind+1","Iron Wave","Headbutt"],"picked":"SKIP","floor":35.0},{"not_picked":["Rupture","Thunderclap+1","Sever Soul"],"picked":"SKIP","floor":38.0},{"not_picked":["Armaments+1","Flame Barrier"],"picked":"Entrench","floor":40.0},{"not_picked":["Clothesline","Second Wind","Cleave+1"],"picked":"SKIP","floor":42.0},{"not_picked":["Fire Breathing","Anger+1"],"picked":"Intimidate","floor":44},{"not_picked":["Dark Shackles","Trip"],"picked":"Secret Technique","floor":45},{"not_picked":["Good Instincts","Trip"],"picked":"Sadistic Nature","floor":45},{"not_picked":["Mind Blast","Blind"],"picked":"Good Instincts","floor":45},{"not_picked":["Pommel Strike+1","Pummel"],"picked":"Warcry","floor":47},{"not_picked":["Heavy Blade","Body Slam"],"picked":"Ghostly Armor","floor":48}],"player_experience":607089,"potions_floor_usage":[48],"damage_taken":[{"damage":1.0,"enemies":"Cultist","floor":1.0,"turns":4.0},{"damage":2.0,"enemies":"2 Louse","floor":4.0,"turns":3.0},{"damage":7.0,"enemies":"Jaw Worm","floor":5.0,"turns":3.0},{"damage":30.0,"enemies":"Gremlin Gang","floor":7.0,"turns":6.0},{"damage":4.0,"enemies":"Looter","floor":10.0,"turns":4.0},{"damage":1.0,"enemies":"Large Slime","floor":13.0,"turns":6.0},{"damage":34.0,"enemies":"Hexaghost","floor":16.0,"turns":8.0},{"damage":6.0,"enemies":"Spheric Guardian","floor":18.0,"turns":3.0},{"damage":5.0,"enemies":"3 Byrds","floor":20.0,"turns":3.0},{"damage":22.0,"enemies":"Snecko","floor":24.0,"turns":6.0},{"damage":12.0,"enemies":"Centurion and Healer","floor":25.0,"turns":6.0},{"damage":0.0,"enemies":"Cultist and Chosen","floor":27.0,"turns":5.0},{"damage":18.0,"enemies":"Snake Plant","floor":31.0,"turns":2.0},{"damage":20.0,"enemies":"Champ","floor":33.0,"turns":10.0},{"damage":0.0,"enemies":"Orb Walker","floor":35.0,"turns":4.0},{"damage":15.0,"enemies":"3 Darklings","floor":38.0,"turns":7.0},{"damage":38.0,"enemies":"Nemesis","floor":40.0,"turns":7.0},{"damage":0.0,"enemies":"Spire Growth","floor":42.0,"turns":6.0},{"damage":33,"enemies":"4 Shapes","floor":44,"turns":11},{"damage":34,"enemies":"Maw","floor":47,"turns":11},{"damage":6,"enemies":"Sphere and 2 Shapes","floor":48,"turns":7},{"damage":43,"enemies":"Time Eater","floor":50,"turns":9}],"relics_obtained":[{"floor":9.0,"key":"Self Forming Clay"},{"floor":22.0,"key":"Enchiridion"},{"floor":26.0,"key":"Bottled Flame"},{"floor":40.0,"key":"Ancient Tea Set"},{"floor":43.0,"key":"Orichalcum"}],"event_choices":[{"event_name":"Bonfire Elementals","player_choice":"BASIC","floor":2.0,"damage_taken":0.0},{"event_name":"Shining Light","player_choice":"Entered Light","floor":3.0,"damage_taken":0.0},{"event_name":"Dead Adventurer","player_choice":"Searched \u00271\u0027 times","floor":12.0,"damage_taken":0.0},{"event_name":"The Library","player_choice":"Read","floor":19.0,"damage_taken":0.0},{"event_name":"Cursed Tome","player_choice":"Obtained Book","floor":22.0,"damage_taken":0.0},{"event_name":"Beggar","player_choice":"Ignored","floor":28.0,"damage_taken":0.0},{"event_name":"Purifier","player_choice":"One Purge","floor":36.0,"damage_taken":0.0},{"event_name":"Winding Halls","player_choice":"Embrace Madness","floor":39.0,"damage_taken":0.0},{"event_name":"SensoryStone","player_choice":"Memory 3","floor":45,"damage_taken":0}],"boss_relics":[],"items_purged_floors":[],"potions_floor_spawned":[5,10,16,18,20,33,38,47,48],"seed_played":"-7339829957653200737","ascension_level":12,"potions_obtained":[{"floor":5.0,"key":"Weak Potion"},{"floor":10.0,"key":"Strength Potion"},{"floor":16.0,"key":"Fire Potion"},{"floor":18.0,"key":"Poison Potion"},{"floor":20.0,"key":"Regen Potion"},{"floor":33.0,"key":"Explosive Potion"},{"floor":38.0,"key":"Energy Potion"},{"floor":47,"key":"Swift Potion"},{"floor":48,"key":"SteroidPotion"}],"is_trial":false}