{"gold_per_floor":[16,16,16,16,30,61,61,72,99,99,99,99,142,158,158,251,251,272,272,272,297,212,212,246,246,246,281,0,50,66,8,8,107,107,125,146,159,4,4,4,22,22],"floor_reached":42,"playtime":1798,"items_purged":["Strike_B"],"score":984,"play_id":"9b1ccf70-0f68-4320-b5a3-1e713b3085da","local_time":"20181101170124","is_ascension_mode":true,"campfire_choices":[{"data":"Go for the Eyes","floor":7.0,"key":"SMITH"},{"data":"Ball Lightning","floor":10.0,"key":"SMITH"},{"data":"Compile Driver","floor":12.0,"key":"SMITH"},{"floor":15.0,"key":"REST"},{"data":"Coolheaded","floor":23.0,"key":"SMITH"},{"data":"Loop","floor":25.0,"key":"SMITH"},{"floor":32.0,"key":"REST"},{"data":"Defragment","floor":40,"key":"SMITH"}],"neow_cost":"NO_GOLD","seed_source_timestamp":0,"circlet_count":0,"master_deck":["AscendersBane","Defend_B","Defend_B","Defend_B","Defend_B","Zap+1","Dualcast","Gash","Compile Driver+1","Go for the Eyes+1","Ball Lightning+1","Leap","Ball Lightning","Rainbow","Compile Driver","Auto Shields","Loop+1","Coolheaded+1","Glacier","Defragment+1","Gash","Echo Form","Leap+1","Coolheaded+1","Parasite","Self Repair"],"special_seed":0,"relics":["FrozenCore","Happy Flower","Boot","Pen Nib","Golden Idol","Bronze Scales","Cursed Key","Sundial","Dodecahedron","Question Card","Meat on the Bone","Dead Branch"],"potions_floor_usage":[],"damage_taken":[{"damage":0.0,"enemies":"2 Louse","floor":1.0,"turns":3.0},{"damage":7.0,"enemies":"Jaw Worm","floor":5.0,"turns":2.0},{"damage":25.0,"enemies":"3 Sentries","floor":6.0,"turns":8.0},{"damage":0.0,"enemies":"Small Slimes","floor":8.0,"turns":2.0},{"damage":26.0,"enemies":"Gremlin Nob","floor":13.0,"turns":4.0},{"damage":3.0,"enemies":"3 Louse","floor":14.0,"turns":3.0},{"damage":0.0,"enemies":"Slime Boss","floor":16.0,"turns":7.0},{"damage":0.0,"enemies":"Chosen","floor":18.0,"turns":3.0},{"damage":0.0,"enemies":"Spheric Guardian","floor":21.0,"turns":3.0},{"damage":10.0,"enemies":"Book of Stabbing","floor":24.0,"turns":3.0},{"damage":26.0,"enemies":"Gremlin Leader","floor":27.0,"turns":5.0},{"damage":3.0,"enemies":"Snecko","floor":30.0,"turns":5.0},{"damage":42.0,"enemies":"Collector","floor":33.0,"turns":8.0},{"damage":5.0,"enemies":"3 Shapes","floor":35.0,"turns":5.0},{"damage":0.0,"enemies":"Orb Walker","floor":36.0,"turns":4.0},{"damage":8.0,"enemies":"Writhing Mass","floor":37.0,"turns":7.0},{"damage":49,"enemies":"Transient","floor":41,"turns":6},{"damage":43,"enemies":"Nemesis","floor":42,"turns":8}],"seed_played":"-5594752641800421927","potions_obtained":[{"floor":5.0,"key":"FocusPotion"},{"floor":6.0,"key":"SteroidPotion"},{"floor":18.0,"key":"AttackPotion"},{"floor":24.0,"key":"Ancient Potion"},{"floor":35.0,"key":"FearPotion"},{"floor":36.0,"key":"Energy Potion"}],"is_trial":false,"path_per_floor":["M","?","?","?","M","E","R","M","T","R","?","R","E","M","R","B",null,"M","?","T","M","?","R","E","R","T","E","$","?","M","?","R","B",null,"M","M","M","$","?","R","M","E"],"character_chosen":"DEFECT","items_purchased":["Meat on the Bone","Self Repair"],"campfire_rested":2,"item_purchase_floors":[28,38],"current_hp_per_floor":[78,73,66,66,59,34,34,34,34,34,34,34,8,5,28,28,65,65,65,65,65,65,65,55,55,55,29,29,29,38,38,61,31,66,61,61,53,53,53,53,30,0],"gold":22,"neow_bonus":"TWENTY_PERCENT_HP_BONUS","is_prod":false,"is_daily":false,"chose_seed":false,"campfire_upgraded":6,"win_rate":0,"timestamp":1541091684,"path_taken":["M","?","?","?","M","E","R","M","T","R","?","R","E","M","R","BOSS","M","?","?","M","?","R","E","R","T","E","$","?","?","?","R","BOSS","M","?","M","$","?","R","M","E"],"build_version":"2018-10-31v2","purchased_purges":1,"victory":false,"max_hp_per_floor":[85,85,85,85,85,85,85,85,85,85,77,77,77,77,77,77,77,77,77,77,77,77,77,77,77,77,77,77,77,77,77,77,77,77,77,77,77,77,77,77,77,77],"card_choices":[{"not_picked":["Steam","Fusion"],"picked":"Gash","floor":1.0},{"not_picked":["Redo","Heatsinks"],"picked":"Compile Driver","floor":5.0},{"not_picked":["Barrage","Stack"],"picked":"Go for the Eyes","floor":6.0},{"not_picked":["Steam","Sweeping Beam"],"picked":"Ball Lightning","floor":8.0},{"not_picked":["Steam","Rebound"],"picked":"Leap","floor":13.0},{"not_picked":["Steam","Storm"],"picked":"Ball Lightning","floor":14.0},{"not_picked":["Multi-Cast","Amplify"],"picked":"Rainbow","floor":16.0},{"not_picked":["Turbo","Reinforced Body"],"picked":"Compile Driver","floor":18.0},{"not_picked":["Compile Driver","Sunder+1"],"picked":"Coolheaded","floor":21.0},{"not_picked":["Hologram","Turbo"],"picked":"Glacier","floor":24.0},{"not_picked":["Tempest","Consume"],"picked":"Defragment","floor":27.0},{"not_picked":["Chaos","Steam Power","Coolheaded"],"picked":"Gash","floor":30.0},{"not_picked":["Buffer","Reboot","Thunder Strike"],"picked":"Echo Form","floor":33.0},{"not_picked":["Chaos","Sweeping Beam+1","Stack"],"picked":"Leap+1","floor":35.0},{"not_picked":["Go for the Eyes+1","Barrage","Rebound"],"picked":"Coolheaded+1","floor":36.0},{"not_picked":["Coolheaded+1","Meteor Strike","Leap","Ball Lightning"],"picked":"SKIP","floor":37.0},{"not_picked":["Stack","Ball Lightning","Turbo","Gash"],"picked":"SKIP","floor":41}],"player_experience":1593607,"relics_obtained":[{"floor":6.0,"key":"Boot"},{"floor":9.0,"key":"Pen Nib"},{"floor":13.0,"key":"Bronze Scales"},{"floor":24.0,"key":"Dodecahedron"},{"floor":27.0,"key":"Question Card"}],"event_choices":[{"damage_healed":0.0,"max_hp_gain":0.0,"max_hp_loss":0.0,"gold_gain":0.0,"event_name":"Scrap Ooze","player_choice":"Success","floor":2.0,"gold_loss":0.0,"damage_taken":5.0,"relics_obtained":["Happy Flower"]},{"cards_removed":["Strike_B"],"damage_healed":0.0,"max_hp_gain":0.0,"max_hp_loss":0.0,"gold_gain":0.0,"event_name":"Golden Wing","player_choice":"Card Removal","floor":3.0,"gold_loss":0.0,"damage_taken":7.0},{"damage_healed":0.0,"max_hp_gain":0.0,"max_hp_loss":0.0,"gold_gain":0.0,"event_name":"Living Wall","player_choice":"Grow","floor":4.0,"gold_loss":0.0,"damage_taken":0.0,"cards_upgraded":["Zap"]},{"damage_healed":0.0,"max_hp_gain":0.0,"max_hp_loss":8.0,"gold_gain":0.0,"event_name":"Golden Idol","player_choice":"Lose Max HP","floor":11.0,"gold_loss":0.0,"damage_taken":0.0,"relics_obtained":["Golden Idol"]},{"damage_healed":0.0,"max_hp_gain":0.0,"max_hp_loss":0.0,"gold_gain":0.0,"cards_transformed":["Strike_B","Strike_B"],"event_name":"Drug Dealer","player_choice":"Became Test Subject","floor":19.0,"gold_loss":0.0,"damage_taken":0.0,"cards_obtained":["Auto Shields","Loop"]},{"damage_healed":0.0,"max_hp_gain":0.0,"max_hp_loss":0.0,"gold_gain":0.0,"event_name":"Addict","player_choice":"Obtained Relic","floor":22.0,"gold_loss":85.0,"damage_taken":0.0,"relics_obtained":["Sundial"]},{"damage_healed":0.0,"max_hp_gain":0.0,"max_hp_loss":0.0,"gold_gain":50.0,"event_name":"Nest","player_choice":"Stole From Cult","floor":29.0,"gold_loss":0.0,"damage_taken":0.0},{"damage_healed":0.0,"max_hp_gain":0.0,"max_hp_loss":0.0,"gold_gain":0.0,"event_name":"WeMeetAgain","player_choice":"Paid Gold","floor":31.0,"gold_loss":58.0,"damage_taken":0.0,"relics_obtained":["Dead Branch"]},{"damage_healed":0,"gold_gain":0,"player_choice":"Ignored","damage_taken":0,"max_hp_gain":0,"max_hp_loss":0,"event_name":"Mysterious Sphere","floor":39,"gold_loss":0}],"is_beta":true,"boss_relics":[{"not_picked":["Black Star","Philosopher\u0027s Stone"],"picked":"Cursed Key"},{"not_picked":["Fusion Hammer","Velvet Choker"],"picked":"FrozenCore"}],"items_purged_floors":[38],"is_endless":false,"potions_floor_spawned":[5,6,18,24,30,35,36],"killed_by":"Nemesis","ascension_level":20}