{"gold_per_floor":[11,11,25,37,11,11,45,45,45,72,72,85,85,96,96,170,170,182,182,193,212,212,212,240,240,240,259,184,196,82,102,102,179,179,196,210,228,243,163,163,189,189,216,216,216,247,247,263,263,263],"floor_reached":50,"playtime":2015,"items_purged":["Dualcast"],"score":1114,"play_id":"2f958763-b6af-4fd8-90b0-2f1c9172fccb","local_time":"20190325233713","is_ascension_mode":true,"campfire_choices":[{"data":"1","floor":6.0,"key":"LIFT"},{"data":"2","floor":8.0,"key":"LIFT"},{"data":"3","floor":11.0,"key":"LIFT"},{"data":"Zap","floor":13.0,"key":"SMITH"},{"data":"Doom and Gloom","floor":15.0,"key":"SMITH"},{"floor":23.0,"key":"REST"},{"data":"Biased Cognition","floor":25.0,"key":"SMITH"},{"floor":32.0,"key":"REST"},{"floor":40.0,"key":"REST"},{"floor":42,"key":"REST"},{"floor":47,"key":"RECALL"},{"floor":49,"key":"REST"}],"neow_cost":"NO_GOLD","seed_source_timestamp":1043594219712665,"circlet_count":0,"master_deck":["AscendersBane","Zap+1","Sweeping Beam","Doom and Gloom+1","Ball Lightning","Glacier","All For One","Steam","Biased Cognition+1","Leap","Beam Cell","Core Surge","Creative AI","Echo Form","Turbo","White Noise","Capacitor","Genetic Algorithm","Hologram+1","Leap","Go for the Eyes","Defragment","Electrodynamics","Cold Snap","Consume","Compile Driver","Panacea"],"special_seed":0,"relics":["Cracked Core","Girya","Thread and Needle","Symbiotic Virus","Mummified Hand","Pandora\u0027s Box","MutagenicStrength","Bottled Flame","Black Star","Regal Pillow","Calipers","Pen Nib","Centennial Puzzle","Vajra"],"potions_floor_usage":[],"damage_taken":[{"damage":7.0,"enemies":"Jaw Worm","floor":1.0,"turns":3.0},{"damage":5.0,"enemies":"2 Louse","floor":3.0,"turns":2.0},{"damage":5.0,"enemies":"Small Slimes","floor":4.0,"turns":4.0},{"damage":32.0,"enemies":"Gremlin Nob","floor":7.0,"turns":4.0},{"damage":7.0,"enemies":"Lagavulin","floor":10.0,"turns":7.0},{"damage":0.0,"enemies":"2 Fungi Beasts","floor":12.0,"turns":2.0},{"damage":0.0,"enemies":"Blue Slaver","floor":14.0,"turns":2.0},{"damage":11.0,"enemies":"Hexaghost","floor":16.0,"turns":9.0},{"damage":0.0,"enemies":"3 Byrds","floor":18.0,"turns":3.0},{"damage":22.0,"enemies":"2 Thieves","floor":20.0,"turns":3.0},{"damage":2.0,"enemies":"Chosen and Byrds","floor":21.0,"turns":3.0},{"damage":9.0,"enemies":"Book of Stabbing","floor":24.0,"turns":4.0},{"damage":19.0,"enemies":"Shelled Parasite and Fungi","floor":27.0,"turns":4.0},{"damage":0.0,"enemies":"Snecko","floor":29.0,"turns":5.0},{"damage":20.0,"enemies":"Snake Plant","floor":31.0,"turns":3.0},{"damage":17.0,"enemies":"Champ","floor":33.0,"turns":7.0},{"damage":35.0,"enemies":"3 Darklings","floor":35.0,"turns":4.0},{"damage":7.0,"enemies":"3 Shapes","floor":36.0,"turns":4.0},{"damage":6.0,"enemies":"Transient","floor":37.0,"turns":6.0},{"damage":0.0,"enemies":"Sphere and 2 Shapes","floor":38.0,"turns":1.0},{"damage":10,"enemies":"Reptomancer","floor":41,"turns":5},{"damage":11,"enemies":"Giant Head","floor":46,"turns":6},{"damage":0,"enemies":"3 Darklings","floor":48,"turns":3},{"damage":75,"enemies":"Time Eater","floor":50,"turns":4}],"seed_played":"4486154330092016136","potions_obtained":[{"floor":3.0,"key":"SpeedPotion"},{"floor":4.0,"key":"Regen Potion"},{"floor":12.0,"key":"SpeedPotion"},{"floor":24.0,"key":"Ancient Potion"},{"floor":37.0,"key":"Explosive Potion"}],"is_trial":false,"path_per_floor":["M","?","M","M","$","R","E","R","T","E","R","M","R","M","R","B",null,"M","?","M","M","?","R","E","R","T","M","?","M","$","M","R","B",null,"M","M","M","M","$","R","E","R","T","?","$","E","R","M","R","B"],"character_chosen":"DEFECT","items_purchased":["Ball Lightning","Defragment","Consume"],"campfire_rested":5,"item_purchase_floors":[5,30,39],"current_hp_per_floor":[57,57,52,47,47,47,15,15,15,23,23,23,23,23,23,12,56,56,56,34,32,32,53,44,44,44,25,25,25,25,5,26,9,56,21,14,8,8,8,29,19,55,55,55,55,44,44,44,71,0],"gold":263,"neow_bonus":"ONE_RARE_RELIC","is_prod":false,"is_daily":false,"chose_seed":false,"campfire_upgraded":3,"win_rate":0,"timestamp":1553557033,"path_taken":["M","?","M","M","?","R","E","R","T","E","R","M","R","M","R","BOSS","M","?","M","M","?","R","E","R","T","M","?","M","?","M","R","BOSS","M","?","M","M","$","R","E","R","T","?","?","E","R","M","R","BOSS"],"build_version":"2019-03-15","purchased_purges":1,"victory":false,"max_hp_per_floor":[71,71,71,71,71,71,71,71,71,71,71,71,71,71,71,71,71,71,71,71,71,71,71,71,71,71,71,71,71,71,71,71,71,71,71,71,71,71,71,71,71,71,71,71,71,71,71,71,71,71],"card_choices":[{"not_picked":["Hologram","Gash"],"picked":"Sweeping Beam","floor":1.0},{"not_picked":["Storm","Rebound","Hologram"],"picked":"SKIP","floor":3.0},{"not_picked":["Steam","Darkness"],"picked":"Doom and Gloom","floor":4.0},{"not_picked":["Heatsinks","Barrage"],"picked":"Glacier","floor":7.0},{"not_picked":["Chaos","Coolheaded"],"picked":"All For One","floor":10.0},{"not_picked":["Sweeping Beam","Turbo","Cold Snap"],"picked":"SKIP","floor":12.0},{"not_picked":["Beam Cell","Ball Lightning"],"picked":"Steam","floor":14.0},{"not_picked":["Core Surge","Machine Learning"],"picked":"Biased Cognition","floor":16.0},{"not_picked":["Rebound","Cold Snap","Sweeping Beam+1"],"picked":"SKIP","floor":18.0},{"not_picked":["Cold Snap","Chill+1"],"picked":"Genetic Algorithm","floor":20.0},{"not_picked":["Beam Cell+1","Auto Shields"],"picked":"Hologram+1","floor":21.0},{"not_picked":["Gash","Echo Form"],"picked":"Leap","floor":24.0},{"not_picked":["Beam Cell+1","Double Energy","Capacitor"],"picked":"SKIP","floor":27.0},{"not_picked":["Stack","Capacitor"],"picked":"Go for the Eyes","floor":29.0},{"not_picked":["Go for the Eyes","Chaos+1","Hologram"],"picked":"SKIP","floor":31.0},{"not_picked":["Core Surge","Buffer"],"picked":"Electrodynamics","floor":33.0},{"not_picked":["Stack","Go for the Eyes","Steam Power"],"picked":"SKIP","floor":35.0},{"not_picked":["Stack","Barrage"],"picked":"Cold Snap","floor":36.0},{"not_picked":["Turbo+1","Capacitor","Rebound"],"picked":"SKIP","floor":37.0},{"not_picked":["Redo","Conserve Battery","Leap"],"picked":"SKIP","floor":38.0},{"not_picked":["Meteor Strike","Turbo"],"picked":"Compile Driver","floor":41},{"not_picked":["Dramatic Entrance","Trip"],"picked":"Panacea","floor":44},{"not_picked":["Gash+1","Streamline","Turbo+1"],"picked":"SKIP","floor":46},{"not_picked":["Conserve Battery","Hologram","Redo"],"picked":"SKIP","floor":48}],"player_experience":1959077,"relics_obtained":[{"floor":7.0,"key":"Thread and Needle"},{"floor":9.0,"key":"Symbiotic Virus"},{"floor":10.0,"key":"Mummified Hand"},{"floor":24.0,"key":"Bottled Flame"},{"floor":41,"key":"Regal Pillow"},{"floor":41,"key":"Calipers"},{"floor":43,"key":"Pen Nib"},{"floor":46,"key":"Centennial Puzzle"},{"floor":46,"key":"Vajra"}],"event_choices":[{"damage_healed":0.0,"max_hp_gain":0.0,"max_hp_loss":0.0,"gold_gain":0.0,"event_name":"The Cleric","player_choice":"Leave","floor":2.0,"gold_loss":0.0,"damage_taken":0.0},{"damage_healed":0.0,"max_hp_gain":0.0,"max_hp_loss":0.0,"gold_gain":0.0,"event_name":"The Library","player_choice":"Read","floor":19.0,"gold_loss":0.0,"damage_taken":0.0,"cards_obtained":["Capacitor"]},{"damage_healed":0.0,"max_hp_gain":0.0,"max_hp_loss":0.0,"gold_gain":0.0,"event_name":"Drug Dealer","player_choice":"Inject Mutagens","floor":22.0,"gold_loss":0.0,"damage_taken":0.0,"relics_obtained":["MutagenicStrength"]},{"cards_removed":["Scrape"],"damage_healed":0.0,"max_hp_gain":0.0,"max_hp_loss":0.0,"gold_gain":0.0,"event_name":"Beggar","player_choice":"Gave Gold","floor":28.0,"gold_loss":75.0,"damage_taken":0.0},{"damage_healed":0,"gold_gain":0,"player_choice":"Memory 1","damage_taken":0,"max_hp_gain":0,"max_hp_loss":0,"event_name":"SensoryStone","floor":44,"gold_loss":0}],"is_beta":true,"boss_relics":[{"not_picked":["Nuclear Battery","Calling Bell"],"picked":"Pandora\u0027s Box"},{"not_picked":["Velvet Choker","Orrery"],"picked":"Black Star"}],"items_purged_floors":[30],"is_endless":false,"potions_floor_spawned":[3,4,12,14,21,24,31,37,46],"killed_by":"Time Eater","ascension_level":20}