{"gold_per_floor":[113,188,204,204,219,554,554,581,581,581,595,610,610,620,620,620],"floor_reached":16,"playtime":688,"items_purged":[],"score":112,"play_id":"4886b886-257a-4465-899a-3eada8038875","local_time":"20190628233802","is_ascension_mode":false,"campfire_choices":[{"floor":10,"key":"REST"},{"floor":13,"key":"RECALL"},{"floor":15,"key":"REST"}],"neow_cost":"NONE","seed_source_timestamp":222611457007000,"circlet_count":0,"master_deck":["Strike_R","Strike_R","Strike_R","Strike_R","Strike_R","Defend_R","Defend_R","Defend_R","Defend_R","Bash","Pummel","Pommel Strike+1","Whirlwind","Rampage","Rampage","Sword Boomerang","Sever Soul","Combust","Offering"],"relics":["Burning Blood","Old Coin","Mummified Hand"],"potions_floor_usage":[6,12,16],"damage_taken":[{"damage":6,"enemies":"2 Louse","floor":1,"turns":2},{"damage":8,"enemies":"Small Slimes","floor":3,"turns":3},{"damage":1,"enemies":"Cultist","floor":5,"turns":3},{"damage":36,"enemies":"Gremlin Nob","floor":6,"turns":5},{"damage":45,"enemies":"Lagavulin","floor":8,"turns":6},{"damage":12,"enemies":"Blue Slaver","floor":11,"turns":2},{"damage":5,"enemies":"Looter","floor":12,"turns":2},{"damage":21,"enemies":"Red Slaver","floor":14,"turns":4},{"damage":56,"enemies":"Slime Boss","floor":16,"turns":6}],"seed_played":"7272162634675366708","potions_obtained":[{"floor":1,"key":"Weak Potion"},{"floor":5,"key":"LiquidBronze"},{"floor":11,"key":"SteroidPotion"},{"floor":14,"key":"AttackPotion"}],"is_trial":false,"path_per_floor":["M","?","M","?","M","E","?","E","T","R","M","M","R","M","R","B"],"character_chosen":"IRONCLAD","items_purchased":[],"campfire_rested":2,"item_purchase_floors":[],"current_hp_per_floor":[88,77,75,75,80,50,50,11,11,37,31,32,32,17,43,0],"gold":620,"neow_bonus":"TEN_PERCENT_HP_BONUS","is_prod":false,"is_daily":false,"chose_seed":false,"campfire_upgraded":0,"win_rate":0,"timestamp":1561732682,"path_taken":["M","?","M","?","M","E","?","E","T","R","M","M","R","M","R","BOSS"],"build_version":"2019-01-23","purchased_purges":0,"victory":false,"max_hp_per_floor":[88,88,88,88,88,88,88,88,88,88,88,88,88,88,88,88],"card_choices":[{"not_picked":["Cleave","Corruption"],"picked":"Pummel","floor":1},{"not_picked":["Cleave","Reckless Charge"],"picked":"Pommel Strike","floor":3},{"not_picked":["Sword Boomerang","Clothesline"],"picked":"Whirlwind","floor":5},{"not_picked":["Body Slam","True Grit"],"picked":"Rampage","floor":6},{"not_picked":["Flame Barrier","Body Slam"],"picked":"Sword Boomerang","floor":8},{"not_picked":["Armaments","Combust"],"picked":"Sever Soul","floor":11},{"not_picked":["Bloodletting","Iron Wave"],"picked":"Combust","floor":12},{"not_picked":["Pommel Strike","Heavy Blade"],"picked":"Offering","floor":14}],"player_experience":28901,"relics_obtained":[{"floor":6,"key":"Old Coin"},{"floor":8,"key":"Mummified Hand"}],"event_choices":[{"damage_healed":0,"gold_gain":75,"player_choice":"Gather Gold","damage_taken":11,"max_hp_gain":0,"max_hp_loss":0,"event_name":"World of Goop","floor":2,"gold_loss":0},{"damage_healed":0,"gold_gain":0,"player_choice":"Grow","damage_taken":0,"max_hp_gain":0,"max_hp_loss":0,"event_name":"Living Wall","floor":4,"gold_loss":0,"cards_upgraded":["Pommel Strike"]},{"damage_healed":0,"gold_gain":0,"player_choice":"1 cards matched","damage_taken":0,"max_hp_gain":0,"max_hp_loss":0,"event_name":"Match and Keep!","floor":7,"gold_loss":0,"cards_obtained":["Rampage"]}],"is_beta":false,"boss_relics":[],"items_purged_floors":[],"is_endless":false,"potions_floor_spawned":[1,5,11,14],"killed_by":"Slime Boss","ascension_level":0}