{"gold_per_floor":[115,131,56,69,9,9,9,9,32,32,60,86,98,125,137,222,234,263,275,305,331,357,369,396,408,420,432,444,36,65,6,6,83,83,94,74,74,89,3,3,3,3,3,29,29,29,56,67,67,67,67],"floor_reached":52,"playtime":3457,"items_purged":["Strike_B"],"score":1977,"play_id":"466286ee-6172-4ff5-a808-a953f84960e0","local_time":"20181011005459","is_ascension_mode":true,"campfire_choices":[{"data":"Defragment","floor":6.0,"key":"SMITH"},{"data":"Chaos","floor":8.0,"key":"SMITH"},{"data":"Ball Lightning","floor":10.0,"key":"SMITH"},{"data":"Zap","floor":13.0,"key":"SMITH"},{"floor":15,"key":"REST"},{"floor":23,"key":"REST"},{"floor":25,"key":"REST"},{"floor":32,"key":"REST"},{"data":"Capacitor","floor":40,"key":"SMITH"},{"data":"Defragment","floor":42,"key":"SMITH"},{"data":"Buffer","floor":46,"key":"SMITH"},{"floor":49,"key":"REST"}],"neow_cost":"NONE","seed_source_timestamp":3436866210872,"circlet_count":0,"master_deck":["Defend_B","Defend_B","Defend_B","Defend_B","Zap+1","Dualcast","AscendersBane","Defragment+1","Chaos+1","Leap","Ball Lightning+1","Glacier","FTL","Compile Driver","Cold Snap","Electrodynamics","Hologram+1","Defragment+1","Beam Cell","Steam","Glacier","Conserve Battery","Capacitor+1","FTL","Buffer","Redo","Leap","Buffer+1","Echo Form","Hologram+1","Glacier","Self Repair+1"],"special_seed":0,"relics":["Cracked Core","Ornamental Fan","MawBank","Nuclear Battery","Torii","Nloth\u0027s Gift","Bottled Tornado","Strawberry","Snecko Eye","Ice Cream","Emotion Chip","The Courier"],"potions_floor_usage":[14,22,30,33,33,48,50],"damage_taken":[{"damage":0.0,"enemies":"2 Louse","floor":1.0,"turns":2.0},{"damage":12.0,"enemies":"Jaw Worm","floor":2.0,"turns":3.0},{"damage":0.0,"enemies":"Small Slimes","floor":4.0,"turns":1.0},{"damage":12.0,"enemies":"Lagavulin","floor":11.0,"turns":7.0},{"damage":0.0,"enemies":"Looter","floor":12.0,"turns":4.0},{"damage":15,"enemies":"Gremlin Gang","floor":14,"turns":3},{"damage":12,"enemies":"The Guardian","floor":16,"turns":12},{"damage":11,"enemies":"Chosen","floor":18,"turns":5},{"damage":20,"enemies":"3 Byrds","floor":20,"turns":3},{"damage":12,"enemies":"Centurion and Healer","floor":21,"turns":6},{"damage":7,"enemies":"3 Cultists","floor":22,"turns":3},{"damage":12,"enemies":"Shelled Parasite and Fungi","floor":24,"turns":5},{"damage":38,"enemies":"Slavers","floor":30,"turns":6},{"damage":16,"enemies":"Collector","floor":33,"turns":14},{"damage":37,"enemies":"3 Darklings","floor":35,"turns":5},{"damage":0,"enemies":"3 Shapes","floor":38,"turns":6},{"damage":0,"enemies":"Giant Head","floor":44,"turns":13},{"damage":6,"enemies":"Nemesis","floor":47,"turns":9},{"damage":21,"enemies":"Transient","floor":48,"turns":6},{"damage":0,"enemies":"Time Eater","floor":50,"turns":33},{"damage":9,"enemies":"Donu and Deca","floor":51,"turns":16}],"seed_played":"-2124186077046559318","potions_obtained":[{"floor":1.0,"key":"AttackPotion"},{"floor":2.0,"key":"Swift Potion"},{"floor":16,"key":"Dexterity Potion"},{"floor":21,"key":"SkillPotion"},{"floor":24,"key":"Regen Potion"},{"floor":36,"key":"Poison Potion"},{"floor":44,"key":"Fire Potion"}],"is_trial":false,"path_per_floor":["M","M","?","M","?","R","$","R","T","R","E","M","R","M","R","B",null,"M","?","M","M","M","R","M","R","T","?","?","$","E","$","R","B",null,"M","?","?","M","$","R","?","R","T","E","?","R","E","M","R","B","B"],"character_chosen":"DEFECT","items_purchased":["Bottled Tornado","Leap","Swift Potion","LiquidBronze"],"campfire_rested":5,"item_purchase_floors":[29,29,31,39],"current_hp_per_floor":[64,52,52,52,52,52,52,52,52,52,40,40,40,25,46,34,62,51,51,31,19,12,33,21,42,42,42,42,42,26,26,49,33,67,30,30,64,64,64,64,61,61,61,61,61,61,55,34,52,61,61],"gold":67,"neow_bonus":"THREE_CARDS","is_prod":false,"is_daily":false,"chose_seed":false,"campfire_upgraded":7,"win_rate":0,"timestamp":1539215699,"path_taken":["M","M","?","M","?","R","?","R","T","R","E","?","R","M","R","BOSS","M","?","M","M","M","R","M","R","T","?","?","$","E","?","R","BOSS","M","?","?","M","$","R","?","R","T","E","?","R","E","M","R","BOSS","BOSS"],"build_version":"2018-10-09","purchased_purges":1,"victory":true,"max_hp_per_floor":[71,71,71,71,71,71,71,71,71,71,71,71,71,71,71,71,71,71,71,71,71,71,71,71,71,71,71,71,71,78,78,78,78,78,78,78,64,64,64,64,61,61,61,61,61,61,61,61,61,61,61],"card_choices":[{"not_picked":["White Noise","Turbo"],"picked":"Defragment","floor":0.0},{"not_picked":["Double Energy","Stack"],"picked":"Chaos","floor":1.0},{"not_picked":["Rebound","Sweeping Beam"],"picked":"Leap","floor":2.0},{"not_picked":["Compile Driver","Go for the Eyes"],"picked":"Ball Lightning","floor":4.0},{"not_picked":["Sweeping Beam","Beam Cell"],"picked":"Glacier","floor":11.0},{"not_picked":["White Noise","Skim"],"picked":"FTL","floor":12.0},{"not_picked":["Barrage","Leap"],"picked":"Compile Driver","floor":14},{"not_picked":["Doom and Gloom","Ball Lightning"],"picked":"Cold Snap","floor":15},{"not_picked":["Amplify","Echo Form"],"picked":"Electrodynamics","floor":16},{"not_picked":["Streamline","Genetic Algorithm"],"picked":"Hologram+1","floor":18},{"not_picked":["Aggregate","Rip and Tear"],"picked":"Beam Cell","floor":20},{"not_picked":["Leap","Ball Lightning+1"],"picked":"Steam","floor":21},{"not_picked":["FTL","Ball Lightning+1"],"picked":"Glacier","floor":22},{"not_picked":["Redo","Cold Snap"],"picked":"Conserve Battery","floor":23},{"not_picked":["Redo","Reinforced Body+1"],"picked":"Capacitor","floor":24},{"not_picked":["Thunder Strike","Blizzard"],"picked":"FTL","floor":25},{"not_picked":["Streamline+1","Steam"],"picked":"Buffer","floor":30},{"not_picked":["Electrodynamics","Biased Cognition"],"picked":"Echo Form","floor":33},{"not_picked":["Storm","Turbo"],"picked":"Hologram+1","floor":35},{"not_picked":["Conserve Battery","Steam"],"picked":"Glacier","floor":38},{"not_picked":["Steam","Amplify","Reprogram"],"picked":"SKIP","floor":44},{"not_picked":["Electrodynamics","Hyperbeam","Beam Cell"],"picked":"SKIP","floor":47},{"not_picked":["Leap+1","Go for the Eyes+1"],"picked":"Self Repair+1","floor":48}],"player_experience":1433746,"relics_obtained":[{"floor":9.0,"key":"Dream Catcher"},{"floor":11.0,"key":"MawBank"},{"floor":26,"key":"Torii"},{"floor":30,"key":"Strawberry"},{"floor":43,"key":"Ice Cream"},{"floor":44,"key":"Emotion Chip"},{"floor":47,"key":"The Courier"}],"event_choices":[{"event_name":"The Cleric","player_choice":"Card Removal","floor":3.0,"damage_taken":0.0},{"event_name":"WeMeetAgain","player_choice":"Gold","floor":5.0,"damage_taken":0.0},{"event_name":"The Library","player_choice":"Read","floor":19,"damage_taken":0},{"event_name":"Drug Dealer","player_choice":"Became Test Subject","floor":27,"damage_taken":0},{"event_name":"N\u0027loth","player_choice":"Traded a Dream Catcher","floor":28,"damage_taken":0},{"event_name":"The Woman in Blue","player_choice":"Bought 1 Potion","floor":36,"damage_taken":0},{"event_name":"The Moai Head","player_choice":"Heal","floor":37,"damage_taken":0},{"event_name":"Winding Halls","player_choice":"Max HP","floor":41,"damage_taken":0},{"event_name":"SensoryStone","player_choice":"Memory 1","floor":45,"damage_taken":0}],"is_beta":true,"boss_relics":[{"not_picked":["Coffee Dripper","Eternal Feather"],"picked":"Nuclear Battery"},{"not_picked":["Pandora\u0027s Box","Velvet Choker"],"picked":"Snecko Eye"}],"items_purged_floors":[29],"is_endless":false,"potions_floor_spawned":[1,2,16,21,24,44],"ascension_level":20}