{"gold_per_floor":[110,110,126,143,161,161,195,195,195,225,225,225,61,72,72,177,177,197,197,45,65,65,65],"floor_reached":23,"playtime":1371,"items_purged":["Normality"],"score":308,"play_id":"f2287c10-a2a9-408a-8517-453206706244","local_time":"20190814212353","is_ascension_mode":true,"campfire_choices":[{"data":"Neutralize","floor":6.0,"key":"SMITH"},{"floor":8.0,"key":"REST"},{"floor":11.0,"key":"REST"},{"data":"Dodge and Roll","floor":15.0,"key":"SMITH"}],"neow_cost":"NONE","seed_source_timestamp":99684875949609,"circlet_count":0,"master_deck":["AscendersBane","Strike_G","Strike_G","Strike_G","Strike_G","Defend_G","Defend_G","Defend_G","Defend_G","Defend_G","Survivor","Neutralize+1","Noxious Fumes","Dagger Throw","Dodge and Roll+1","Flying Knee","Bane","Adrenaline","Backflip","Panacea","Noxious Fumes","Dagger Spray","Night Terror","Pain","Injury","Endless Agony+1","Well Laid Plans","Backflip","Decay"],"special_seed":0,"relics":["Ring of the Snake","Dead Branch","Kunai","Mummified Hand","Lantern","Calling Bell","Pen Nib","Letter Opener","Torii"],"potions_floor_usage":[16,21],"damage_taken":[{"damage":8.0,"enemies":"Cultist","floor":1.0,"turns":6.0},{"damage":0.0,"enemies":"2 Louse","floor":3.0,"turns":3.0},{"damage":1.0,"enemies":"Jaw Worm","floor":4.0,"turns":6.0},{"damage":0.0,"enemies":"Looter","floor":5.0,"turns":4.0},{"damage":31.0,"enemies":"Gremlin Nob","floor":7.0,"turns":5.0},{"damage":9.0,"enemies":"Lagavulin","floor":10.0,"turns":5.0},{"damage":0.0,"enemies":"2 Fungi Beasts","floor":14.0,"turns":3.0},{"damage":5,"enemies":"Hexaghost","floor":16,"turns":7},{"damage":5,"enemies":"3 Byrds","floor":18,"turns":4},{"damage":12,"enemies":"2 Thieves","floor":21,"turns":3},{"damage":46,"enemies":"Book of Stabbing","floor":23,"turns":5}],"seed_played":"-7398209248839404131","potions_obtained":[{"floor":1.0,"key":"Fire Potion"},{"floor":7.0,"key":"PowerPotion"},{"floor":14.0,"key":"Strength Potion"},{"floor":16,"key":"EssenceOfSteel"}],"is_trial":false,"path_per_floor":["M","?","M","M","M","R","E","R","T","E","R","?","$","M","R","B",null,"M","?","$","M","?","E"],"character_chosen":"THE_SILENT","items_purchased":["Panacea","Noxious Fumes","Well Laid Plans"],"campfire_rested":2,"item_purchase_floors":[13,13,20],"current_hp_per_floor":[55,48,48,47,47,47,16,37,37,28,49,31,31,31,31,26,59,54,54,54,42,42,0],"gold":65,"neow_bonus":"TRANSFORM_CARD","is_prod":false,"is_daily":false,"chose_seed":false,"campfire_upgraded":2,"win_rate":0,"timestamp":1565843033,"path_taken":["M","?","M","?","M","R","E","R","T","E","R","?","$","M","R","BOSS","M","?","$","M","?","E"],"build_version":"2019-07-17","purchased_purges":1,"victory":false,"max_hp_per_floor":[70,70,70,70,70,70,70,70,70,70,70,70,70,70,70,70,70,70,70,70,70,70,70],"card_choices":[{"not_picked":["Caltrops","Setup"],"picked":"Dagger Throw","floor":1.0},{"not_picked":["Underhanded Strike","Catalyst"],"picked":"Dodge and Roll","floor":3.0},{"not_picked":["Bane","Dagger Throw"],"picked":"Flying Knee","floor":4.0},{"not_picked":["Blade Dance","Expertise"],"picked":"Bane","floor":5.0},{"not_picked":["Bouncing Flask","PiercingWail"],"picked":"Adrenaline","floor":7.0},{"not_picked":["Bane","Choke"],"picked":"Backflip","floor":10.0},{"not_picked":["Expertise","Prepared"],"picked":"Dagger Spray","floor":14.0},{"not_picked":["Die Die Die","Phantasmal Killer"],"picked":"Night Terror","floor":16},{"not_picked":["Deadly Poison","Terror+1"],"picked":"Endless Agony+1","floor":18},{"not_picked":["Slice","Dash"],"picked":"Backflip","floor":21}],"player_experience":604156,"relics_obtained":[{"floor":7.0,"key":"Dead Branch"},{"floor":9.0,"key":"Kunai"},{"floor":10.0,"key":"Mummified Hand"},{"floor":17,"key":"Pen Nib"},{"floor":17,"key":"Letter Opener"},{"floor":17,"key":"Torii"}],"event_choices":[{"damage_healed":0.0,"max_hp_gain":0.0,"max_hp_loss":0.0,"gold_gain":0.0,"event_name":"Wheel of Change","player_choice":"Damaged","floor":2.0,"gold_loss":0.0,"damage_taken":7.0},{"damage_healed":0.0,"max_hp_gain":0.0,"max_hp_loss":0.0,"gold_gain":0.0,"event_name":"Scrap Ooze","player_choice":"Success","floor":12.0,"gold_loss":0.0,"damage_taken":18.0,"relics_obtained":["Lantern"]},{"damage_healed":0,"gold_gain":0,"player_choice":"Ignored","damage_taken":0,"max_hp_gain":0,"max_hp_loss":0,"event_name":"Vampires","floor":19,"gold_loss":0},{"damage_healed":0,"gold_gain":0,"player_choice":"Smashed Altar","damage_taken":0,"max_hp_gain":0,"max_hp_loss":0,"event_name":"Forgotten Altar","floor":22,"gold_loss":0,"cards_obtained":["Decay"]}],"is_beta":false,"boss_relics":[{"not_picked":["Velvet Choker","Lizard Tail"],"picked":"Calling Bell"}],"items_purged_floors":[20],"is_endless":false,"potions_floor_spawned":[1,7,14,16],"killed_by":"Book of Stabbing","ascension_level":11}