{"gold_per_floor":[113,113,54,70,83,83,112,112,165,177,196,196,121,121,121,195,195,115,115,40,40,40,40,40,40,40,40,40,40,40,40,40,40],"floor_reached":33,"playtime":2505,"items_purged":["Strike_R"],"score":562,"play_id":"7cc0c5a3-5647-4c10-a2c9-0194c5f666ac","local_time":"20190531194654","is_ascension_mode":true,"campfire_choices":[{"data":"Bash","floor":6.0,"key":"SMITH"},{"data":"Cleave","floor":8.0,"key":"SMITH"},{"data":"True Grit","floor":12.0,"key":"SMITH"},{"data":"Juggernaut","floor":15.0,"key":"SMITH"},{"data":"Limit Break","floor":23.0,"key":"SMITH"},{"data":"Feel No Pain","floor":25.0,"key":"SMITH"},{"data":"1","floor":32,"key":"LIFT"}],"neow_cost":"NONE","seed_source_timestamp":654343670745454,"circlet_count":0,"master_deck":["AscendersBane","Strike_R","Strike_R+1","Defend_R","Defend_R","Defend_R","Defend_R","Bash+1","Feel No Pain+1","True Grit+1","Clothesline+1","Cleave+1","Twin Strike","Juggernaut+1","Limit Break+1","Ghostly","Ghostly","Ghostly","Spot Weakness","Disarm","Shrug It Off"],"special_seed":0,"relics":["Burning Blood","NeowsBlessing","Boot","Whetstone","Ectoplasm","Old Coin","Pantograph","Question Card","Girya","Juzu Bracelet"],"potions_floor_usage":[30],"damage_taken":[{"damage":0.0,"enemies":"Cultist","floor":1.0,"turns":1.0},{"damage":0.0,"enemies":"Small Slimes","floor":4.0,"turns":1.0},{"damage":0.0,"enemies":"Jaw Worm","floor":5.0,"turns":1.0},{"damage":44.0,"enemies":"Gremlin Nob","floor":7.0,"turns":5.0},{"damage":4.0,"enemies":"3 Louse","floor":10.0,"turns":2.0},{"damage":7.0,"enemies":"Exordium Wildlife","floor":11.0,"turns":4.0},{"damage":35.0,"enemies":"Slime Boss","floor":16.0,"turns":11.0},{"damage":26.0,"enemies":"2 Thieves","floor":18.0,"turns":4.0},{"damage":1.0,"enemies":"Colosseum Slavers","floor":21.0,"turns":4.0},{"damage":4.0,"enemies":"Colosseum Nobs","floor":21.0,"turns":5.0},{"damage":16.0,"enemies":"Book of Stabbing","floor":24.0,"turns":6.0},{"damage":2.0,"enemies":"Chosen","floor":27.0,"turns":6.0},{"damage":24.0,"enemies":"Gremlin Leader","floor":28.0,"turns":6.0},{"damage":2,"enemies":"Snecko","floor":30,"turns":5},{"damage":51,"enemies":"Collector","floor":33,"turns":6}],"seed_played":"-8654775690394830916","potions_obtained":[{"floor":5.0,"key":"SpeedPotion"},{"floor":7.0,"key":"FearPotion"}],"is_trial":false,"path_per_floor":["M","?","$","M","M","R","E","R","T","M","M","R","?","?","R","B",null,"M","?","$","?","?","R","E","R","T","M","E","?","M","T","R","B"],"character_chosen":"IRONCLAD","items_purchased":["True Grit"],"campfire_rested":0,"item_purchase_floors":[3],"current_hp_per_floor":[74,74,74,75,75,75,37,37,37,39,38,38,38,38,38,9,59,39,37,37,37,37,37,27,27,27,31,13,5,9,9,9,0],"gold":40,"neow_bonus":"THREE_ENEMY_KILL","is_prod":false,"is_daily":false,"chose_seed":false,"campfire_upgraded":6,"win_rate":0,"timestamp":1559328414,"path_taken":["M","?","$","M","?","R","E","R","T","M","M","R","?","?","R","BOSS","M","?","$","?","?","R","E","R","T","?","E","?","M","?","R","BOSS"],"build_version":"2019-05-28","purchased_purges":1,"victory":false,"max_hp_per_floor":[75,75,75,75,75,75,75,75,75,75,75,75,75,75,75,75,75,75,37,37,37,37,37,37,37,37,37,37,42,42,42,42,42],"card_choices":[{"not_picked":["Shrug It Off","Body Slam"],"picked":"Feel No Pain","floor":1.0},{"not_picked":["Iron Wave","Flex","Ghostly Armor"],"picked":"SKIP","floor":4.0},{"not_picked":["Warcry","Cleave"],"picked":"Clothesline","floor":5.0},{"not_picked":["Shockwave","Thunderclap"],"picked":"Cleave","floor":7.0},{"not_picked":["Power Through","Armaments"],"picked":"Twin Strike","floor":10.0},{"not_picked":["Shrug It Off","Pommel Strike"],"picked":"Juggernaut","floor":11.0},{"not_picked":["Brutality","Impervious"],"picked":"Limit Break","floor":16.0},{"not_picked":["Sever Soul","Reckless Charge","Body Slam"],"picked":"SKIP","floor":18.0},{"not_picked":["Disarm","Sever Soul"],"picked":"Spot Weakness","floor":21.0},{"not_picked":["Anger","Uppercut","Double Tap"],"picked":"SKIP","floor":24.0},{"not_picked":["Armaments","Heavy Blade","Perfected Strike","Sever Soul"],"picked":"SKIP","floor":27.0},{"not_picked":["Whirlwind","Sword Boomerang","Fire Breathing"],"picked":"Disarm","floor":28.0},{"not_picked":["Twin Strike","Clothesline","Sword Boomerang"],"picked":"Shrug It Off","floor":30}],"player_experience":2087931,"relics_obtained":[{"floor":7.0,"key":"Boot"},{"floor":9.0,"key":"Whetstone"},{"floor":21.0,"key":"Old Coin"},{"floor":21.0,"key":"Pantograph"},{"floor":24.0,"key":"Question Card"},{"floor":26.0,"key":"Girya"},{"floor":28.0,"key":"Juzu Bracelet"}],"event_choices":[{"cards_removed":["Strike_R"],"damage_healed":0.0,"max_hp_gain":0.0,"max_hp_loss":0.0,"gold_gain":0.0,"event_name":"Purifier","player_choice":"Purged","floor":2.0,"gold_loss":0.0,"damage_taken":0.0},{"cards_removed":["Strike_R"],"damage_healed":0.0,"max_hp_gain":0.0,"max_hp_loss":0.0,"gold_gain":0.0,"event_name":"The Cleric","player_choice":"Card Removal","floor":13.0,"gold_loss":75.0,"damage_taken":0.0},{"damage_healed":0.0,"max_hp_gain":0.0,"max_hp_loss":0.0,"gold_gain":0.0,"event_name":"Liars Game","player_choice":"Ignored","floor":14.0,"gold_loss":0.0,"damage_taken":0.0},{"damage_healed":0.0,"max_hp_gain":0.0,"max_hp_loss":38.0,"gold_gain":0.0,"event_name":"Ghosts","player_choice":"Became a Ghost","floor":19.0,"gold_loss":0.0,"damage_taken":0.0,"cards_obtained":["Ghostly","Ghostly","Ghostly"]},{"damage_healed":0.0,"max_hp_gain":0.0,"max_hp_loss":0.0,"gold_gain":0.0,"event_name":"Colosseum","player_choice":"Fight","floor":21.0,"gold_loss":0.0,"damage_taken":0.0},{"damage_healed":0.0,"max_hp_gain":0.0,"max_hp_loss":0.0,"gold_gain":0.0,"event_name":"Colosseum","player_choice":"Fought Nobs","floor":21.0,"gold_loss":0.0,"damage_taken":0.0},{"damage_healed":0.0,"max_hp_gain":0.0,"max_hp_loss":0.0,"gold_gain":0.0,"event_name":"The Mausoleum","player_choice":"Ignored","floor":22.0,"gold_loss":0.0,"damage_taken":0.0},{"damage_healed":0.0,"max_hp_gain":5.0,"max_hp_loss":0.0,"gold_gain":0.0,"event_name":"Forgotten Altar","player_choice":"Shed Blood","floor":29.0,"gold_loss":0.0,"damage_taken":13.0}],"is_beta":true,"boss_relics":[{"not_picked":["Orrery","Empty Cage"],"picked":"Ectoplasm"}],"items_purged_floors":[20],"is_endless":false,"potions_floor_spawned":[5,7,27],"killed_by":"Collector","ascension_level":20}