{"gold_per_floor":[12,31,49,49,68,68,101,131,207,227,227,246,275,55,55,129,129,140,240,200],"floor_reached":20,"playtime":1442,"items_purged":[],"score":468,"play_id":"72921877-6b56-4e09-b209-52c5e9ce8484","local_time":"20190527160658","is_ascension_mode":true,"campfire_choices":[{"data":"Flechettes","floor":6.0,"key":"SMITH"},{"data":"Sucker Punch","floor":11.0,"key":"SMITH"},{"data":"Deadly Poison","floor":15.0,"key":"SMITH"}],"neow_cost":"NO_GOLD","seed_source_timestamp":0,"circlet_count":0,"master_deck":["AscendersBane","Strike_G","Strike_G","Strike_G","Strike_G","Strike_G","Defend_G","Defend_G","Defend_G","Defend_G","Defend_G","Survivor","Neutralize","Sucker Punch+1","PiercingWail","Heel Hook","Flechettes+1","Quick Slash","Well Laid Plans","Deadly Poison+1","After Image","Wraith Form v2","Backflip","Footwork","Noxious Fumes","Backflip","Glass Knife"],"special_seed":0,"relics":["Ring of the Snake","Pocketwatch","Tingsha","Vajra","Pear","Ancient Tea Set","Orrery","Incense Burner","Mercury Hourglass"],"potions_floor_usage":[],"damage_taken":[{"damage":1.0,"enemies":"Cultist","floor":1.0,"turns":4.0},{"damage":3.0,"enemies":"2 Louse","floor":2.0,"turns":3.0},{"damage":0.0,"enemies":"Jaw Worm","floor":3.0,"turns":5.0},{"damage":4.0,"enemies":"Exordium Wildlife","floor":5.0,"turns":5.0},{"damage":24.0,"enemies":"3 Sentries","floor":7.0,"turns":10.0},{"damage":0.0,"enemies":"Looter","floor":10.0,"turns":3.0},{"damage":7.0,"enemies":"2 Fungi Beasts","floor":12.0,"turns":3.0},{"damage":17.0,"enemies":"Lagavulin","floor":13.0,"turns":5.0},{"damage":0.0,"enemies":"The Guardian","floor":16.0,"turns":10.0},{"damage":0.0,"enemies":"Spheric Guardian","floor":18.0,"turns":6.0},{"damage":31.0,"enemies":"Colosseum Slavers","floor":19.0,"turns":7.0},{"damage":25.0,"enemies":"Colosseum Nobs","floor":19.0,"turns":6.0},{"damage":6,"enemies":"2 Thieves","floor":20,"turns":1}],"seed_played":"1378846310490336402","potions_obtained":[{"floor":1.0,"key":"SmokeBomb"},{"floor":2.0,"key":"SkillPotion"},{"floor":10.0,"key":"GhostInAJar"},{"floor":16.0,"key":"Energy Potion"},{"floor":18.0,"key":"Poison Potion"}],"is_trial":false,"path_per_floor":["M","M","M","?","M","R","E","?","T","M","R","M","E","$","R","B",null,"M","?","M"],"character_chosen":"THE_SILENT","items_purchased":["Deadly Poison","After Image"],"campfire_rested":0,"item_purchase_floors":[14,14],"current_hp_per_floor":[58,55,55,55,51,51,27,27,37,37,37,30,13,13,13,13,60,60,4,0],"gold":200,"neow_bonus":"ONE_RARE_RELIC","is_prod":false,"is_daily":false,"chose_seed":false,"campfire_upgraded":3,"win_rate":0,"timestamp":1558969618,"path_taken":["M","M","M","?","M","R","E","?","T","M","R","M","E","?","R","BOSS","M","?","M"],"build_version":"2019-05-26","purchased_purges":0,"victory":false,"max_hp_per_floor":[66,66,66,66,66,66,66,66,76,76,76,76,76,76,76,76,76,76,76,76],"card_choices":[{"not_picked":["Endless Agony","Acrobatics"],"picked":"Sucker Punch","floor":1.0},{"not_picked":["Terror","Prepared"],"picked":"PiercingWail","floor":2.0},{"not_picked":["Underhanded Strike","PiercingWail"],"picked":"Heel Hook","floor":3.0},{"not_picked":["Phantasmal Killer","Prepared"],"picked":"Flechettes","floor":5.0},{"not_picked":["Distraction","Prepared","Deflect"],"picked":"SKIP","floor":7.0},{"not_picked":["Acrobatics","Setup","Escape Plan"],"picked":"SKIP","floor":10.0},{"not_picked":["Bane","Slice"],"picked":"Quick Slash","floor":12.0},{"not_picked":["Heel Hook","Deflect"],"picked":"Well Laid Plans","floor":13.0},{"not_picked":["Tools of the Trade","After Image"],"picked":"Wraith Form v2","floor":16.0},{"not_picked":["Dagger Throw","Cloak And Dagger"],"picked":"Backflip","floor":17.0},{"not_picked":["Quick Slash","Prepared"],"picked":"Footwork","floor":17.0},{"not_picked":["Flechettes","Deflect"],"picked":"Noxious Fumes","floor":17.0},{"not_picked":["Dagger Spray","Poisoned Stab"],"picked":"Backflip","floor":18.0},{"not_picked":["Dodge and Roll","Quick Slash"],"picked":"Glass Knife","floor":19.0}],"player_experience":2085141,"relics_obtained":[{"floor":7.0,"key":"Tingsha"},{"floor":9.0,"key":"Pear"},{"floor":13.0,"key":"Ancient Tea Set"},{"floor":19.0,"key":"Incense Burner"},{"floor":19.0,"key":"Mercury Hourglass"}],"event_choices":[{"damage_healed":0.0,"max_hp_gain":0.0,"max_hp_loss":0.0,"gold_gain":0.0,"event_name":"The Cleric","player_choice":"Leave","floor":4.0,"gold_loss":0.0,"damage_taken":0.0},{"damage_healed":0.0,"max_hp_gain":0.0,"max_hp_loss":0.0,"gold_gain":30.0,"event_name":"Dead Adventurer","player_choice":"Searched \u00272\u0027 times","floor":8.0,"gold_loss":0.0,"damage_taken":0.0,"relics_obtained":["Vajra"]},{"damage_healed":0.0,"max_hp_gain":0.0,"max_hp_loss":0.0,"gold_gain":0.0,"event_name":"Colosseum","player_choice":"Fight","floor":19.0,"gold_loss":0.0,"damage_taken":0.0},{"damage_healed":0.0,"max_hp_gain":0.0,"max_hp_loss":0.0,"gold_gain":0.0,"event_name":"Colosseum","player_choice":"Fought Nobs","floor":19.0,"gold_loss":0.0,"damage_taken":0.0}],"is_beta":true,"boss_relics":[{"not_picked":["White Beast Statue","Calling Bell"],"picked":"Orrery"}],"items_purged_floors":[],"is_endless":false,"potions_floor_spawned":[1,2,10,16,18],"killed_by":"2 Thieves","ascension_level":20}