{"gold_per_floor":[115,115,130,143,155,155,190,190,190,190,222,37,53,63,63,135,135,147,147,172,150,150,150,178,197,197,213,24,56,56,84,84,162,162,180,180,7,22,22,22],"floor_reached":40,"playtime":2055,"items_purged":["Normality","Strike_G"],"score":1018,"play_id":"ee6683bb-6efc-4460-9375-1c8c49e811b2","local_time":"20190226193600","is_ascension_mode":true,"campfire_choices":[{"data":"Noxious Fumes","floor":6.0,"key":"SMITH"},{"data":"Neutralize","floor":8.0,"key":"SMITH"},{"data":"Terror","floor":10.0,"key":"SMITH"},{"data":"Well Laid Plans","floor":15.0,"key":"SMITH"},{"floor":23.0,"key":"REST"},{"floor":30.0,"key":"REST"},{"floor":32.0,"key":"REST"}],"neow_cost":"NONE","seed_source_timestamp":0,"circlet_count":0,"master_deck":["AscendersBane","Defend_G","Defend_G","Defend_G","Defend_G","Defend_G","Strike_G+1","Survivor","Neutralize+1","Terror+1","Unload","Quick Slash","Noxious Fumes+1","Footwork","Leg Sweep","Corpse Explosion","Well Laid Plans+1","PiercingWail","Malaise","Footwork","Sucker Punch","A Thousand Cuts","Flechettes+1","PiercingWail","Footwork","Adrenaline","Crippling Poison","Burst","Panacea"],"special_seed":0,"relics":["Ring of the Snake","Bronze Scales","Lantern","Ornamental Fan","Runic Pyramid","Vajra","Whetstone","Sundial","Ancient Tea Set","Red Mask","Runic Dome","Art of War"],"potions_floor_usage":[40],"damage_taken":[{"damage":6.0,"enemies":"2 Louse","floor":1.0,"turns":4.0},{"damage":0.0,"enemies":"Cultist","floor":3.0,"turns":2.0},{"damage":0.0,"enemies":"Jaw Worm","floor":4.0,"turns":3.0},{"damage":6.0,"enemies":"3 Louse","floor":5.0,"turns":4.0},{"damage":26.0,"enemies":"Gremlin Nob","floor":7.0,"turns":4.0},{"damage":35.0,"enemies":"3 Sentries","floor":11.0,"turns":7.0},{"damage":1.0,"enemies":"Exordium Wildlife","floor":13.0,"turns":2.0},{"damage":0.0,"enemies":"2 Fungi Beasts","floor":14.0,"turns":2.0},{"damage":0.0,"enemies":"Hexaghost","floor":16.0,"turns":9.0},{"damage":6.0,"enemies":"Chosen","floor":18.0,"turns":7.0},{"damage":25.0,"enemies":"Colosseum Slavers","floor":19.0,"turns":4.0},{"damage":9.0,"enemies":"2 Thieves","floor":21.0,"turns":4.0},{"damage":16.0,"enemies":"Book of Stabbing","floor":24.0,"turns":8.0},{"damage":15.0,"enemies":"Snecko","floor":25.0,"turns":8.0},{"damage":0.0,"enemies":"Cultist and Chosen","floor":27.0,"turns":9.0},{"damage":0.0,"enemies":"Gremlin Leader","floor":29.0,"turns":8.0},{"damage":23.0,"enemies":"Masked Bandits","floor":31.0,"turns":4.0},{"damage":7.0,"enemies":"Automaton","floor":33.0,"turns":12.0},{"damage":2,"enemies":"3 Shapes","floor":35,"turns":3},{"damage":1,"enemies":"Orb Walker","floor":38,"turns":4},{"damage":56,"enemies":"Reptomancer","floor":40,"turns":5}],"seed_played":"781734269480684160","potions_obtained":[{"floor":0.0,"key":"Poison Potion"},{"floor":0.0,"key":"Regen Potion"},{"floor":11.0,"key":"Block Potion"},{"floor":13.0,"key":"GamblersBrew"},{"floor":21.0,"key":"PowerPotion"},{"floor":27.0,"key":"Dexterity Potion"},{"floor":38,"key":"Fire Potion"}],"is_trial":false,"path_per_floor":["M","?","M","M","M","R","E","R","T","R","E","$","M","M","R","B",null,"M","?","T","M","?","R","E","M","T","M","$","E","R","?","R","B",null,"M","?","$","M","?","E"],"character_chosen":"THE_SILENT","items_purchased":["Fruit Juice","Footwork","Art of War"],"campfire_rested":3,"item_purchase_floors":[12,28,37],"current_hp_per_floor":[53,53,53,53,47,47,21,21,21,21,1,1,5,5,5,5,55,49,24,24,15,15,36,20,5,5,5,5,5,26,3,24,17,58,56,46,46,45,45,0],"gold":22,"neow_bonus":"THREE_SMALL_POTIONS","is_prod":false,"is_daily":false,"chose_seed":false,"campfire_upgraded":4,"win_rate":0,"timestamp":1551209760,"path_taken":["M","?","?","M","M","R","E","R","T","R","E","$","M","M","R","BOSS","M","?","?","M","?","R","E","?","T","M","$","E","R","?","R","BOSS","M","?","$","M","?","E"],"build_version":"2019-02-06","purchased_purges":2,"victory":false,"max_hp_per_floor":[66,66,66,66,66,66,66,66,66,66,66,66,71,71,71,71,71,71,71,71,71,71,71,71,71,71,71,71,71,71,71,71,71,71,71,71,71,71,71,71],"card_choices":[{"not_picked":["Dodge and Roll","Infinite Blades"],"picked":"Terror","floor":1.0},{"not_picked":["Deflect","Dodge and Roll"],"picked":"Quick Slash","floor":3.0},{"not_picked":["Outmaneuver","Quick Slash"],"picked":"Noxious Fumes","floor":4.0},{"not_picked":["Slice","Catalyst"],"picked":"Footwork","floor":5.0},{"not_picked":["Slice","Underhanded Strike"],"picked":"Leg Sweep","floor":7.0},{"not_picked":["Noxious Fumes","Backstab"],"picked":"Corpse Explosion","floor":11.0},{"not_picked":["Dodge and Roll","Blade Dance"],"picked":"Well Laid Plans","floor":13.0},{"not_picked":["Setup","Leg Sweep"],"picked":"PiercingWail","floor":14.0},{"not_picked":["Wraith Form v2","Envenom"],"picked":"Malaise","floor":16.0},{"not_picked":["Underhanded Strike","Deadly Poison","Predator"],"picked":"SKIP","floor":18.0},{"not_picked":["Quick Slash","Slice"],"picked":"Footwork","floor":21.0},{"not_picked":["Acrobatics","Deflect"],"picked":"Flechettes","floor":24.0},{"not_picked":["Poisoned Stab","Heel Hook+1"],"picked":"PiercingWail","floor":25.0},{"not_picked":["Slice","Bane","Blade Dance"],"picked":"SKIP","floor":27.0},{"not_picked":["Expertise","Heel Hook"],"picked":"Adrenaline","floor":29.0},{"not_picked":["Endless Agony","Acrobatics"],"picked":"Crippling Poison","floor":31.0},{"not_picked":["Glass Knife","Malaise"],"picked":"Burst","floor":33.0},{"not_picked":["All Out Attack+1","Dagger Throw","Slice"],"picked":"SKIP","floor":35},{"not_picked":["Dark Shackles","Mind Blast"],"picked":"Panacea","floor":36},{"not_picked":["Setup","Outmaneuver+1","Acrobatics"],"picked":"SKIP","floor":38}],"player_experience":1864569,"relics_obtained":[{"floor":7.0,"key":"Bronze Scales"},{"floor":9.0,"key":"Lantern"},{"floor":11.0,"key":"Ornamental Fan"},{"floor":20.0,"key":"Vajra"},{"floor":24.0,"key":"Whetstone"},{"floor":26.0,"key":"Sundial"},{"floor":29.0,"key":"Ancient Tea Set"},{"floor":31.0,"key":"Red Mask"}],"event_choices":[{"damage_healed":0.0,"max_hp_gain":0.0,"max_hp_loss":0.0,"gold_gain":0.0,"event_name":"Match and Keep!","player_choice":"2 cards matched","floor":2.0,"gold_loss":0.0,"damage_taken":0.0,"cards_obtained":["Normality","Unload"]},{"damage_healed":0.0,"max_hp_gain":0.0,"max_hp_loss":0.0,"gold_gain":0.0,"event_name":"Colosseum","player_choice":"Fight","floor":19.0,"gold_loss":0.0,"damage_taken":0.0},{"damage_healed":0.0,"max_hp_gain":0.0,"max_hp_loss":0.0,"gold_gain":0.0,"event_name":"Colosseum","player_choice":"Fled From Nobs","floor":19.0,"gold_loss":0.0,"damage_taken":0.0},{"damage_healed":0.0,"max_hp_gain":0.0,"max_hp_loss":0.0,"gold_gain":0.0,"cards_transformed":["Strike_G","Strike_G"],"event_name":"Drug Dealer","player_choice":"Became Test Subject","floor":22.0,"gold_loss":0.0,"damage_taken":0.0,"cards_obtained":["Sucker Punch","A Thousand Cuts"]},{"damage_healed":0.0,"max_hp_gain":0.0,"max_hp_loss":0.0,"gold_gain":0.0,"event_name":"Masked Bandits","player_choice":"Fought Bandits","floor":31.0,"gold_loss":0.0,"damage_taken":0.0},{"damage_healed":0,"gold_gain":0,"player_choice":"Memory 3","damage_taken":10,"max_hp_gain":0,"max_hp_loss":0,"event_name":"SensoryStone","floor":36,"gold_loss":0},{"cards_removed":["Strike_G"],"damage_healed":0,"gold_gain":0,"player_choice":"Removed Attack","damage_taken":0,"max_hp_gain":0,"max_hp_loss":0,"event_name":"Falling","floor":39,"gold_loss":0}],"is_beta":true,"boss_relics":[{"not_picked":["Pandora\u0027s Box","Calling Bell"],"picked":"Runic Pyramid"},{"not_picked":["WristBlade","Astrolabe"],"picked":"Runic Dome"}],"items_purged_floors":[12,28],"is_endless":false,"potions_floor_spawned":[1,5,11,13,18,21,27,38],"killed_by":"Reptomancer","ascension_level":20}