{"gold_per_floor":[117,117,130,130,151,151,190,208,208,208],"floor_reached":10,"playtime":323,"items_purged":[],"score":136,"play_id":"afb12a6d-2a0a-4db2-a0f1-be59942e1e43","local_time":"20190721142712","is_ascension_mode":true,"campfire_choices":[{"data":"Bash","floor":6.0,"key":"SMITH"}],"neow_cost":"TEN_PERCENT_HP_LOSS","seed_source_timestamp":427431189960290,"circlet_count":0,"master_deck":["AscendersBane","Strike_R","Strike_R","Strike_R","Strike_R","Strike_R","Defend_R","Defend_R","Defend_R","Defend_R","Bash+1","Reaper","Pommel Strike","Shrug It Off","Twin Strike","Disarm"],"special_seed":0,"relics":["Burning Blood","Golden Idol","Pantograph","Singing Bowl"],"potions_floor_usage":[10,10],"damage_taken":[{"damage":0.0,"enemies":"2 Louse","floor":1.0,"turns":3.0},{"damage":14.0,"enemies":"Jaw Worm","floor":3.0,"turns":5.0},{"damage":10.0,"enemies":"Small Slimes","floor":5.0,"turns":4.0},{"damage":32.0,"enemies":"Gremlin Nob","floor":7.0,"turns":4.0},{"damage":19.0,"enemies":"Blue Slaver","floor":8.0,"turns":5.0},{"damage":23,"enemies":"Lagavulin","floor":10,"turns":7}],"seed_played":"2909481721945748292","potions_obtained":[{"floor":5.0,"key":"EssenceOfSteel"},{"floor":8.0,"key":"FearPotion"}],"is_trial":false,"path_per_floor":["M","?","M","?","M","R","E","M","T","E"],"character_chosen":"IRONCLAD","items_purchased":[],"campfire_rested":0,"item_purchase_floors":[],"current_hp_per_floor":[68,45,37,42,46,46,24,14,14,0],"gold":208,"neow_bonus":"THREE_RARE_CARDS","is_prod":false,"is_daily":false,"chose_seed":false,"campfire_upgraded":1,"win_rate":0,"timestamp":1563715632,"path_taken":["M","?","M","?","M","R","E","M","T","E"],"build_version":"2019-07-18","purchased_purges":0,"victory":false,"max_hp_per_floor":[68,68,68,73,73,73,73,73,73,73],"card_choices":[{"not_picked":["Brutality","Limit Break"],"picked":"Reaper","floor":0.0},{"not_picked":["Blood for Blood","Flex"],"picked":"Pommel Strike","floor":1.0},{"not_picked":["Headbutt","Clash"],"picked":"Shrug It Off","floor":3.0},{"not_picked":["Flex","Thunderclap"],"picked":"Twin Strike","floor":5.0},{"not_picked":["Fiend Fire","Armaments"],"picked":"Disarm","floor":7.0},{"not_picked":["Second Wind","Clash","Whirlwind"],"picked":"SKIP","floor":8.0}],"player_experience":2228932,"relics_obtained":[{"floor":7.0,"key":"Pantograph"},{"floor":9.0,"key":"Singing Bowl"}],"event_choices":[{"damage_healed":0.0,"max_hp_gain":0.0,"max_hp_loss":0.0,"gold_gain":0.0,"event_name":"Golden Idol","player_choice":"Take Damage","floor":2.0,"gold_loss":0.0,"damage_taken":23.0,"relics_obtained":["Golden Idol"]},{"damage_healed":0.0,"max_hp_gain":5.0,"max_hp_loss":0.0,"gold_gain":0.0,"event_name":"Big Fish","player_choice":"Donut","floor":4.0,"gold_loss":0.0,"damage_taken":0.0}],"is_beta":true,"boss_relics":[],"items_purged_floors":[],"is_endless":false,"potions_floor_spawned":[5,8],"killed_by":"Lagavulin","ascension_level":20}