{"gold_per_floor":[111,131,56,75,85,85,147,147,147,47,47,65,65,100,100,203,203,221,131,151,162,37,37,66,66,118,144,59,78,78,95,95,194,194,212,223,223,236,246,246,258,258,258,56,56,56,56,74,74,74],"floor_reached":51,"playtime":3966,"items_purged":["Strike_B","Regret","Strike_B"],"score":1044,"play_id":"2a47a25b-81f3-4f2b-af92-5ed86457c5e1","local_time":"20190817201829","is_ascension_mode":true,"campfire_choices":[{"data":"Rip and Tear","floor":6.0,"key":"SMITH"},{"data":"Zap","floor":11,"key":"SMITH"},{"floor":13,"key":"REST"},{"floor":15,"key":"REST"},{"data":"Defragment","floor":23,"key":"SMITH"},{"floor":30,"key":"REST"},{"floor":32,"key":"REST"},{"floor":40,"key":"REST"},{"data":"Recycle","floor":42,"key":"SMITH"},{"data":"Defragment","floor":45,"key":"SMITH"},{"floor":49,"key":"REST"}],"neow_cost":"NONE","seed_source_timestamp":352363906773557,"circlet_count":0,"master_deck":["AscendersBane","Defend_B+1","Defend_B+1","Defend_B","Defend_B","Zap+1","Dualcast+1","Turbo","Coolheaded","Rip and Tear+1","Conserve Battery","Streamline+1","White Noise","Defragment+1","Glacier","Electrodynamics","Static Discharge","Loop","Doom and Gloom+1","Recycle+1","Thunder Strike","Leap+1","Capacitor","Parasite","Defragment+1","Finesse"],"special_seed":0,"relics":["Cracked Core","Tiny Chest","Kunai","Anchor","Happy Flower","Runic Pyramid","Whetstone","Pen Nib","Bottled Lightning","Blue Candle","Cursed Key","Incense Burner","War Paint","Spirit Poop"],"potions_floor_usage":[7,16,25,25,33,38,48,50],"damage_taken":[{"damage":1.0,"enemies":"Cultist","floor":1.0,"turns":4.0},{"damage":3.0,"enemies":"Small Slimes","floor":2.0,"turns":3.0},{"damage":0.0,"enemies":"2 Louse","floor":4.0,"turns":1.0},{"damage":5.0,"enemies":"2 Fungi Beasts","floor":5.0,"turns":4.0},{"damage":17,"enemies":"Lagavulin","floor":7,"turns":5},{"damage":7,"enemies":"Large Slime","floor":12,"turns":4},{"damage":36,"enemies":"Gremlin Nob","floor":14,"turns":4},{"damage":14,"enemies":"Hexaghost","floor":16,"turns":15},{"damage":1,"enemies":"Shell Parasite","floor":18,"turns":7},{"damage":0,"enemies":"3 Byrds","floor":20,"turns":2},{"damage":5,"enemies":"3 Cultists","floor":21,"turns":4},{"damage":31,"enemies":"Slavers","floor":24,"turns":4},{"damage":0,"enemies":"Centurion and Healer","floor":25,"turns":2},{"damage":12,"enemies":"Book of Stabbing","floor":27,"turns":5},{"damage":0,"enemies":"Snake Plant","floor":29,"turns":5},{"damage":0,"enemies":"Sentry and Sphere","floor":31,"turns":3},{"damage":37,"enemies":"Champ","floor":33,"turns":10},{"damage":0,"enemies":"3 Shapes","floor":35,"turns":3},{"damage":13,"enemies":"3 Darklings","floor":36,"turns":3},{"damage":10,"enemies":"Sphere and 2 Shapes","floor":38,"turns":6},{"damage":5,"enemies":"4 Shapes","floor":39,"turns":6},{"damage":4,"enemies":"Writhing Mass","floor":41,"turns":8},{"damage":2,"enemies":"Jaw Worm Horde","floor":48,"turns":2},{"damage":42,"enemies":"Awakened One","floor":50,"turns":13}],"seed_played":"-6756374031211413540","potions_obtained":[{"floor":2.0,"key":"FocusPotion"},{"floor":7,"key":"SmokeBomb"},{"floor":12,"key":"Dexterity Potion"},{"floor":20,"key":"Ancient Potion"},{"floor":31,"key":"AttackPotion"},{"floor":36,"key":"Block Potion"},{"floor":38,"key":"SkillPotion"}],"is_trial":false,"path_per_floor":["M","M","$","M","M","R","E","?","T","$","R","M","R","E","R","B",null,"M","?","M","M","$","R","E","M","T","E","?","M","R","M","R","B",null,"M","M","?","M","M","R","M","R","T","$","R","?","?","M","R","B",null],"character_chosen":"DEFECT","items_purchased":["War Paint","Strength Potion"],"campfire_rested":6,"item_purchase_floors":[44,44],"current_hp_per_floor":[67,64,64,64,59,59,42,42,42,42,42,35,57,21,43,29,64,63,63,63,58,58,58,27,27,27,15,15,15,37,37,59,22,62,62,49,49,39,34,56,52,52,52,52,52,52,52,50,72,30],"gold":74,"neow_bonus":"TRANSFORM_CARD","is_prod":false,"is_daily":false,"chose_seed":false,"campfire_upgraded":5,"win_rate":0,"timestamp":1566098309,"path_taken":["M","M","?","M","M","R","E","?","T","$","R","M","R","E","R","BOSS","M","?","M","M","$","R","E","?","T","E","?","M","R","M","R","BOSS","M","M","?","M","M","R","M","R","T","$","R","?","?","M","R","BOSS"],"build_version":"2019-07-17","purchased_purges":3,"victory":true,"max_hp_per_floor":[75,75,75,75,75,75,75,75,75,75,75,75,75,75,75,75,75,75,75,75,75,75,75,75,75,75,75,75,75,75,75,75,75,75,75,75,75,75,75,75,75,75,75,75,75,75,75,75,75,75],"card_choices":[{"not_picked":["Conserve Battery","Force Field"],"picked":"Coolheaded","floor":1.0},{"not_picked":["Leap","Streamline"],"picked":"Rip and Tear","floor":2.0},{"not_picked":["Beam Cell","Lockon"],"picked":"Conserve Battery","floor":4.0},{"not_picked":["Turbo","Hologram"],"picked":"Streamline","floor":5.0},{"not_picked":["Doom and Gloom","Stack"],"picked":"White Noise","floor":7},{"not_picked":["Compile Driver","Hologram"],"picked":"Defragment","floor":12},{"not_picked":["Seek","Reprogram"],"picked":"Glacier","floor":14},{"not_picked":["Multi-Cast","Seek"],"picked":"Electrodynamics","floor":16},{"not_picked":["Conserve Battery","Rebound"],"picked":"Static Discharge","floor":18},{"not_picked":["Steam","Cold Snap"],"picked":"Loop","floor":20},{"not_picked":["Conserve Battery","Genetic Algorithm+1"],"picked":"Doom and Gloom+1","floor":21},{"not_picked":["Steam Power","Ball Lightning"],"picked":"Recycle","floor":24},{"not_picked":["Hologram+1","Blizzard","Hello World"],"picked":"SKIP","floor":27},{"not_picked":["BootSequence","Turbo+1","Cold Snap+1"],"picked":"SKIP","floor":29},{"not_picked":["Electrodynamics","Self Repair","Turbo"],"picked":"SKIP","floor":31},{"not_picked":["Reboot","Core Surge"],"picked":"Thunder Strike","floor":33},{"not_picked":["Coolheaded+1","Hologram"],"picked":"Leap+1","floor":35},{"not_picked":["Hologram","Gash","Rip and Tear"],"picked":"SKIP","floor":36},{"not_picked":["Recycle","Steam+1"],"picked":"Capacitor","floor":38},{"not_picked":["Static Discharge","Rebound","Hologram+1"],"picked":"SKIP","floor":39},{"not_picked":["Compile Driver+1","Reprogram"],"picked":"Defragment","floor":41},{"not_picked":["Impatience","Trip"],"picked":"Finesse","floor":46},{"not_picked":["BootSequence+1","Turbo","Compile Driver"],"picked":"SKIP","floor":48}],"player_experience":625243,"relics_obtained":[{"floor":7,"key":"Tiny Chest"},{"floor":9,"key":"Anchor"},{"floor":14,"key":"Happy Flower"},{"floor":24,"key":"Whetstone"},{"floor":26,"key":"Pen Nib"},{"floor":27,"key":"Bottled Lightning"},{"floor":43,"key":"Incense Burner"}],"event_choices":[{"damage_healed":0,"gold_gain":0,"player_choice":"Box","damage_taken":0,"relics_obtained":["Kunai"],"max_hp_gain":0,"max_hp_loss":0,"event_name":"Big Fish","floor":8,"gold_loss":0,"cards_obtained":["Regret"]},{"cards_removed":["Strike_B"],"damage_healed":0,"gold_gain":0,"player_choice":"Upgrade and Remove","damage_taken":0,"max_hp_gain":0,"max_hp_loss":0,"event_name":"Designer","floor":19,"gold_loss":90,"cards_upgraded":["Defend_B"]},{"damage_healed":0,"gold_gain":0,"player_choice":"Obtained Relic","damage_taken":0,"relics_obtained":["Blue Candle"],"max_hp_gain":0,"max_hp_loss":0,"event_name":"Addict","floor":28,"gold_loss":85},{"damage_healed":0,"gold_gain":0,"player_choice":"Ignored","damage_taken":0,"max_hp_gain":0,"max_hp_loss":0,"event_name":"Tomb of Lord Red Mask","floor":37,"gold_loss":0},{"damage_healed":0,"gold_gain":0,"player_choice":"Memory 1","damage_taken":0,"max_hp_gain":0,"max_hp_loss":0,"event_name":"SensoryStone","floor":46,"gold_loss":0},{"cards_removed":["Normality"],"damage_healed":0,"gold_gain":0,"player_choice":"Offered Curse","damage_taken":0,"relics_obtained":["Spirit Poop"],"max_hp_gain":0,"max_hp_loss":0,"event_name":"Bonfire Elementals","floor":47,"gold_loss":0}],"is_beta":false,"boss_relics":[{"not_picked":["Tiny House","Orrery"],"picked":"Runic Pyramid"},{"not_picked":["Philosopher\u0027s Stone","Nuclear Battery"],"picked":"Cursed Key"}],"items_purged_floors":[3,10,22],"is_endless":false,"potions_floor_spawned":[2,7,12,20,24,25,31,36,38],"ascension_level":11}