{"gold_per_floor":[112,132,145,90,15,41,55,55,55,1,1,13,13,34,34,139,139,157,169,182,201,53,53,53,53,53,84,84,84,96,96],"floor_reached":31,"playtime":2178,"items_purged":["Strike_B","Defend_B"],"score":255,"play_id":"04b7a9bc-1bc5-42bd-9616-ee8e222350cf","local_time":"20190818142105","is_ascension_mode":false,"campfire_choices":[{"data":"Loop","floor":8,"key":"SMITH"},{"data":"Turbo","floor":15,"key":"SMITH"},{"data":"Machine Learning","floor":23,"key":"SMITH"},{"floor":25,"key":"REST"}],"neow_cost":"NONE","seed_source_timestamp":351784352922,"circlet_count":0,"master_deck":["Strike_B","Strike_B","Strike_B","Defend_B","Defend_B","Zap+1","Dualcast","Hologram","Loop+1","Meteor Strike","Ball Lightning","Conserve Battery","Turbo+1","Machine Learning+1","Conserve Battery","Reboot","Turbo"],"relics":["Cracked Core","NeowsBlessing","Oddly Smooth Stone","Bottled Tornado","Bronze Scales","Odd Mushroom","White Beast Statue","Nilry\u0027s Codex","Centennial Puzzle"],"potions_floor_usage":[6,20,21,21,27,27,29],"damage_taken":[{"damage":0,"enemies":"2 Louse","floor":1,"turns":1},{"damage":0,"enemies":"Cultist","floor":2,"turns":1},{"damage":0,"enemies":"Small Slimes","floor":3,"turns":1},{"damage":20,"enemies":"3 Sentries","floor":6,"turns":7},{"damage":14,"enemies":"Exordium Thugs","floor":7,"turns":4},{"damage":0,"enemies":"2 Fungi Beasts","floor":12,"turns":2},{"damage":18,"enemies":"The Mushroom Lair","floor":14,"turns":3},{"damage":4,"enemies":"Slime Boss","floor":16,"turns":6},{"damage":10,"enemies":"Shell Parasite","floor":18,"turns":5},{"damage":10,"enemies":"Chosen","floor":19,"turns":4},{"damage":0,"enemies":"Snecko","floor":20,"turns":2},{"damage":9,"enemies":"Snake Plant","floor":21,"turns":4},{"damage":28,"enemies":"Book of Stabbing","floor":27,"turns":7},{"damage":14,"enemies":"Colosseum Slavers","floor":29,"turns":4},{"damage":4,"enemies":"Centurion and Healer","floor":30,"turns":3},{"damage":10,"enemies":"Sentry and Sphere","floor":31,"turns":3}],"seed_played":"8297336209867824276","potions_obtained":[{"floor":1,"key":"FocusPotion"},{"floor":3,"key":"FearPotion"},{"floor":18,"key":"Dexterity Potion"},{"floor":19,"key":"Strength Potion"},{"floor":20,"key":"Block Potion"},{"floor":21,"key":"SteroidPotion"},{"floor":27,"key":"Block Potion"},{"floor":30,"key":"Poison Potion"}],"is_trial":false,"path_per_floor":["M","M","M","?","$","E","M","R","T","$","?","M","$","?","R","B",null,"M","M","M","M","$","R","?","R","T","E","?","?","M","M"],"character_chosen":"DEFECT","items_purchased":["Ball Lightning","Energy Potion"],"campfire_rested":1,"item_purchase_floors":[10,22],"current_hp_per_floor":[75,75,75,75,75,55,41,41,41,41,41,41,41,23,23,19,75,65,55,55,46,46,46,30,52,52,24,24,10,6,0],"gold":96,"neow_bonus":"THREE_ENEMY_KILL","is_prod":false,"is_daily":false,"chose_seed":false,"campfire_upgraded":3,"win_rate":0,"timestamp":1566163265,"path_taken":["M","M","M","?","$","E","?","R","T","$","?","M","?","?","R","BOSS","M","M","M","M","$","R","?","R","T","E","?","?","?","M"],"build_version":"2019-07-17","purchased_purges":2,"victory":false,"max_hp_per_floor":[75,75,75,75,75,75,75,75,75,75,75,75,75,75,75,75,75,75,75,75,75,75,75,75,75,75,75,75,75,75,75],"card_choices":[{"not_picked":["Sunder","Steam Power","Coolheaded"],"picked":"SKIP","floor":1},{"not_picked":["Barrage","Rebound"],"picked":"Hologram","floor":2},{"not_picked":["Steam","Beam Cell"],"picked":"Loop","floor":3},{"not_picked":["Steam","BootSequence","Gash"],"picked":"SKIP","floor":6},{"not_picked":["Skim","Barrage"],"picked":"Meteor Strike","floor":7},{"not_picked":["Steam","Go for the Eyes"],"picked":"Conserve Battery","floor":12},{"not_picked":["Sunder","Leap"],"picked":"Turbo","floor":14},{"not_picked":["Electrodynamics","Hyperbeam"],"picked":"Machine Learning","floor":16},{"not_picked":["Coolheaded","Gash+1","Barrage"],"picked":"SKIP","floor":18},{"not_picked":["White Noise","Coolheaded"],"picked":"Conserve Battery","floor":19},{"not_picked":["Auto Shields+1","Beam Cell","Leap"],"picked":"SKIP","floor":20},{"not_picked":["Storm","Chill","Steam+1"],"picked":"SKIP","floor":21},{"not_picked":["Storm","Melter"],"picked":"Reboot","floor":27},{"not_picked":["Gash","Redo+1"],"picked":"Turbo","floor":30}],"player_experience":152858,"relics_obtained":[{"floor":6,"key":"Bottled Tornado"},{"floor":9,"key":"Bronze Scales"},{"floor":14,"key":"Odd Mushroom"},{"floor":24,"key":"Nilry\u0027s Codex"},{"floor":27,"key":"Centennial Puzzle"}],"event_choices":[{"damage_healed":0,"gold_gain":0,"player_choice":"Paid Gold","damage_taken":0,"relics_obtained":["Oddly Smooth Stone"],"max_hp_gain":0,"max_hp_loss":0,"event_name":"WeMeetAgain","floor":4,"gold_loss":55},{"damage_healed":0,"gold_gain":0,"player_choice":"Upgraded","damage_taken":0,"max_hp_gain":0,"max_hp_loss":0,"event_name":"Upgrade Shrine","floor":11,"gold_loss":0,"cards_upgraded":["Zap"]},{"damage_healed":0,"gold_gain":0,"player_choice":"Fought Mushrooms","damage_taken":0,"max_hp_gain":0,"max_hp_loss":0,"event_name":"Mushrooms","floor":14,"gold_loss":0},{"damage_healed":0,"gold_gain":0,"player_choice":"Obtained Book","damage_taken":16,"max_hp_gain":0,"max_hp_loss":0,"event_name":"Cursed Tome","floor":24,"gold_loss":0},{"cards_removed":["Defend_B"],"damage_healed":0,"gold_gain":0,"player_choice":"Elegance","damage_taken":0,"max_hp_gain":0,"max_hp_loss":0,"event_name":"Back to Basics","floor":28,"gold_loss":0},{"damage_healed":0,"gold_gain":0,"player_choice":"Fight","damage_taken":0,"max_hp_gain":0,"max_hp_loss":0,"event_name":"Colosseum","floor":29,"gold_loss":0},{"damage_healed":0,"gold_gain":0,"player_choice":"Fled From Nobs","damage_taken":0,"max_hp_gain":0,"max_hp_loss":0,"event_name":"Colosseum","floor":29,"gold_loss":0}],"is_beta":false,"boss_relics":[{"not_picked":["Calling Bell","Philosopher\u0027s Stone"],"picked":"White Beast Statue"}],"items_purged_floors":[5,22],"is_endless":false,"potions_floor_spawned":[1,3,18,19,20,21,27,29,30],"killed_by":"Sentry and Sphere","ascension_level":0}