{"gold_per_floor":[111,123,143,44,44,44,72,72,72,72,97,111,121,121],"floor_reached":14,"playtime":411,"items_purged":["Normality"],"score":200,"play_id":"d6f7b1f6-bc6a-4966-b179-1de8977ad88a","local_time":"20190328225854","is_ascension_mode":true,"campfire_choices":[{"data":"Dagger Spray","floor":6,"key":"SMITH"},{"data":"Poisoned Stab","floor":8,"key":"SMITH"},{"data":"Deadly Poison","floor":10,"key":"SMITH"}],"neow_cost":"CURSE","seed_source_timestamp":1302287428630674,"circlet_count":0,"master_deck":["AscendersBane","Defend_G","Defend_G","Defend_G","Defend_G","Defend_G","Strike_G","Strike_G","Strike_G","Strike_G","Strike_G","Survivor","Neutralize","Dagger Spray+1","Poisoned Stab+1","Deadly Poison+1","Deadly Poison"],"relics":["Ring of the Snake","StoneCalendar","Blue Candle","Strawberry","Snake Skull","Ancient Tea Set"],"potions_floor_usage":[7,11,14],"damage_taken":[{"damage":0,"enemies":"2 Louse","floor":1,"turns":3},{"damage":5,"enemies":"Cultist","floor":2,"turns":5},{"damage":0,"enemies":"Small Slimes","floor":3,"turns":4},{"damage":26,"enemies":"Gremlin Nob","floor":7,"turns":4},{"damage":23,"enemies":"3 Sentries","floor":11,"turns":7},{"damage":6,"enemies":"Exordium Thugs","floor":12,"turns":5},{"damage":1,"enemies":"Blue Slaver","floor":13,"turns":3},{"damage":15,"enemies":"Lagavulin","floor":14,"turns":3}],"seed_played":"-7298359747950584248","potions_obtained":[{"floor":2,"key":"AttackPotion"},{"floor":3,"key":"LiquidBronze"},{"floor":11,"key":"Fire Potion"}],"is_trial":false,"path_per_floor":["M","M","M","$","?","R","E","R","T","R","E","M","M","E"],"character_chosen":"THE_SILENT","items_purchased":["Deadly Poison"],"campfire_rested":0,"item_purchase_floors":[4],"current_hp_per_floor":[59,54,54,54,54,54,35,35,35,35,12,6,5,0],"gold":121,"neow_bonus":"ONE_RARE_RELIC","is_prod":false,"is_daily":false,"chose_seed":false,"campfire_upgraded":3,"win_rate":0,"timestamp":1553813934,"path_taken":["M","M","M","$","?","R","E","R","T","R","E","M","M","E"],"build_version":"2019-03-15","purchased_purges":1,"victory":false,"max_hp_per_floor":[66,66,66,66,66,66,73,73,73,73,73,73,73,73],"card_choices":[{"not_picked":["Riddle With Holes","Slice"],"picked":"PiercingWail","floor":1},{"not_picked":["Calculated Gamble","Cloak And Dagger"],"picked":"Dagger Spray","floor":2},{"not_picked":["Slice","Infinite Blades"],"picked":"Poisoned Stab","floor":3},{"not_picked":["Deflect","Prepared","Flechettes"],"picked":"SKIP","floor":7},{"not_picked":["Underhanded Strike","Choke","Outmaneuver"],"picked":"SKIP","floor":11},{"not_picked":["Deflect","Bane"],"picked":"Deadly Poison","floor":12},{"not_picked":["Cloak And Dagger","Finisher","Deflect"],"picked":"SKIP","floor":13}],"player_experience":1970279,"relics_obtained":[{"floor":7,"key":"Strawberry"},{"floor":9,"key":"Snake Skull"},{"floor":11,"key":"Ancient Tea Set"}],"event_choices":[{"cards_removed":["PiercingWail"],"damage_healed":0,"gold_gain":0,"player_choice":"Gave Card","damage_taken":0,"relics_obtained":["Blue Candle"],"max_hp_gain":0,"max_hp_loss":0,"event_name":"WeMeetAgain","floor":5,"gold_loss":0}],"is_beta":true,"boss_relics":[],"items_purged_floors":[4],"is_endless":false,"potions_floor_spawned":[2,3,11],"killed_by":"Lagavulin","ascension_level":20}