{"gold_per_floor":[109,109,127,140,140,140,175,175,175,205,225,96,96,96,96,171,171,191,211,211,211,191,221,221,256,256,287,301,316,20,20,20,97,97,117,50,50,65,83,108,108,119,119,148,148,64,98,110,110,110,110,110,110,30,56,56],"floor_reached":57,"playtime":3135,"items_purged":["Strike_B","Strike_B+1"],"score":2987,"play_id":"ffb74e9e-d345-4df5-8462-1abb9b174ba2","local_time":"20190807235709","is_ascension_mode":true,"campfire_choices":[{"data":"Barrage","floor":6.0,"key":"SMITH"},{"data":"Melter","floor":8.0,"key":"SMITH"},{"data":"Biased Cognition","floor":13.0,"key":"SMITH"},{"data":"Go for the Eyes","floor":15.0,"key":"SMITH"},{"data":"Self Repair","floor":24.0,"key":"SMITH"},{"data":"Loop","floor":32.0,"key":"SMITH"},{"floor":41.0,"key":"RECALL"},{"data":"Defragment","floor":49.0,"key":"SMITH"},{"data":"Hologram","floor":53.0,"key":"SMITH"}],"neow_cost":"NONE","seed_source_timestamp":0,"circlet_count":0,"master_deck":["AscendersBane","Defend_B+1","Defend_B+1","Defend_B+1","Defend_B+1","Zap+1","Dualcast+1","Go for the Eyes+1","Melter+1","Biased Cognition+1","Self Repair+1","Conserve Battery","Creative AI","Glacier+1","Conserve Battery","Compile Driver+1","Hologram+1","Storm","Loop+1","Capacitor","Meteor Strike+1","Electrodynamics","Cold Snap+1","Pain","Stack+1","Defragment+1","Doom and Gloom+1","Reinforced Body","Sweeping Beam+1","Compile Driver+1"],"special_seed":0,"relics":["Cracked Core","Vajra","Strawberry","Molten Egg 2","Mummified Hand","Coffee Dripper","The Courier","Calipers","War Paint","Blue Candle","Potion Belt","Snecko Eye","WarpedTongs","Happy Flower","Omamori","Mercury Hourglass","Art of War"],"potions_floor_usage":[56,56],"damage_taken":[{"damage":7.0,"enemies":"Jaw Worm","floor":1.0,"turns":3.0},{"damage":1.0,"enemies":"Cultist","floor":3.0,"turns":4.0},{"damage":8.0,"enemies":"2 Louse","floor":4.0,"turns":2.0},{"damage":25.0,"enemies":"Lagavulin","floor":7.0,"turns":7.0},{"damage":0.0,"enemies":"Gremlin Nob","floor":10.0,"turns":2.0},{"damage":7.0,"enemies":"Large Slime","floor":11.0,"turns":3.0},{"damage":15.0,"enemies":"The Guardian","floor":16.0,"turns":12.0},{"damage":0.0,"enemies":"Spheric Guardian","floor":18.0,"turns":2.0},{"damage":0.0,"enemies":"3 Byrds","floor":19.0,"turns":5.0},{"damage":7.0,"enemies":"Slavers","floor":23.0,"turns":4.0},{"damage":2.0,"enemies":"Book of Stabbing","floor":25.0,"turns":5.0},{"damage":0.0,"enemies":"Slavers","floor":27.0,"turns":6.0},{"damage":34.0,"enemies":"Cultist and Chosen","floor":28.0,"turns":4.0},{"damage":0.0,"enemies":"3 Cultists","floor":29.0,"turns":4.0},{"damage":20.0,"enemies":"Champ","floor":33.0,"turns":10.0},{"damage":0.0,"enemies":"3 Darklings","floor":35.0,"turns":3.0},{"damage":2.0,"enemies":"Orb Walker","floor":38.0,"turns":3.0},{"damage":17.0,"enemies":"Spire Growth","floor":39.0,"turns":4.0},{"damage":17.0,"enemies":"Nemesis","floor":40.0,"turns":5.0},{"damage":5.0,"enemies":"Maw","floor":42.0,"turns":5.0},{"damage":31.0,"enemies":"Giant Head","floor":44.0,"turns":6.0},{"damage":1.0,"enemies":"Nemesis","floor":47.0,"turns":5.0},{"damage":0.0,"enemies":"Sphere and 2 Shapes","floor":48.0,"turns":2.0},{"damage":44.0,"enemies":"Time Eater","floor":50.0,"turns":12.0},{"damage":47.0,"enemies":"Awakened One","floor":51.0,"turns":15.0},{"damage":24.0,"enemies":"Shield and Spear","floor":55.0,"turns":4.0},{"damage":31,"enemies":"The Heart","floor":56,"turns":11}],"seed_played":"-9213979980858991901","potions_obtained":[{"floor":4.0,"key":"Fire Potion"},{"floor":7.0,"key":"Weak Potion"},{"floor":11.0,"key":"AttackPotion"},{"floor":16.0,"key":"Energy Potion"},{"floor":19.0,"key":"Block Potion"},{"floor":22.0,"key":"GamblersBrew"},{"floor":25.0,"key":"EssenceOfSteel"},{"floor":29.0,"key":"AttackPotion"},{"floor":35.0,"key":"Poison Potion"},{"floor":38.0,"key":"FocusPotion"},{"floor":47.0,"key":"Block Potion"}],"is_trial":false,"path_per_floor":["M","?","M","M","?","R","E","R","T","E","M","$","R","?","R","B",null,"M","M","?","?","?","E","R","E","T","E","M","M","$","?","R","B",null,"M","$","?","M","M","E","R","M","T","E","?","$","E","M","R","B","B",null,"R","$","E","B",null],"character_chosen":"DEFECT","items_purchased":["Conserve Battery","Potion Belt","Loop","Capacitor","FocusPotion","Fruit Juice","Swift Potion","PowerPotion"],"campfire_rested":0,"item_purchase_floors":[12,30,30,30,36,46,54,54],"current_hp_per_floor":[57,57,56,48,43,43,25,25,25,25,18,18,18,18,18,10,61,61,68,68,68,68,68,68,76,76,78,54,64,64,64,64,54,72,78,78,78,78,71,64,64,69,69,48,48,48,72,82,82,48,11,65,65,65,51,40],"gold":56,"neow_bonus":"UPGRADE_CARD","is_prod":false,"is_daily":false,"chose_seed":false,"campfire_upgraded":8,"win_rate":0,"timestamp":1565218629,"path_taken":["M","?","M","?","?","R","E","R","T","E","M","$","R","?","R","BOSS","M","M","?","?","?","E","R","E","T","E","M","?","$","?","R","BOSS","M","?","?","?","M","E","R","M","T","E","?","?","E","M","R","BOSS","BOSS","R","$","E","BOSS"],"build_version":"2019-07-18","purchased_purges":2,"victory":true,"max_hp_per_floor":[71,71,71,71,71,71,78,78,78,78,78,78,78,78,78,78,78,78,78,78,78,78,78,78,78,78,78,78,78,78,78,78,78,78,78,78,78,78,78,78,78,78,78,78,78,78,83,83,83,83,83,83,83,83,83,83],"card_choices":[{"not_picked":["Stack","Undo"],"picked":"Barrage","floor":1.0},{"not_picked":["Barrage","Consume"],"picked":"Go for the Eyes","floor":3.0},{"not_picked":["Redo","Stack","Blizzard"],"picked":"SKIP","floor":4.0},{"not_picked":["Loop","Hologram"],"picked":"Melter","floor":7.0},{"not_picked":["Hologram","Leap"],"picked":"Biased Cognition","floor":10.0},{"not_picked":["Compile Driver+1","Static Discharge"],"picked":"Self Repair","floor":11.0},{"not_picked":["Amplify","Seek"],"picked":"Creative AI","floor":16.0},{"not_picked":["Tempest","Rebound+1"],"picked":"Glacier","floor":18.0},{"not_picked":["Barrage+1","Rebound+1"],"picked":"Conserve Battery","floor":19.0},{"not_picked":["Ball Lightning+1","Conserve Battery"],"picked":"Compile Driver+1","floor":23.0},{"not_picked":["Streamline+1","Barrage+1"],"picked":"Hologram","floor":25.0},{"not_picked":["Force Field","Sunder+1"],"picked":"Storm","floor":27.0},{"not_picked":["Steam Power","Turbo","Stack"],"picked":"SKIP","floor":28.0},{"not_picked":["Beam Cell+1","Leap","Stack"],"picked":"SKIP","floor":29.0},{"not_picked":["Machine Learning","Hyperbeam+1"],"picked":"Electrodynamics","floor":33.0},{"not_picked":["Static Discharge","FTL+1"],"picked":"Cold Snap+1","floor":35.0},{"not_picked":["Streamline+1","Hologram","Scrape+1"],"picked":"SKIP","floor":38.0},{"not_picked":["Conserve Battery","Beam Cell+1"],"picked":"Stack+1","floor":39.0},{"not_picked":["Stack+1","Hologram","Rebound+1"],"picked":"SKIP","floor":40.0},{"not_picked":["Steam","Turbo"],"picked":"Defragment","floor":42.0},{"not_picked":["Undo+1","Chill"],"picked":"Doom and Gloom+1","floor":44.0},{"not_picked":["Fission","Chaos"],"picked":"Reinforced Body","floor":47.0},{"not_picked":["Steam","Turbo"],"picked":"Sweeping Beam+1","floor":48.0},{"not_picked":["Recycle","Reprogram"],"picked":"Compile Driver+1","floor":55.0}],"player_experience":2287498,"relics_obtained":[{"floor":7.0,"key":"Strawberry"},{"floor":9.0,"key":"Molten Egg 2"},{"floor":10.0,"key":"Mummified Hand"},{"floor":23.0,"key":"The Courier"},{"floor":25.0,"key":"Calipers"},{"floor":26.0,"key":"War Paint"},{"floor":27.0,"key":"Blue Candle"},{"floor":40.0,"key":"Happy Flower"},{"floor":44.0,"key":"Omamori"},{"floor":47.0,"key":"Mercury Hourglass"},{"floor":55.0,"key":"Art of War"}],"event_choices":[{"cards_removed":["Strike_B"],"damage_healed":0.0,"max_hp_gain":0.0,"max_hp_loss":0.0,"gold_gain":0.0,"event_name":"Bonfire Elementals","player_choice":"Offered Basic","floor":2.0,"gold_loss":0.0,"damage_taken":0.0},{"damage_healed":0.0,"max_hp_gain":0.0,"max_hp_loss":0.0,"gold_gain":0.0,"event_name":"Scrap Ooze","player_choice":"Success","floor":5.0,"gold_loss":0.0,"damage_taken":5.0,"relics_obtained":["Vajra"]},{"damage_healed":0.0,"max_hp_gain":0.0,"max_hp_loss":0.0,"gold_gain":0.0,"event_name":"Shining Light","player_choice":"Ignored","floor":14.0,"gold_loss":0.0,"damage_taken":0.0},{"damage_healed":0.0,"max_hp_gain":0.0,"max_hp_loss":0.0,"gold_gain":0.0,"event_name":"Back to Basics","player_choice":"Simplicity","floor":20.0,"gold_loss":0.0,"damage_taken":0.0,"cards_upgraded":["Strike_B","Strike_B","Defend_B","Defend_B","Defend_B","Defend_B"]},{"damage_healed":0.0,"max_hp_gain":0.0,"max_hp_loss":0.0,"gold_gain":0.0,"event_name":"Vampires","player_choice":"Ignored","floor":21.0,"gold_loss":0.0,"damage_taken":0.0},{"damage_healed":0.0,"max_hp_gain":0.0,"max_hp_loss":0.0,"gold_gain":0.0,"event_name":"The Woman in Blue","player_choice":"Bought 1 Potion","floor":22.0,"gold_loss":0.0,"damage_taken":0.0},{"damage_healed":0.0,"max_hp_gain":0.0,"max_hp_loss":0.0,"gold_gain":0.0,"cards_transformed":["Strike_B"],"event_name":"Transmorgrifier","player_choice":"Transformed","floor":31.0,"gold_loss":0.0,"damage_taken":0.0,"cards_obtained":["Meteor Strike"]},{"damage_healed":0.0,"max_hp_gain":0.0,"max_hp_loss":0.0,"gold_gain":0.0,"event_name":"Accursed Blacksmith","player_choice":"Rummage","floor":37.0,"gold_loss":0.0,"damage_taken":0.0,"relics_obtained":["WarpedTongs"],"cards_obtained":["Pain"]},{"cards_removed":["Barrage"],"damage_healed":0.0,"max_hp_gain":0.0,"max_hp_loss":0.0,"gold_gain":0.0,"event_name":"Falling","player_choice":"Removed Attack","floor":45.0,"gold_loss":0.0,"damage_taken":0.0}],"is_beta":true,"boss_relics":[{"not_picked":["Astrolabe","Black Star"],"picked":"Coffee Dripper"},{"not_picked":["Sozu","FrozenCore"],"picked":"Snecko Eye"}],"items_purged_floors":[12,30],"is_endless":false,"potions_floor_spawned":[4,7,11,16,19,23,25,29,35,38,47],"ascension_level":20}