{"gold_per_floor":[110,110,35,35,47,76,76,86,86,116,116,132,232,266,266,266],"floor_reached":16,"playtime":387,"items_purged":[],"score":286,"play_id":"70e42928-3edc-4dda-8209-087c4acf9a35","local_time":"20181213120436","is_ascension_mode":true,"campfire_choices":[{"data":"Strike_B","floor":7,"key":"SMITH"},{"floor":11,"key":"REST"},{"data":"Zap","floor":15,"key":"SMITH"}],"neow_cost":"NONE","seed_source_timestamp":50061226127400,"circlet_count":0,"master_deck":["AscendersBane","Strike_B+1","Strike_B+1","Strike_B+1","Defend_B","Defend_B","Defend_B","Defend_B","Zap+1","Dualcast","Fusion+1","Ball Lightning+1","Core Surge+1","Compile Driver","FTL"],"relics":["Cracked Core","NeowsBlessing","Toxic Egg 2","Mercury Hourglass","Whetstone","Bottled Flame"],"potions_floor_usage":[14,16],"damage_taken":[{"damage":0,"enemies":"Jaw Worm","floor":1,"turns":1},{"damage":0,"enemies":"Small Slimes","floor":5,"turns":1},{"damage":0,"enemies":"3 Sentries","floor":6,"turns":2},{"damage":3,"enemies":"2 Louse","floor":8,"turns":2},{"damage":25,"enemies":"Lagavulin","floor":10,"turns":7},{"damage":0,"enemies":"Lots of Slimes","floor":12,"turns":2},{"damage":8,"enemies":"3 Sentries","floor":14,"turns":5},{"damage":32,"enemies":"Hexaghost","floor":16,"turns":7}],"seed_played":"2341593194907436944","potions_obtained":[{"floor":5,"key":"EssenceOfSteel"},{"floor":6,"key":"EntropicBrew"}],"is_trial":false,"path_per_floor":["M","?","?","$","M","E","R","M","T","E","R","M","?","E","R","B"],"character_chosen":"DEFECT","items_purchased":[],"campfire_rested":1,"item_purchase_floors":[],"current_hp_per_floor":[64,43,43,43,43,43,43,40,40,15,36,36,36,28,28,0],"gold":266,"neow_bonus":"THREE_ENEMY_KILL","is_prod":false,"is_daily":false,"chose_seed":false,"campfire_upgraded":2,"win_rate":0,"timestamp":1544702676,"path_taken":["M","?","?","?","M","E","R","M","T","E","R","M","?","E","R","BOSS"],"build_version":"2018-12-12","purchased_purges":0,"victory":false,"max_hp_per_floor":[71,71,71,71,71,71,71,71,71,71,71,71,71,71,71,71],"card_choices":[{"not_picked":["Rebound","Barrage","Steam"],"picked":"SKIP","floor":1},{"not_picked":["Rebound","Conserve Battery","Barrage"],"picked":"SKIP","floor":5},{"not_picked":["Steam","Skim"],"picked":"Fusion","floor":6},{"not_picked":["Cold Snap","Streamline"],"picked":"Ball Lightning","floor":8},{"not_picked":["Redo+1","White Noise+1"],"picked":"Core Surge","floor":10},{"not_picked":["Hologram+1","Gash"],"picked":"Compile Driver","floor":12},{"not_picked":["Heatsinks","Hologram+1"],"picked":"FTL","floor":14}],"player_experience":1696215,"relics_obtained":[{"floor":6,"key":"Toxic Egg 2"},{"floor":9,"key":"Mercury Hourglass"},{"floor":10,"key":"Whetstone"},{"floor":14,"key":"Bottled Flame"}],"event_choices":[{"damage_healed":0,"gold_gain":0,"player_choice":"Entered Light","damage_taken":21,"max_hp_gain":0,"max_hp_loss":0,"event_name":"Shining Light","floor":2,"gold_loss":0,"cards_upgraded":["Strike_B","Strike_B"]},{"cards_removed":["Strike_B"],"damage_healed":0,"gold_gain":0,"player_choice":"Card Removal","damage_taken":0,"max_hp_gain":0,"max_hp_loss":0,"event_name":"The Cleric","floor":3,"gold_loss":75},{"damage_healed":0,"gold_gain":100,"player_choice":"Gold","damage_taken":0,"max_hp_gain":0,"max_hp_loss":0,"event_name":"Wheel of Change","floor":13,"gold_loss":0}],"is_beta":true,"boss_relics":[],"items_purged_floors":[],"is_endless":false,"potions_floor_spawned":[5,6],"killed_by":"Hexaghost","ascension_level":20}