{"gold_per_floor":[112,72,4,17,34,34,34,53,79,107,117,117,117],"floor_reached":13,"playtime":549,"items_purged":[],"score":87,"play_id":"38e47149-e7a6-41d6-822f-bbeed53af6fd","local_time":"20190817160859","is_ascension_mode":false,"campfire_choices":[{"data":"Steam Power","floor":6,"key":"SMITH"}],"neow_cost":"NONE","seed_source_timestamp":102554959167361,"circlet_count":0,"master_deck":["Strike_B","Strike_B","Strike_B","Strike_B","Defend_B","Defend_B","Defend_B","Defend_B","Zap","Dualcast","Self Repair+1","Steam Power+1","Genetic Algorithm","White Noise"],"relics":["Cracked Core","NeowsBlessing","Ancient Tea Set","Art of War"],"potions_floor_usage":[10,11,12],"damage_taken":[{"damage":0,"enemies":"Cultist","floor":1,"turns":1},{"damage":0,"enemies":"2 Louse","floor":4,"turns":1},{"damage":0,"enemies":"Jaw Worm","floor":5,"turns":1},{"damage":0,"enemies":"Large Slime","floor":8,"turns":4},{"damage":52,"enemies":"Lagavulin","floor":10,"turns":7},{"damage":14,"enemies":"Exordium Thugs","floor":11,"turns":4},{"damage":0,"enemies":"3 Louse","floor":12,"turns":1},{"damage":14,"enemies":"Gremlin Nob","floor":13,"turns":3}],"seed_played":"-5494059282292632746","potions_obtained":[{"floor":2,"key":"Regen Potion"},{"floor":2,"key":"AttackPotion"},{"floor":2,"key":"SmokeBomb"},{"floor":8,"key":"GamblersBrew"}],"is_trial":false,"path_per_floor":["M","?","$","M","M","R","?","M","T","E","M","M","E"],"character_chosen":"DEFECT","items_purchased":["Self Repair"],"campfire_rested":0,"item_purchase_floors":[3],"current_hp_per_floor":[75,75,75,75,75,75,75,75,75,33,19,19,5],"gold":117,"neow_bonus":"THREE_ENEMY_KILL","is_prod":false,"is_daily":false,"chose_seed":false,"campfire_upgraded":1,"win_rate":0,"timestamp":1566083339,"path_taken":["M","?","?","?","M","R","?","M","T","E","?","M","E"],"build_version":"2019-07-17","purchased_purges":0,"victory":false,"max_hp_per_floor":[75,75,75,75,75,75,75,75,75,75,75,75,75],"card_choices":[{"not_picked":["Stack","Turbo","Sunder"],"picked":"SKIP","floor":1},{"not_picked":["Sweeping Beam","Barrage","Beam Cell"],"picked":"SKIP","floor":4},{"not_picked":["Steam","Sunder"],"picked":"Steam Power","floor":5},{"not_picked":["Rebound","Go for the Eyes","Sweeping Beam"],"picked":"SKIP","floor":8},{"not_picked":["Compile Driver","Coolheaded"],"picked":"Genetic Algorithm","floor":10},{"not_picked":["Coolheaded","Skim"],"picked":"White Noise","floor":11}],"player_experience":145068,"relics_obtained":[{"floor":9,"key":"Ancient Tea Set"},{"floor":10,"key":"Art of War"}],"event_choices":[{"damage_healed":0,"gold_gain":0,"player_choice":"Bought 3 Potions","damage_taken":0,"max_hp_gain":0,"max_hp_loss":0,"event_name":"The Woman in Blue","floor":2,"gold_loss":0},{"damage_healed":0,"gold_gain":0,"player_choice":"Upgraded","damage_taken":0,"max_hp_gain":0,"max_hp_loss":0,"event_name":"Upgrade Shrine","floor":7,"gold_loss":0,"cards_upgraded":["Self Repair"]}],"is_beta":false,"boss_relics":[],"items_purged_floors":[],"is_endless":false,"potions_floor_spawned":[8],"killed_by":"Gremlin Nob","ascension_level":0}