{"gold_per_floor":[117,130,55,66,78,78,105,121,166,166,197,247,274,293,293,367,367,380,392,392,307,319,319,339,350,350,181,215,215,247,263,263,340,340,351,351,35,135,150,150,179,94,94,120,120,120,120,23,23,23,23],"floor_reached":52,"playtime":3455,"items_purged":["Strike_B","Strike_B"],"score":1861,"play_id":"e7c83c9f-de5e-4d0f-8138-4385e58351e8","local_time":"20181029021003","is_ascension_mode":true,"campfire_choices":[{"data":"Beam Cell","floor":6,"key":"SMITH"},{"data":"Self Repair","floor":10,"key":"SMITH"},{"data":"Sweeping Beam","floor":15,"key":"SMITH"},{"data":"Dualcast","floor":23,"key":"SMITH"},{"floor":32,"key":"REST"},{"data":"Hologram","floor":40,"key":"SMITH"},{"floor":45,"key":"REST"},{"data":"Hologram","floor":49,"key":"SMITH"}],"neow_cost":"NONE","seed_source_timestamp":224883579406438,"circlet_count":0,"master_deck":["Defend_B","Defend_B","Defend_B","Defend_B","Zap+1","Dualcast+1","AscendersBane","Doom and Gloom","Beam Cell+1","Self Repair+1","Sweeping Beam+1","Ball Lightning+1","Glacier","Echo Form","Go for the Eyes+1","Electrodynamics","Coolheaded","Leap","FTL+1","Hologram+1","All For One+1","Hologram+1","Flash of Steel+1","Steam","Writhe","Glacier"],"relics":["Cracked Core","Molten Egg 2","Anchor","Matryoshka","Lantern","Black Star","Letter Opener","Oddly Smooth Stone","Cables","Shuriken","Bottled Tornado","Turnip","Pocketwatch","Philosopher\u0027s Stone","Torii","Symbiotic Virus","Darkstone Periapt","Orichalcum","Question Card","Bronze Scales","Art of War"],"potions_floor_usage":[4,7,14,30,30,31,33,38,50,50],"damage_taken":[{"damage":0,"enemies":"Cultist","floor":1,"turns":3},{"damage":0,"enemies":"Small Slimes","floor":2,"turns":3},{"damage":3,"enemies":"2 Louse","floor":4,"turns":2},{"damage":19,"enemies":"Red Slaver","floor":5,"turns":4},{"damage":8,"enemies":"Gremlin Nob","floor":7,"turns":3},{"damage":20,"enemies":"Large Slime","floor":8,"turns":4},{"damage":15,"enemies":"3 Sentries","floor":11,"turns":5},{"damage":10,"enemies":"Lagavulin","floor":13,"turns":7},{"damage":10,"enemies":"Exordium Thugs","floor":14,"turns":3},{"damage":21,"enemies":"The Guardian","floor":16,"turns":12},{"damage":15,"enemies":"Chosen","floor":18,"turns":6},{"damage":0,"enemies":"3 Byrds","floor":19,"turns":2},{"damage":14,"enemies":"Snecko","floor":22,"turns":9},{"damage":52,"enemies":"Cultist and Chosen","floor":24,"turns":6},{"damage":17,"enemies":"Chosen and Byrds","floor":25,"turns":7},{"damage":7,"enemies":"Gremlin Leader","floor":28,"turns":5},{"damage":20,"enemies":"Slavers","floor":30,"turns":3},{"damage":6,"enemies":"Snake Plant","floor":31,"turns":5},{"damage":1,"enemies":"Collector","floor":33,"turns":8},{"damage":0,"enemies":"3 Shapes","floor":35,"turns":5},{"damage":14,"enemies":"Mind Bloom Boss Battle","floor":38,"turns":5},{"damage":0,"enemies":"Orb Walker","floor":39,"turns":3},{"damage":21,"enemies":"Giant Head","floor":41,"turns":5},{"damage":23,"enemies":"Nemesis","floor":44,"turns":7},{"damage":22,"enemies":"Time Eater","floor":50,"turns":13},{"damage":60,"enemies":"Donu and Deca","floor":51,"turns":11}],"seed_played":"6584384026710840840","potions_obtained":[{"floor":1,"key":"Swift Potion"},{"floor":4,"key":"FocusPotion"},{"floor":5,"key":"Strength Potion"},{"floor":8,"key":"Ancient Potion"},{"floor":16,"key":"SpeedPotion"},{"floor":20,"key":"SteroidPotion"},{"floor":30,"key":"Dexterity Potion"},{"floor":31,"key":"EssenceOfSteel"},{"floor":35,"key":"Dexterity Potion"}],"is_trial":false,"path_per_floor":["M","M","?","M","M","R","E","M","T","R","E","?","E","M","R","B",null,"M","M","?","?","M","R","M","M","T","$","E","?","E","M","R","B",null,"M","?","$","?","M","R","E","$","T","E","R","?","?","$","R","B","B"],"character_chosen":"DEFECT","items_purchased":["FTL+1","Hologram","FocusPotion","Hologram","Flash of Steel+1","Regen Potion","Glacier","PowerPotion"],"campfire_rested":2,"item_purchase_floors":[27,27,37,37,37,42,48,48],"current_hp_per_floor":[64,64,64,61,49,49,48,35,35,35,30,30,30,30,30,19,58,63,63,63,63,69,69,27,20,20,20,33,33,13,27,48,47,65,71,71,71,71,71,71,60,60,60,47,68,77,77,77,77,75,25],"gold":23,"neow_bonus":"UPGRADE_CARD","is_prod":false,"is_daily":false,"chose_seed":false,"campfire_upgraded":6,"win_rate":0,"timestamp":1540779003,"path_taken":["M","M","?","M","?","R","E","M","T","R","E","?","E","M","R","BOSS","M","M","?","?","?","R","M","M","T","$","E","?","E","M","R","BOSS","M","?","$","?","M","R","E","$","T","E","R","?","?","$","R","BOSS","BOSS"],"build_version":"2018-10-25v2","purchased_purges":2,"victory":true,"max_hp_per_floor":[71,71,71,71,71,71,71,71,71,71,71,71,71,71,71,71,71,71,71,71,71,71,71,71,71,71,71,71,71,71,71,71,71,71,71,71,71,71,71,71,71,71,71,71,71,77,77,77,77,77,77],"card_choices":[{"not_picked":["Skim","Leap"],"picked":"Doom and Gloom","floor":1},{"not_picked":["Leap","Chill"],"picked":"Beam Cell","floor":2},{"not_picked":["Cold Snap","Aggregate"],"picked":"Self Repair","floor":4},{"not_picked":["Streamline","White Noise"],"picked":"Sweeping Beam","floor":5},{"not_picked":["Stack","Sweeping Beam"],"picked":"Ball Lightning","floor":7},{"not_picked":["Barrage+1","Genetic Algorithm"],"picked":"Glacier","floor":8},{"not_picked":["Doom and Gloom+1","Cold Snap+1"],"picked":"Echo Form","floor":11},{"not_picked":["Multi-Cast","Double Energy","Static Discharge"],"picked":"SKIP","floor":13},{"not_picked":["Darkness","Streamline+1"],"picked":"Go for the Eyes+1","floor":14},{"not_picked":["Reboot","Thunder Strike+1"],"picked":"Electrodynamics","floor":16},{"not_picked":["Chill","Steam","Beam Cell+1"],"picked":"SKIP","floor":18},{"not_picked":["Leap","Sweeping Beam+1"],"picked":"Coolheaded","floor":19},{"not_picked":["Reprogram+1","Stack","Chaos"],"picked":"SKIP","floor":22},{"not_picked":["Reprogram+1","Stack","Chaos"],"picked":"SKIP","floor":22},{"not_picked":["Genetic Algorithm+1","Chaos","Force Field"],"picked":"SKIP","floor":24},{"not_picked":["Tempest","Gash+1"],"picked":"Leap","floor":25},{"not_picked":["Thunder Strike+1","Beam Cell+1","Tempest"],"picked":"SKIP","floor":28},{"not_picked":["Rebound+1","Steam","Buffer"],"picked":"SKIP","floor":30},{"not_picked":["Static Discharge","Go for the Eyes+1","Reprogram"],"picked":"SKIP","floor":31},{"not_picked":["Hyperbeam+1","Meteor Strike+1"],"picked":"All For One+1","floor":33},{"not_picked":["Ball Lightning+1","Go for the Eyes+1","Stack+1"],"picked":"SKIP","floor":35},{"not_picked":["FTL+1","Conserve Battery"],"picked":"Steam","floor":39},{"not_picked":["Gash+1","Redo+1","Self Repair"],"picked":"SKIP","floor":41},{"not_picked":["Stack","Leap","Redo","Doom and Gloom+1"],"picked":"SKIP","floor":44}],"player_experience":1554741,"relics_obtained":[{"floor":7,"key":"Molten Egg 2"},{"floor":9,"key":"Anchor"},{"floor":11,"key":"Matryoshka"},{"floor":13,"key":"Lantern"},{"floor":26,"key":"Oddly Smooth Stone"},{"floor":26,"key":"Cables"},{"floor":28,"key":"Shuriken"},{"floor":28,"key":"Bottled Tornado"},{"floor":30,"key":"Turnip"},{"floor":30,"key":"Pocketwatch"},{"floor":38,"key":"Torii"},{"floor":41,"key":"Symbiotic Virus"},{"floor":41,"key":"Darkstone Periapt"},{"floor":43,"key":"Orichalcum"},{"floor":43,"key":"Question Card"},{"floor":44,"key":"Bronze Scales"},{"floor":44,"key":"Art of War"}],"event_choices":[{"cards_removed":["Strike_B"],"damage_healed":0,"gold_gain":0,"player_choice":"Card Removal","damage_taken":0,"max_hp_gain":0,"max_hp_loss":0,"event_name":"The Cleric","floor":3,"gold_loss":75},{"damage_healed":0,"gold_gain":100,"player_choice":"Pray","damage_taken":0,"max_hp_gain":0,"max_hp_loss":0,"event_name":"Golden Shrine","floor":12,"gold_loss":0},{"damage_healed":0,"gold_gain":0,"player_choice":"Got Potions","damage_taken":0,"max_hp_gain":0,"max_hp_loss":0,"event_name":"The Lab","floor":20,"gold_loss":0},{"damage_healed":0,"gold_gain":0,"player_choice":"Obtained Relic","damage_taken":0,"relics_obtained":["Letter Opener"],"max_hp_gain":0,"max_hp_loss":0,"event_name":"Addict","floor":21,"gold_loss":85},{"cards_removed":["Strike_B"],"damage_healed":0,"gold_gain":0,"player_choice":"Purged","damage_taken":0,"max_hp_gain":0,"max_hp_loss":0,"event_name":"Purifier","floor":29,"gold_loss":0},{"damage_healed":0,"gold_gain":0,"player_choice":"Ignored","damage_taken":0,"max_hp_gain":0,"max_hp_loss":0,"event_name":"Tomb of Lord Red Mask","floor":36,"gold_loss":0},{"damage_healed":0,"gold_gain":0,"player_choice":"Fight","damage_taken":0,"max_hp_gain":0,"max_hp_loss":0,"event_name":"MindBloom","floor":38,"gold_loss":0},{"damage_healed":14,"gold_gain":0,"player_choice":"Writhe","damage_taken":0,"max_hp_gain":0,"max_hp_loss":0,"event_name":"Winding Halls","floor":46,"gold_loss":0,"cards_obtained":["Writhe"]},{"damage_healed":0,"gold_gain":0,"player_choice":"Memory 1","damage_taken":0,"max_hp_gain":0,"max_hp_loss":0,"event_name":"SensoryStone","floor":47,"gold_loss":0}],"is_beta":true,"boss_relics":[{"not_picked":["White Beast Statue","Orrery"],"picked":"Black Star"},{"not_picked":["Empty Cage","Tiny House"],"picked":"Philosopher\u0027s Stone"}],"items_purged_floors":[27,37],"is_endless":false,"potions_floor_spawned":[1,4,5,8,16,24,28,30,31,35,44],"ascension_level":20}