{"gold_per_floor":[214,225,62,74,74,74,74,104,104,124,142,142,242,269,269,269],"floor_reached":16,"playtime":458,"items_purged":["Strike_B"],"score":220,"play_id":"300cd9bc-c34f-4c67-ae11-df929b7f5918","local_time":"20181103162025","is_ascension_mode":true,"campfire_choices":[{"data":"Beam Cell","floor":6,"key":"SMITH"},{"data":"Zap","floor":12,"key":"SMITH"},{"floor":15,"key":"REST"}],"neow_cost":"NONE","seed_source_timestamp":265727183630271,"circlet_count":0,"master_deck":["AscendersBane","Strike_B","Strike_B","Strike_B","Defend_B","Defend_B","Defend_B","Defend_B","Zap+1","Dualcast","Compile Driver","Hologram","Go for the Eyes+1","Beam Cell+1","Gash","Consume","Sweeping Beam","Sweeping Beam","Genetic Algorithm"],"relics":["Cracked Core","Matryoshka","Gremlin Horn","Sundial","Letter Opener"],"potions_floor_usage":[],"damage_taken":[{"damage":6,"enemies":"2 Louse","floor":1,"turns":3},{"damage":3,"enemies":"Small Slimes","floor":2,"turns":3},{"damage":0,"enemies":"Cultist","floor":4,"turns":2},{"damage":27,"enemies":"Gremlin Nob","floor":8,"turns":4},{"damage":4,"enemies":"Blue Slaver","floor":10,"turns":3},{"damage":1,"enemies":"Looter","floor":11,"turns":3},{"damage":27,"enemies":"Lagavulin","floor":14,"turns":5},{"damage":26,"enemies":"The Guardian","floor":16,"turns":5}],"seed_played":"3920619590205230692","potions_obtained":[{"floor":8,"key":"SteroidPotion"},{"floor":10,"key":"Poison Potion"},{"floor":11,"key":"FocusPotion"}],"is_trial":false,"path_per_floor":["M","M","$","M","?","R","?","E","T","M","M","R","?","E","R","B"],"character_chosen":"DEFECT","items_purchased":["Go for the Eyes","Beam Cell"],"campfire_rested":1,"item_purchase_floors":[3,3],"current_hp_per_floor":[58,55,55,55,60,60,60,33,33,29,28,28,28,1,23,0],"gold":269,"neow_bonus":"HUNDRED_GOLD","is_prod":false,"is_daily":false,"chose_seed":false,"campfire_upgraded":2,"win_rate":0,"timestamp":1541262025,"path_taken":["M","M","$","M","?","R","?","E","T","M","M","R","?","E","R","BOSS"],"build_version":"2018-11-02","purchased_purges":1,"victory":false,"max_hp_per_floor":[71,71,71,71,76,76,76,76,76,76,76,76,76,76,76,76],"card_choices":[{"not_picked":["Rebound","Stack"],"picked":"Compile Driver","floor":1},{"not_picked":["Aggregate","Fusion"],"picked":"Hologram","floor":2},{"not_picked":["Steam","Conserve Battery"],"picked":"Gash","floor":4},{"not_picked":["Reprogram","Auto Shields"],"picked":"Consume","floor":8},{"not_picked":["Barrage","White Noise"],"picked":"Sweeping Beam","floor":10},{"not_picked":["Stack","Redo"],"picked":"Sweeping Beam","floor":11},{"not_picked":["Storm","Gash"],"picked":"Genetic Algorithm","floor":14}],"player_experience":1614534,"relics_obtained":[{"floor":8,"key":"Matryoshka"},{"floor":9,"key":"Gremlin Horn"},{"floor":9,"key":"Sundial"},{"floor":14,"key":"Letter Opener"}],"event_choices":[{"damage_healed":0,"gold_gain":0,"player_choice":"Donut","damage_taken":0,"max_hp_gain":5,"max_hp_loss":0,"event_name":"Big Fish","floor":5,"gold_loss":0},{"damage_healed":0,"gold_gain":0,"player_choice":"Grow","damage_taken":0,"max_hp_gain":0,"max_hp_loss":0,"event_name":"Living Wall","floor":7,"gold_loss":0,"cards_upgraded":["Go for the Eyes"]},{"damage_healed":0,"gold_gain":100,"player_choice":"Gold","damage_taken":0,"max_hp_gain":0,"max_hp_loss":0,"event_name":"Wheel of Change","floor":13,"gold_loss":0}],"is_beta":true,"boss_relics":[],"items_purged_floors":[3],"is_endless":false,"potions_floor_spawned":[8,10,11,14],"killed_by":"The Guardian","ascension_level":20}