{"gold_per_floor":[146,146,158,172,190,225,225,257,257,50,50,68,68,87,87,158,158,176,194,194,208,166,166,194,265,265,265,281,79,106,86,86,157,157,173,184,199,149,159,186,218,246,246,276,276,308,308,319,319,319,319,319,319,14,43,43],"floor_reached":56,"playtime":4511,"items_purged":["Strike_G","Phantasmal Killer+1"],"score":2415,"play_id":"57a1f9fe-a469-4686-99c7-ce57a1f781b9","local_time":"20190622194521","is_ascension_mode":true,"campfire_choices":[{"floor":7.0,"key":"REST"},{"floor":11.0,"key":"REST"},{"floor":15.0,"key":"REST"},{"data":"Footwork","floor":23.0,"key":"SMITH"},{"data":"Noxious Fumes","floor":27.0,"key":"SMITH"},{"data":"Blade Dance+1","floor":32.0,"key":"PURGE"},{"floor":45,"key":"RECALL"},{"floor":47,"key":"REST"},{"data":"Deadly Poison","floor":49,"key":"SMITH"},{"data":"Poisoned Stab","floor":53,"key":"PURGE"}],"neow_cost":"NONE","seed_source_timestamp":413795924618272,"circlet_count":0,"master_deck":["AscendersBane","Survivor+1","Neutralize+1","Noxious Fumes+1","Deadly Poison+1","Footwork+1","Noxious Fumes+1","Dodge and Roll+1","Well Laid Plans+1","Bullet Time+1","Corpse Explosion+1","PiercingWail+1","Noxious Fumes+1","Setup+1","Cloak And Dagger+1","Escape Plan+1","Backflip+1","Backflip+1","Caltrops+1","Ghostly+1","Ghostly+1","Ghostly+1","Caltrops+1","Footwork+1","PiercingWail+1","Wraith Form v2+1","Blur+1","Catalyst+1","Catalyst+1","Dodge and Roll+1","PiercingWail+1","PiercingWail+1","Backflip+1","Footwork+1","Footwork+1"],"special_seed":0,"relics":["Ring of the Snake","Tiny Chest","Frozen Egg 2","Art of War","Toxic Egg 2","Singing Bowl","Pandora\u0027s Box","Peace Pipe","Mummified Hand","Molten Egg 2","Sozu","WingedGreaves","Kunai","Bag of Marbles","Ornamental Fan","Turnip","Pen Nib","Bronze Scales","Bag of Preparation"],"potions_floor_usage":[56,56],"damage_taken":[{"damage":17.0,"enemies":"Jaw Worm","floor":1.0,"turns":11.0},{"damage":6.0,"enemies":"Cultist","floor":3.0,"turns":5.0},{"damage":1.0,"enemies":"2 Louse","floor":4.0,"turns":3.0},{"damage":1.0,"enemies":"Exordium Wildlife","floor":5.0,"turns":5.0},{"damage":26.0,"enemies":"3 Sentries","floor":6.0,"turns":9.0},{"damage":13.0,"enemies":"Lagavulin","floor":8.0,"turns":9.0},{"damage":5.0,"enemies":"3 Louse","floor":12.0,"turns":4.0},{"damage":21.0,"enemies":"Lots of Slimes","floor":14.0,"turns":4.0},{"damage":23.0,"enemies":"Slime Boss","floor":16.0,"turns":10.0},{"damage":18.0,"enemies":"Shell Parasite","floor":18.0,"turns":5.0},{"damage":0.0,"enemies":"Spheric Guardian","floor":19.0,"turns":4.0},{"damage":0.0,"enemies":"Centurion and Healer","floor":21.0,"turns":6.0},{"damage":0.0,"enemies":"Slavers","floor":24.0,"turns":4.0},{"damage":3.0,"enemies":"Snake Plant","floor":28.0,"turns":4.0},{"damage":11.0,"enemies":"Gremlin Leader","floor":30.0,"turns":6.0},{"damage":3.0,"enemies":"Collector","floor":33.0,"turns":9.0},{"damage":1.0,"enemies":"Orb Walker","floor":35.0,"turns":5.0},{"damage":4.0,"enemies":"3 Shapes","floor":36.0,"turns":3.0},{"damage":2.0,"enemies":"Writhing Mass","floor":37.0,"turns":4.0},{"damage":0.0,"enemies":"4 Shapes","floor":39.0,"turns":5.0},{"damage":0.0,"enemies":"Giant Head","floor":40.0,"turns":6.0},{"damage":2,"enemies":"Reptomancer","floor":41,"turns":5},{"damage":9,"enemies":"Nemesis","floor":42,"turns":5},{"damage":3,"enemies":"Reptomancer","floor":44,"turns":5},{"damage":0,"enemies":"Giant Head","floor":46,"turns":7},{"damage":2,"enemies":"Spire Growth","floor":48,"turns":4},{"damage":0,"enemies":"Time Eater","floor":50,"turns":10},{"damage":12,"enemies":"Awakened One","floor":51,"turns":13},{"damage":1,"enemies":"Shield and Spear","floor":55,"turns":5},{"damage":41,"enemies":"The Heart","floor":56,"turns":3}],"seed_played":"-614014644624121046","potions_obtained":[{"floor":1.0,"key":"Block Potion"},{"floor":2.0,"key":"Energy Potion"},{"floor":4.0,"key":"GhostInAJar"},{"floor":14.0,"key":"Dexterity Potion"},{"floor":16.0,"key":"GhostInAJar"},{"floor":21.0,"key":"Weak Potion"}],"is_trial":false,"path_per_floor":["M","?","M","M","M","E","R","E","T","$","R","M","T","M","R","B",null,"M","M","?","M","$","R","E","T","T","R","M","$","E","?","R","B",null,"M","M","M","?","M","E","E","E","T","E","R","E","R","M","R","B","B",null,"R","$","E","B"],"character_chosen":"THE_SILENT","items_purchased":["Noxious Fumes+1","Dodge and Roll+1","Caltrops+1","Wraith Form v2+1","Blur+1","Footwork+1","Bronze Scales"],"campfire_rested":4,"item_purchase_floors":[10,10,22,29,29,54,54],"current_hp_per_floor":[42,42,36,35,34,8,27,14,14,14,33,28,28,7,26,3,50,32,32,32,34,34,34,34,34,34,34,31,31,22,22,22,21,35,34,32,32,32,32,32,30,23,23,22,22,22,36,34,34,34,22,41,41,41,40,0],"gold":43,"neow_bonus":"RANDOM_COMMON_RELIC","is_prod":false,"is_daily":false,"chose_seed":false,"campfire_upgraded":3,"win_rate":0,"timestamp":1561229121,"path_taken":["M","?","M","?","M","E","R","E","T","$","R","M","?","M","R","BOSS","M","M","?","M","$","R","E","?","T","R","M","?","E","?","R","BOSS","M","?","M","?","M","E","E","E","T","E","R","E","R","M","R","BOSS","BOSS","R","$","E","BOSS"],"build_version":"2019-06-21","purchased_purges":2,"victory":false,"max_hp_per_floor":[66,66,66,66,66,66,66,66,66,66,66,66,66,66,66,66,66,66,66,33,35,35,35,35,35,35,35,35,35,37,37,37,39,39,39,41,43,43,43,43,43,45,45,47,47,47,47,47,47,47,47,47,47,47,47,47],"card_choices":[{"not_picked":["Catalyst","Backflip"],"picked":"Noxious Fumes","floor":1.0},{"not_picked":["Distraction","Expertise"],"picked":"Poisoned Stab","floor":3.0},{"not_picked":["Outmaneuver","Accuracy"],"picked":"Deadly Poison","floor":4.0},{"not_picked":["Bane","Underhanded Strike"],"picked":"Footwork","floor":5.0},{"not_picked":["Poisoned Stab","Masterful Stab","A Thousand Cuts"],"picked":"SKIP","floor":6.0},{"not_picked":["Tactician","Blade Dance","Dagger Throw"],"picked":"SKIP","floor":8.0},{"not_picked":["Quick Slash","Endless Agony","Dash"],"picked":"SKIP","floor":12.0},{"not_picked":["Bane","Dodge and Roll+1"],"picked":"Well Laid Plans+1","floor":14.0},{"not_picked":["Storm of Steel+1","Venomology+1"],"picked":"Bullet Time+1","floor":16.0},{"not_picked":["Outmaneuver+1","Blur+1"],"picked":"Backflip+1","floor":18.0},{"not_picked":["Setup+1","Heel Hook"],"picked":"Caltrops+1","floor":19.0},{"not_picked":["Infinite Blades+1","Slice","Dash"],"picked":"Singing Bowl","floor":21.0},{"not_picked":["Flying Knee","Slice"],"picked":"Footwork+1","floor":24.0},{"not_picked":["Backflip+1","Sucker Punch"],"picked":"PiercingWail+1","floor":28.0},{"not_picked":["Cloak And Dagger+1","Caltrops+1","Distraction+1"],"picked":"Singing Bowl","floor":30.0},{"not_picked":["Corpse Explosion+1","Burst+1","Glass Knife+1"],"picked":"Singing Bowl","floor":33.0},{"not_picked":["Acrobatics+1","Distraction+1"],"picked":"Catalyst+1","floor":35.0},{"not_picked":["All Out Attack+1","Setup+1","Slice+1"],"picked":"Singing Bowl","floor":36.0},{"not_picked":["Bane+1","Dash+1","Cloak And Dagger+1"],"picked":"Singing Bowl","floor":37.0},{"not_picked":["PiercingWail+1","Bane+1"],"picked":"Catalyst+1","floor":39.0},{"not_picked":["Blade Dance+1","Dagger Spray+1"],"picked":"Dodge and Roll+1","floor":40.0},{"not_picked":["Leg Sweep+1","Deadly Poison+1"],"picked":"PiercingWail+1","floor":41},{"not_picked":["Dagger Spray+1","Acrobatics+1","Eviscerate+1"],"picked":"Singing Bowl","floor":42},{"not_picked":["Dodge and Roll+1","Slice+1","Predator+1"],"picked":"Singing Bowl","floor":44},{"not_picked":["Concentrate+1","Underhanded Strike+1"],"picked":"PiercingWail+1","floor":46},{"not_picked":["Heel Hook+1","Concentrate+1"],"picked":"Backflip+1","floor":48},{"not_picked":["Caltrops+1","Prepared+1"],"picked":"Footwork+1","floor":55}],"player_experience":2134553,"relics_obtained":[{"floor":6.0,"key":"Frozen Egg 2"},{"floor":8.0,"key":"Art of War"},{"floor":9.0,"key":"Toxic Egg 2"},{"floor":13.0,"key":"Singing Bowl"},{"floor":24.0,"key":"Peace Pipe"},{"floor":25.0,"key":"Mummified Hand"},{"floor":30.0,"key":"Molten Egg 2"},{"floor":40.0,"key":"WingedGreaves"},{"floor":41,"key":"Kunai"},{"floor":42,"key":"Bag of Marbles"},{"floor":43,"key":"Ornamental Fan"},{"floor":44,"key":"Turnip"},{"floor":46,"key":"Pen Nib"},{"floor":55,"key":"Bag of Preparation"}],"event_choices":[{"damage_healed":0.0,"max_hp_gain":0.0,"max_hp_loss":0.0,"gold_gain":0.0,"event_name":"Lab","player_choice":"Got Potions","floor":2.0,"gold_loss":0.0,"damage_taken":0.0},{"damage_healed":0.0,"max_hp_gain":0.0,"max_hp_loss":33.0,"gold_gain":0.0,"event_name":"Ghosts","player_choice":"Became a Ghost","floor":20.0,"gold_loss":0.0,"damage_taken":0.0,"cards_obtained":["Ghostly","Ghostly","Ghostly"]},{"damage_healed":0.0,"max_hp_gain":0.0,"max_hp_loss":0.0,"gold_gain":0.0,"event_name":"The Woman in Blue","player_choice":"Bought 1 Potion","floor":31.0,"gold_loss":0.0,"damage_taken":0.0},{"damage_healed":0.0,"max_hp_gain":0.0,"max_hp_loss":0.0,"gold_gain":0.0,"event_name":"Designer","player_choice":"Upgraded Two","floor":38.0,"gold_loss":50.0,"damage_taken":0.0,"cards_upgraded":["Survivor","Neutralize"]}],"is_beta":true,"boss_relics":[{"not_picked":["Runic Dome","Busted Crown"],"picked":"Pandora\u0027s Box"},{"not_picked":["Tiny House","Calling Bell"],"picked":"Sozu"}],"items_purged_floors":[10,54],"is_endless":false,"potions_floor_spawned":[1,4,14,16,18,21,28,30,37,40,41,42,48],"killed_by":"The Heart","ascension_level":20}