{"gold_per_floor":[110,35,110,123,137,155,155,185,208,72,72,72],"floor_reached":12,"playtime":377,"items_purged":["Strike_G"],"score":156,"play_id":"d1175ba3-59e5-4c11-8922-0234ba6e54d2","local_time":"20190621222529","is_ascension_mode":true,"campfire_choices":[{"data":"Deadly Poison","floor":7,"key":"SMITH"},{"data":"Poisoned Stab","floor":11,"key":"SMITH"}],"neow_cost":"NONE","seed_source_timestamp":361792819935650,"circlet_count":0,"master_deck":["AscendersBane","Strike_G","Strike_G","Strike_G","Defend_G","Defend_G","Defend_G","Defend_G","Defend_G","Survivor","Neutralize","Flying Knee","Deadly Poison+1","Poisoned Stab+1"],"relics":["Ring of the Snake","Ancient Tea Set","Smiling Mask"],"potions_floor_usage":[8,8,8,12],"damage_taken":[{"damage":3,"enemies":"Jaw Worm","floor":1,"turns":4},{"damage":4,"enemies":"Small Slimes","floor":4,"turns":3},{"damage":3,"enemies":"2 Louse","floor":5,"turns":4},{"damage":22,"enemies":"Large Slime","floor":6,"turns":6},{"damage":15,"enemies":"Lagavulin","floor":8,"turns":5},{"damage":12,"enemies":"3 Sentries","floor":12,"turns":6}],"seed_played":"4761992517340851358","potions_obtained":[{"floor":4,"key":"LiquidBronze"},{"floor":5,"key":"AttackPotion"},{"floor":6,"key":"EntropicBrew"}],"is_trial":false,"path_per_floor":["M","?","?","M","M","M","R","E","T","$","R","E"],"character_chosen":"THE_SILENT","items_purchased":["GhostInAJar"],"campfire_rested":0,"item_purchase_floors":[10],"current_hp_per_floor":[62,62,51,47,44,22,22,7,7,7,7,0],"gold":72,"neow_bonus":"TEN_PERCENT_HP_BONUS","is_prod":false,"is_daily":false,"chose_seed":false,"campfire_upgraded":2,"win_rate":0,"timestamp":1561152329,"path_taken":["M","?","?","M","M","M","R","E","T","$","R","E"],"build_version":"2019-06-21","purchased_purges":1,"victory":false,"max_hp_per_floor":[72,72,72,72,72,72,72,72,72,72,72,72],"card_choices":[{"not_picked":["Cloak And Dagger","Dodge and Roll"],"picked":"Flying Knee","floor":1},{"not_picked":["Prepared","Blade Dance","Calculated Gamble"],"picked":"SKIP","floor":4},{"not_picked":["Dagger Spray","Outmaneuver"],"picked":"Deadly Poison","floor":5},{"not_picked":["Quick Slash","Skewer"],"picked":"Poisoned Stab","floor":6},{"not_picked":["Slice","Flechettes","Underhanded Strike"],"picked":"SKIP","floor":8}],"player_experience":2132843,"relics_obtained":[{"floor":8,"key":"Ancient Tea Set"},{"floor":9,"key":"Smiling Mask"}],"event_choices":[{"cards_removed":["Strike_G"],"damage_healed":0,"gold_gain":0,"player_choice":"Card Removal","damage_taken":0,"max_hp_gain":0,"max_hp_loss":0,"event_name":"The Cleric","floor":2,"gold_loss":75},{"damage_healed":0,"gold_gain":75,"player_choice":"Gather Gold","damage_taken":11,"max_hp_gain":0,"max_hp_loss":0,"event_name":"World of Goop","floor":3,"gold_loss":0}],"is_beta":true,"boss_relics":[],"items_purged_floors":[10],"is_endless":false,"potions_floor_spawned":[4,5,6],"killed_by":"3 Sentries","ascension_level":20}