{"gold_per_floor":[216,291,24,37,48,48,77,90,137,137,137,170,3,3,3,107,107,119,138,158,158],"floor_reached":21,"playtime":1452,"items_purged":[],"score":382,"play_id":"dab6e417-1019-43c6-8664-c57b77b55886","local_time":"20190818084751","is_ascension_mode":true,"campfire_choices":[{"data":"Gash","floor":6,"key":"SMITH"},{"data":"Zap","floor":15,"key":"SMITH"}],"neow_cost":"NONE","seed_source_timestamp":399882401678328,"circlet_count":0,"master_deck":["AscendersBane","Strike_B","Strike_B","Strike_B","Defend_B","Defend_B","Defend_B","Defend_B","Zap+1","Dualcast","Conserve Battery","Glacier","Heatsinks","Coolheaded","Gash+1","All For One","Rebound","Hyperbeam","Gash","Loop","Rainbow","FTL","Stack+1","Gash"],"relics":["Cracked Core","Happy Flower","Darkstone Periapt","Blood Vial","Juzu Bracelet","Boot","Philosopher\u0027s Stone"],"potions_floor_usage":[7,12,12,16],"damage_taken":[{"damage":1,"enemies":"Cultist","floor":1,"turns":3},{"damage":0,"enemies":"2 Louse","floor":4,"turns":2},{"damage":0,"enemies":"Small Slimes","floor":5,"turns":3},{"damage":37,"enemies":"Gremlin Nob","floor":7,"turns":6},{"damage":0,"enemies":"Blue Slaver","floor":8,"turns":4},{"damage":11,"enemies":"3 Sentries","floor":12,"turns":12},{"damage":0,"enemies":"Slime Boss","floor":16,"turns":6},{"damage":15,"enemies":"Chosen","floor":18,"turns":6},{"damage":17,"enemies":"Spheric Guardian","floor":19,"turns":4},{"damage":21,"enemies":"Snecko","floor":20,"turns":7},{"damage":26,"enemies":"Snake Plant","floor":21,"turns":3}],"seed_played":"-5118565088614524746","potions_obtained":[{"floor":4,"key":"SteroidPotion"},{"floor":7,"key":"SpeedPotion"},{"floor":8,"key":"Regen Potion"}],"is_trial":false,"path_per_floor":["M","?","$","M","M","R","E","M","T","?","?","E","$","?","R","B",null,"M","M","M","M"],"character_chosen":"DEFECT","items_purchased":["Glacier","Heatsinks","Happy Flower","Gash","Loop","Fire Potion"],"campfire_rested":0,"item_purchase_floors":[3,3,3,13,13,13],"current_hp_per_floor":[67,56,56,56,56,56,19,19,19,44,41,47,47,47,47,49,69,56,41,22,0],"gold":158,"neow_bonus":"HUNDRED_GOLD","is_prod":false,"is_daily":false,"chose_seed":false,"campfire_upgraded":2,"win_rate":0,"timestamp":1566143271,"path_taken":["M","?","$","M","M","R","E","M","T","?","?","E","?","?","R","BOSS","M","M","M","M"],"build_version":"2019-07-17","purchased_purges":0,"victory":false,"max_hp_per_floor":[75,75,75,75,75,75,75,75,75,75,75,75,75,75,75,75,75,75,75,75,75],"card_choices":[{"not_picked":["Steam","Streamline"],"picked":"Conserve Battery","floor":1},{"not_picked":["Redo","Sweeping Beam"],"picked":"Coolheaded","floor":4},{"not_picked":["Steam","Coolheaded"],"picked":"Gash","floor":5},{"not_picked":["Blizzard","Leap"],"picked":"All For One","floor":7},{"not_picked":["Auto Shields","Turbo"],"picked":"Rebound","floor":8},{"not_picked":["Lockon","Leap"],"picked":"Hyperbeam","floor":12},{"not_picked":["Amplify","Reboot"],"picked":"Rainbow","floor":16},{"not_picked":["Leap","Redo"],"picked":"FTL","floor":18},{"not_picked":["Leap","Heatsinks"],"picked":"Stack+1","floor":19},{"not_picked":["Beam Cell","Rebound"],"picked":"Gash","floor":20}],"player_experience":631418,"relics_obtained":[{"floor":7,"key":"Darkstone Periapt"},{"floor":9,"key":"Blood Vial"},{"floor":12,"key":"Boot"}],"event_choices":[{"damage_healed":0,"gold_gain":75,"player_choice":"Gather Gold","damage_taken":11,"max_hp_gain":0,"max_hp_loss":0,"event_name":"World of Goop","floor":2,"gold_loss":0},{"damage_healed":25,"gold_gain":0,"player_choice":"Banana","damage_taken":0,"max_hp_gain":0,"max_hp_loss":0,"event_name":"Big Fish","floor":10,"gold_loss":0},{"damage_healed":0,"gold_gain":0,"player_choice":"Success","damage_taken":3,"relics_obtained":["Juzu Bracelet"],"max_hp_gain":0,"max_hp_loss":0,"event_name":"Scrap Ooze","floor":11,"gold_loss":0},{"cards_removed":["Strike_B"],"damage_healed":0,"gold_gain":0,"player_choice":"Purged","damage_taken":0,"max_hp_gain":0,"max_hp_loss":0,"event_name":"Purifier","floor":14,"gold_loss":0}],"is_beta":false,"boss_relics":[{"not_picked":["Busted Crown","Lizard Tail"],"picked":"Philosopher\u0027s Stone"}],"items_purged_floors":[],"is_endless":false,"potions_floor_spawned":[4,7,8],"killed_by":"Snake Plant","ascension_level":12}