{"gold_per_floor":[118,46,46,46,65,97,114,114,114,148,113,129,129,12,12,12],"floor_reached":16,"playtime":523,"items_purged":["Strike_R"],"score":173,"play_id":"1b6f2a19-f1fe-464c-a29a-cebe1c1380b0","local_time":"20190822151510","is_ascension_mode":true,"campfire_choices":[{"floor":8,"key":"REST"},{"data":"Bash","floor":15,"key":"SMITH"}],"neow_cost":"PERCENT_DAMAGE","seed_source_timestamp":38140408685400,"circlet_count":0,"master_deck":["AscendersBane","Strike_R","Strike_R","Defend_R","Defend_R","Defend_R","Bash+1","Flex","Shrug It Off","Pommel Strike","Metallicize","Feed","Pommel Strike","Sever Soul","Flame Barrier"],"relics":["Burning Blood","Mummified Hand","Turnip","Bag of Preparation","Oddly Smooth Stone","Smiling Mask"],"potions_floor_usage":[6],"damage_taken":[{"damage":3,"enemies":"Jaw Worm","floor":1,"turns":5},{"damage":8,"enemies":"2 Louse","floor":5,"turns":3},{"damage":26,"enemies":"Lagavulin","floor":6,"turns":6},{"damage":9,"enemies":"Small Slimes","floor":7,"turns":5},{"damage":16,"enemies":"Gremlin Nob","floor":10,"turns":3},{"damage":2,"enemies":"Red Slaver","floor":12,"turns":4},{"damage":59,"enemies":"Hexaghost","floor":16,"turns":14}],"seed_played":"6288609674626509515","potions_obtained":[{"floor":1,"key":"Fire Potion"}],"is_trial":false,"path_per_floor":["M","$","?","?","M","E","M","R","T","E","?","M","T","$","R","B"],"character_chosen":"IRONCLAD","items_purchased":["Metallicize","Flame Barrier"],"campfire_rested":1,"item_purchase_floors":[2,14],"current_hp_per_floor":[54,54,47,35,33,13,13,37,37,27,47,54,54,54,54,0],"gold":12,"neow_bonus":"TRANSFORM_TWO_CARDS","is_prod":false,"is_daily":false,"chose_seed":false,"campfire_upgraded":1,"win_rate":0,"timestamp":1566454510,"path_taken":["M","$","?","?","M","E","M","R","T","E","?","M","?","$","R","BOSS"],"build_version":"2019-07-17","purchased_purges":1,"victory":false,"max_hp_per_floor":[80,80,80,80,80,80,83,83,83,83,83,86,86,86,86,86],"card_choices":[{"not_picked":["Spot Weakness","Dual Wield"],"picked":"Pommel Strike","floor":1},{"not_picked":["Hemokinesis","Wild Strike","Body Slam"],"picked":"SKIP","floor":5},{"not_picked":["Offering","Anger"],"picked":"Feed","floor":6},{"not_picked":["Thunderclap","Shrug It Off"],"picked":"Pommel Strike","floor":7},{"not_picked":["Perfected Strike","Body Slam","Intimidate"],"picked":"SKIP","floor":10},{"not_picked":["Warcry","Wild Strike"],"picked":"Sever Soul","floor":12}],"player_experience":170941,"relics_obtained":[{"floor":6,"key":"Turnip"},{"floor":9,"key":"Bag of Preparation"},{"floor":10,"key":"Oddly Smooth Stone"},{"floor":13,"key":"Smiling Mask"}],"event_choices":[{"cards_removed":["Defend_R"],"damage_healed":0,"gold_gain":0,"player_choice":"Card Removal","damage_taken":7,"max_hp_gain":0,"max_hp_loss":0,"event_name":"Golden Wing","floor":3,"gold_loss":0},{"damage_healed":0,"gold_gain":0,"player_choice":"Success","damage_taken":12,"relics_obtained":["Mummified Hand"],"max_hp_gain":0,"max_hp_loss":0,"event_name":"Scrap Ooze","floor":4,"gold_loss":0},{"damage_healed":20,"gold_gain":0,"player_choice":"Healed","damage_taken":0,"max_hp_gain":0,"max_hp_loss":0,"event_name":"The Cleric","floor":11,"gold_loss":35}],"is_beta":false,"boss_relics":[],"items_purged_floors":[14],"is_endless":false,"potions_floor_spawned":[1],"killed_by":"Hexaghost","ascension_level":12}