{"gold_per_floor":[109,55,55,66,76,76,101,115,115,115,129,149,149,174,174,249,249,267,18,378,7,7,41,41,67,67,77,95,130,130,110,110,189,189,202,27,38,53,53,53,86,5,30,59,79,105,120,120,120,120,120,120,120,14,43,43],"floor_reached":56,"playtime":2137,"items_purged":["Strike_B","Strike_B"],"score":2202,"play_id":"6ccfe8fb-7209-4f66-a4c8-4c529b82377a","local_time":"20190308233820","is_ascension_mode":true,"campfire_choices":[{"data":"Go for the Eyes","floor":6.0,"key":"SMITH"},{"floor":10.0,"key":"REST"},{"floor":13.0,"key":"REST"},{"data":"Capacitor","floor":15.0,"key":"SMITH"},{"floor":24,"key":"REST"},{"floor":30,"key":"REST"},{"data":"Defragment","floor":32,"key":"SMITH"},{"data":"Zap","floor":40,"key":"SMITH"},{"floor":49,"key":"RECALL"},{"data":"Coolheaded","floor":53,"key":"SMITH"}],"neow_cost":"NONE","seed_source_timestamp":0,"circlet_count":0,"master_deck":["AscendersBane","Strike_B","Strike_B","Defend_B","Defend_B","Defend_B","Defend_B","Zap+1","Dualcast","Go for the Eyes+1","Coolheaded+1","Ball Lightning","FTL","Capacitor+1","Compile Driver","Electrodynamics","Rainbow","Ball Lightning","Defragment+1","White Noise","BootSequence+1","Fission+1","Defragment+1","Hologram+1","Dark Shackles+1","Static Discharge+1","Coolheaded+1","Cold Snap+1"],"special_seed":0,"relics":["Cracked Core","DataDisk","Ancient Tea Set","Emotion Chip","Pear","Odd Mushroom","Regal Pillow","Nuclear Battery","Lee\u0027s Waffle","Runic Capacitor","Boot","Singing Bowl","Toxic Egg 2","Frozen Egg 2","Busted Crown","Dodecahedron","Molten Egg 2","Symbiotic Virus","Bronze Scales"],"potions_floor_usage":[23,29,45,46,56],"damage_taken":[{"damage":0.0,"enemies":"Jaw Worm","floor":1.0,"turns":4.0},{"damage":1.0,"enemies":"2 Louse","floor":4.0,"turns":2.0},{"damage":0.0,"enemies":"Cultist","floor":5.0,"turns":3.0},{"damage":51.0,"enemies":"Gremlin Nob","floor":7.0,"turns":5.0},{"damage":0.0,"enemies":"2 Fungi Beasts","floor":8.0,"turns":3.0},{"damage":7.0,"enemies":"Large Slime","floor":11.0,"turns":2.0},{"damage":5.0,"enemies":"The Mushroom Lair","floor":12.0,"turns":5.0},{"damage":9.0,"enemies":"Lagavulin","floor":14.0,"turns":6.0},{"damage":0.0,"enemies":"Slime Boss","floor":16.0,"turns":6.0},{"damage":11,"enemies":"Chosen","floor":18,"turns":4},{"damage":32,"enemies":"Slavers","floor":23,"turns":4},{"damage":20,"enemies":"Gremlin Leader","floor":25,"turns":4},{"damage":18,"enemies":"2 Thieves","floor":27,"turns":2},{"damage":5,"enemies":"Shelled Parasite and Fungi","floor":28,"turns":2},{"damage":13,"enemies":"Book of Stabbing","floor":29,"turns":4},{"damage":28,"enemies":"Champ","floor":33,"turns":7},{"damage":9,"enemies":"3 Shapes","floor":35,"turns":4},{"damage":7,"enemies":"Orb Walker","floor":37,"turns":3},{"damage":7,"enemies":"4 Shapes","floor":38,"turns":3},{"damage":9,"enemies":"Giant Head","floor":41,"turns":6},{"damage":12,"enemies":"Reptomancer","floor":44,"turns":3},{"damage":12,"enemies":"Jaw Worm Horde","floor":45,"turns":3},{"damage":10,"enemies":"Nemesis","floor":46,"turns":5},{"damage":30,"enemies":"Maw","floor":47,"turns":4},{"damage":23,"enemies":"Time Eater","floor":50,"turns":9},{"damage":51,"enemies":"Donu and Deca","floor":51,"turns":6},{"damage":56,"enemies":"Shield and Spear","floor":55,"turns":5},{"damage":17,"enemies":"The Heart","floor":56,"turns":2}],"seed_played":"3496624145453742224","potions_obtained":[{"floor":5.0,"key":"EssenceOfSteel"},{"floor":7.0,"key":"Strength Potion"},{"floor":11.0,"key":"SkillPotion"},{"floor":14.0,"key":"AttackPotion"},{"floor":25,"key":"Swift Potion"},{"floor":28,"key":"Block Potion"},{"floor":31,"key":"SteroidPotion"},{"floor":41,"key":"Regen Potion"},{"floor":45,"key":"Ancient Potion"},{"floor":46,"key":"Fire Potion"}],"is_trial":false,"path_per_floor":["M","$","?","M","M","R","E","M","T","R","M","?","R","E","R","B",null,"M","$","?","$","?","E","R","E","T","M","M","E","R","?","R","B",null,"M","$","M","M","?","R","E","$","T","E","M","E","M","?","R","B","B",null,"R","$","E","B"],"character_chosen":"DEFECT","items_purchased":["Coolheaded","Lee\u0027s Waffle","Ball Lightning","Defragment","Runic Capacitor","Defragment+1","Static Discharge+1","Coolheaded+1","Cold Snap+1"],"campfire_rested":4,"item_purchase_floors":[2,19,19,21,21,36,42,54,54],"current_hp_per_floor":[64,64,53,52,52,52,1,1,11,35,28,23,47,38,38,38,70,59,88,48,48,48,16,57,39,39,23,20,7,50,50,50,22,76,69,69,62,57,57,57,50,50,50,40,30,34,6,89,89,66,15,71,71,71,17,0],"gold":43,"neow_bonus":"RANDOM_COMMON_RELIC","is_prod":false,"is_daily":false,"chose_seed":false,"campfire_upgraded":5,"win_rate":0,"timestamp":1552088300,"path_taken":["M","$","?","M","M","R","E","M","T","R","M","?","R","E","R","BOSS","M","$","?","?","?","E","R","E","T","M","M","E","R","?","R","BOSS","M","$","?","M","?","R","E","?","T","E","M","E","M","?","R","BOSS","BOSS","R","$","E","BOSS"],"build_version":"2019-02-06","purchased_purges":2,"victory":false,"max_hp_per_floor":[71,71,71,71,71,71,71,71,81,81,81,81,81,81,81,81,81,81,88,88,88,88,88,88,90,90,92,94,94,94,94,94,94,94,96,96,96,98,98,98,100,100,100,102,104,106,108,89,89,89,89,89,89,89,91,91],"card_choices":[{"not_picked":["Rebound","Turbo"],"picked":"Go for the Eyes","floor":1.0},{"not_picked":["Force Field","Stack","Barrage"],"picked":"SKIP","floor":4.0},{"not_picked":["Go for the Eyes","Thunder Strike","Turbo"],"picked":"SKIP","floor":5.0},{"not_picked":["Chill","Rebound"],"picked":"Ball Lightning","floor":7.0},{"not_picked":["Rebound","Turbo"],"picked":"FTL","floor":8.0},{"not_picked":["Stack","Undo"],"picked":"Capacitor","floor":11.0},{"not_picked":["Rebound","Turbo"],"picked":"Compile Driver","floor":12.0},{"not_picked":["Blizzard","Self Repair"],"picked":"Electrodynamics","floor":14.0},{"not_picked":["Seek","Buffer"],"picked":"Rainbow","floor":16.0},{"not_picked":["Go for the Eyes","Blizzard","Rebound"],"picked":"SKIP","floor":18},{"not_picked":["Steam Power","Chaos"],"picked":"White Noise","floor":23},{"not_picked":["Rainbow","Static Discharge","Streamline"],"picked":"Singing Bowl","floor":25},{"not_picked":["Reprogram+1","Hello World","Darkness+1"],"picked":"Singing Bowl","floor":27},{"not_picked":["Auto Shields+1","Leap+1","Sweeping Beam"],"picked":"Singing Bowl","floor":28},{"not_picked":["Compile Driver","Scrape+1"],"picked":"BootSequence+1","floor":29},{"not_picked":["Thunder Strike","Multi-Cast+1"],"picked":"Fission+1","floor":33},{"not_picked":["Beam Cell+1"],"picked":"Singing Bowl","floor":35},{"not_picked":[],"picked":"Hologram+1","floor":37},{"not_picked":["Steam+1"],"picked":"Singing Bowl","floor":38},{"not_picked":[],"picked":"Dark Shackles+1","floor":39},{"not_picked":["Barrage"],"picked":"Singing Bowl","floor":41},{"not_picked":["Tempest+1"],"picked":"Singing Bowl","floor":44},{"not_picked":["Double Energy+1"],"picked":"Singing Bowl","floor":45},{"not_picked":["Rebound+1"],"picked":"Singing Bowl","floor":46},{"not_picked":["Chaos+1"],"picked":"Singing Bowl","floor":47},{"not_picked":["Multi-Cast+1"],"picked":"Singing Bowl","floor":55}],"player_experience":1897067,"relics_obtained":[{"floor":7.0,"key":"Emotion Chip"},{"floor":9.0,"key":"Pear"},{"floor":12.0,"key":"Odd Mushroom"},{"floor":14.0,"key":"Regal Pillow"},{"floor":23,"key":"Boot"},{"floor":25,"key":"Singing Bowl"},{"floor":26,"key":"Toxic Egg 2"},{"floor":29,"key":"Frozen Egg 2"},{"floor":41,"key":"Dodecahedron"},{"floor":44,"key":"Molten Egg 2"},{"floor":46,"key":"Symbiotic Virus"},{"floor":55,"key":"Bronze Scales"}],"event_choices":[{"damage_healed":0.0,"max_hp_gain":0.0,"max_hp_loss":0.0,"gold_gain":0.0,"event_name":"Scrap Ooze","player_choice":"Success","floor":3.0,"gold_loss":0.0,"damage_taken":11.0,"relics_obtained":["Ancient Tea Set"]},{"damage_healed":0.0,"max_hp_gain":0.0,"max_hp_loss":0.0,"gold_gain":0.0,"event_name":"Mushrooms","player_choice":"Fought Mushrooms","floor":12.0,"gold_loss":0.0,"damage_taken":0.0},{"damage_healed":0,"gold_gain":360,"player_choice":"GOLD GOLD GOLD GOLD ","damage_taken":40,"max_hp_gain":0,"max_hp_loss":0,"event_name":"Knowing Skull","floor":20,"potions_obtained":[],"gold_loss":0,"cards_obtained":[]},{"damage_healed":0,"gold_gain":0,"player_choice":"Bought 1 Potion","damage_taken":0,"max_hp_gain":0,"max_hp_loss":0,"event_name":"The Woman in Blue","floor":31,"gold_loss":0},{"damage_healed":0,"gold_gain":0,"player_choice":"Memory 1","damage_taken":0,"max_hp_gain":0,"max_hp_loss":0,"event_name":"SensoryStone","floor":39,"gold_loss":0},{"damage_healed":89,"gold_gain":0,"player_choice":"Heal","damage_taken":0,"max_hp_gain":0,"max_hp_loss":19,"event_name":"The Moai Head","floor":48,"gold_loss":0}],"is_beta":true,"boss_relics":[{"not_picked":["White Beast Statue","Lizard Tail"],"picked":"Nuclear Battery"},{"not_picked":["Coffee Dripper","Runic Pyramid"],"picked":"Busted Crown"}],"items_purged_floors":[21,36],"is_endless":false,"potions_floor_spawned":[5,7,11,12,14,25,28,41,44,45,46],"killed_by":"The Heart","ascension_level":20}