{"gold_per_floor":[117,192,192,207,95,106,131,131,131,142,42,42,69,84,84,84],"floor_reached":16,"playtime":693,"items_purged":["Strike_G","Strike_G"],"score":220,"play_id":"c25b37f3-032f-4bf1-8695-0f0505d0e79f","local_time":"20190617141730","is_ascension_mode":true,"campfire_choices":[{"data":"Poisoned Stab","floor":8,"key":"SMITH"},{"data":"Neutralize","floor":12,"key":"SMITH"},{"data":"Crippling Poison","floor":15,"key":"SMITH"}],"neow_cost":"NONE","seed_source_timestamp":150274308204832,"circlet_count":0,"master_deck":["AscendersBane","Strike_G","Strike_G","Strike_G","Defend_G","Defend_G","Defend_G","Defend_G","Defend_G","Survivor","Neutralize+1","Poisoned Stab+1","Backstab","Cloak And Dagger","Quick Slash","Crippling Poison+1"],"relics":["Ring of the Snake","Nunchaku","Sundial","Paper Crane"],"potions_floor_usage":[7,13,13],"damage_taken":[{"damage":5,"enemies":"Cultist","floor":1,"turns":5},{"damage":2,"enemies":"Jaw Worm","floor":4,"turns":4},{"damage":0,"enemies":"Small Slimes","floor":6,"turns":2},{"damage":24,"enemies":"Lagavulin","floor":7,"turns":6},{"damage":2,"enemies":"Blue Slaver","floor":10,"turns":4},{"damage":14,"enemies":"3 Sentries","floor":13,"turns":7},{"damage":0,"enemies":"3 Louse","floor":14,"turns":3},{"damage":6,"enemies":"Hexaghost","floor":16,"turns":7}],"seed_played":"-8181603173439818645","potions_obtained":[{"floor":0,"key":"GhostInAJar"},{"floor":0,"key":"PowerPotion"},{"floor":7,"key":"SteroidPotion"}],"is_trial":false,"path_per_floor":["M","?","?","M","$","M","E","R","T","M","$","R","E","M","R","B"],"character_chosen":"THE_SILENT","items_purchased":["Backstab"],"campfire_rested":0,"item_purchase_floors":[5],"current_hp_per_floor":[54,43,48,46,46,46,22,22,22,20,20,20,6,6,6,0],"gold":84,"neow_bonus":"THREE_SMALL_POTIONS","is_prod":false,"is_daily":false,"chose_seed":false,"campfire_upgraded":3,"win_rate":0,"timestamp":1560777450,"path_taken":["M","?","?","M","?","M","E","R","T","M","$","R","E","M","R","BOSS"],"build_version":"2019-06-13","purchased_purges":2,"victory":false,"max_hp_per_floor":[66,66,71,71,71,71,71,71,71,71,71,71,71,71,71,71],"card_choices":[{"not_picked":["Acrobatics","Blur"],"picked":"Poisoned Stab","floor":1},{"not_picked":["Blur","Catalyst","Accuracy"],"picked":"SKIP","floor":4},{"not_picked":["Concentrate","Escape Plan","Slice"],"picked":"SKIP","floor":6},{"not_picked":["Bullet Time","Prepared"],"picked":"Cloak And Dagger","floor":7},{"not_picked":["Cloak And Dagger","Dagger Throw"],"picked":"Quick Slash","floor":10},{"not_picked":["Blade Dance","Catalyst","Sucker Punch"],"picked":"SKIP","floor":13},{"not_picked":["Blade Dance","Catalyst","Sucker Punch"],"picked":"SKIP","floor":13},{"not_picked":["Deadly Poison","Dagger Throw"],"picked":"Crippling Poison","floor":14}],"player_experience":2120245,"relics_obtained":[{"floor":7,"key":"Nunchaku"},{"floor":9,"key":"Sundial"},{"floor":13,"key":"Paper Crane"}],"event_choices":[{"damage_healed":0,"gold_gain":75,"player_choice":"Gather Gold","damage_taken":11,"max_hp_gain":0,"max_hp_loss":0,"event_name":"World of Goop","floor":2,"gold_loss":0},{"damage_healed":0,"gold_gain":0,"player_choice":"Donut","damage_taken":0,"max_hp_gain":5,"max_hp_loss":0,"event_name":"Big Fish","floor":3,"gold_loss":0}],"is_beta":true,"boss_relics":[],"items_purged_floors":[5,11],"is_endless":false,"potions_floor_spawned":[1,6,7,10],"killed_by":"Hexaghost","ascension_level":20}