{"gold_per_floor":[218,236,311,39,55,81,81,107,107,142,142,142,142,142,142,219,219,233,11,28,28,28,62,72,406,406,438,438,449,478,126,126,197,197,214,38,57,57,57,57,82,94,94,120,168,168,183,210,210,210,210,210,210,5,39,39],"floor_reached":57,"playtime":2883,"items_purged":["Strike_G","Strike_G","Strike_G","Strike_G"],"score":3464,"play_id":"8bac6739-ae11-48fe-88be-cb991a7efe17","local_time":"20190317145534","is_ascension_mode":true,"campfire_choices":[{"data":"Dash","floor":7.0,"key":"SMITH"},{"floor":11.0,"key":"REST"},{"data":"Catalyst","floor":13.0,"key":"SMITH"},{"floor":15.0,"key":"REST"},{"data":"Well Laid Plans","floor":28.0,"key":"SMITH"},{"data":"Crippling Poison","floor":32.0,"key":"SMITH"},{"data":"Deadly Poison","floor":40.0,"key":"SMITH"},{"floor":46.0,"key":"REST"},{"floor":49.0,"key":"RECALL"},{"data":"Deadly Poison","floor":53.0,"key":"SMITH"}],"neow_cost":"NONE","seed_source_timestamp":320322201017001,"circlet_count":0,"master_deck":["AscendersBane","Defend_G+1","Defend_G","Defend_G","Defend_G","Defend_G","Strike_G","Survivor+1","Neutralize","Crippling Poison+1","All Out Attack","Dash+1","Deadly Poison+1","Deadly Poison+1","Catalyst+1","Well Laid Plans+1","Die Die Die","Dodge and Roll+1","Catalyst+1","Night Terror+1","Malaise+1","Malaise+1","Leg Sweep+1","After Image+1","Dodge and Roll+1","PiercingWail+1","Prepared+1","PiercingWail+1","Adrenaline+1","Dodge and Roll+1","Backflip+1"],"special_seed":0,"relics":["Ring of the Snake","Potion Belt","Nunchaku","Toxic Egg 2","Lantern","Velvet Choker","TwistedFunnel","Oddly Smooth Stone","Old Coin","Question Card","Anchor","Snake Skull","Runic Pyramid","Molten Egg 2","Bottled Lightning","Dead Branch","FossilizedHelix","Boot"],"potions_floor_usage":[56,56],"damage_taken":[{"damage":2.0,"enemies":"Small Slimes","floor":1.0,"turns":5.0},{"damage":0.0,"enemies":"2 Louse","floor":2.0,"turns":3.0},{"damage":0.0,"enemies":"Cultist","floor":5.0,"turns":4.0},{"damage":9.0,"enemies":"3 Sentries","floor":6.0,"turns":6.0},{"damage":16.0,"enemies":"Gremlin Nob","floor":8.0,"turns":4.0},{"damage":25.0,"enemies":"3 Sentries","floor":10.0,"turns":9.0},{"damage":0.0,"enemies":"The Guardian","floor":16.0,"turns":7.0},{"damage":11.0,"enemies":"2 Thieves","floor":18.0,"turns":4.0},{"damage":0.0,"enemies":"3 Byrds","floor":20.0,"turns":2.0},{"damage":1.0,"enemies":"Gremlin Leader","floor":23.0,"turns":4.0},{"damage":0.0,"enemies":"Shelled Parasite and Fungi","floor":24.0,"turns":2.0},{"damage":0.0,"enemies":"Book of Stabbing","floor":25.0,"turns":4.0},{"damage":3.0,"enemies":"Gremlin Leader","floor":27.0,"turns":5.0},{"damage":1.0,"enemies":"3 Cultists","floor":29.0,"turns":3.0},{"damage":5.0,"enemies":"Book of Stabbing","floor":30.0,"turns":3.0},{"damage":12.0,"enemies":"Automaton","floor":33.0,"turns":6.0},{"damage":0.0,"enemies":"3 Shapes","floor":35.0,"turns":3.0},{"damage":0.0,"enemies":"Orb Walker","floor":37.0,"turns":3.0},{"damage":0.0,"enemies":"Giant Head","floor":41.0,"turns":6.0},{"damage":0.0,"enemies":"Transient","floor":42.0,"turns":6.0},{"damage":0.0,"enemies":"Reptomancer","floor":44.0,"turns":5.0},{"damage":18.0,"enemies":"2 Orb Walkers","floor":45.0,"turns":5.0},{"damage":0.0,"enemies":"Sphere and 2 Shapes","floor":47.0,"turns":6.0},{"damage":0.0,"enemies":"Giant Head","floor":48.0,"turns":3.0},{"damage":0.0,"enemies":"Donu and Deca","floor":50.0,"turns":21.0},{"damage":0.0,"enemies":"Time Eater","floor":51.0,"turns":2.0},{"damage":14,"enemies":"Shield and Spear","floor":55,"turns":8},{"damage":0,"enemies":"The Heart","floor":56,"turns":9}],"seed_played":"5167889422541369807","potions_obtained":[{"floor":2.0,"key":"FearPotion"},{"floor":5.0,"key":"AttackPotion"},{"floor":8.0,"key":"FairyPotion"},{"floor":16.0,"key":"Swift Potion"},{"floor":18.0,"key":"Explosive Potion"},{"floor":20.0,"key":"Block Potion"},{"floor":22.0,"key":"SkillPotion"},{"floor":25.0,"key":"FearPotion"},{"floor":27.0,"key":"LiquidBronze"},{"floor":33.0,"key":"Fire Potion"},{"floor":35.0,"key":"LiquidBronze"},{"floor":42.0,"key":"GhostInAJar"},{"floor":44.0,"key":"PowerPotion"},{"floor":47.0,"key":"SpeedPotion"}],"is_trial":false,"path_per_floor":["M","M","?","$","M","E","R","E","T","E","R","?","R","?","R","B",null,"M","$","M","?","?","E","M","E","T","E","R","M","E","$","R","B",null,"M","$","M","?","?","R","E","M","T","E","?","R","M","E","R","B","B",null,"R","$","E","B",null],"character_chosen":"THE_SILENT","items_purchased":["Dash","Deadly Poison","PowerPotion","TwistedFunnel","Snake Skull","Leg Sweep+1","PiercingWail+1","Dodge and Roll+1"],"campfire_rested":3,"item_purchase_floors":[4,4,4,19,31,31,36,54],"current_hp_per_floor":[57,57,46,46,46,37,37,21,21,6,25,30,30,9,30,30,61,50,50,50,50,50,49,49,49,49,46,46,45,40,40,40,28,60,60,60,60,60,60,60,60,60,60,60,42,63,63,63,63,63,63,69,69,69,55,55],"gold":39,"neow_bonus":"HUNDRED_GOLD","is_prod":false,"is_daily":false,"chose_seed":false,"campfire_upgraded":6,"win_rate":0,"timestamp":1552834534,"path_taken":["M","M","?","$","M","E","R","E","T","E","R","?","R","?","R","BOSS","M","$","M","?","?","E","?","E","T","E","R","M","E","$","R","BOSS","M","$","M","?","?","R","E","?","T","E","?","R","M","E","R","BOSS","BOSS","R","$","E","BOSS"],"build_version":"2019-03-15","purchased_purges":4,"victory":true,"max_hp_per_floor":[66,66,66,66,66,66,66,66,66,66,66,71,71,71,71,71,71,71,71,71,71,71,71,71,71,71,71,71,71,71,71,71,71,71,71,71,71,71,71,71,71,71,71,71,71,71,71,71,71,71,71,71,71,71,71,71],"card_choices":[{"not_picked":["Backflip","Calculated Gamble"],"picked":"Crippling Poison","floor":1.0},{"not_picked":["Deflect","Dodge and Roll"],"picked":"All Out Attack","floor":2.0},{"not_picked":["Blur","Expertise"],"picked":"Deadly Poison","floor":5.0},{"not_picked":["Flechettes","Blade Dance"],"picked":"Catalyst","floor":6.0},{"not_picked":["Dagger Spray","Backflip","Skewer"],"picked":"SKIP","floor":8.0},{"not_picked":["Eviscerate","Distraction+1"],"picked":"Well Laid Plans","floor":10.0},{"not_picked":["Storm of Steel+1","Phantasmal Killer+1"],"picked":"Die Die Die","floor":16.0},{"not_picked":["Deadly Poison+1","Sucker Punch"],"picked":"Dodge and Roll+1","floor":18.0},{"not_picked":["Outmaneuver+1","Slice"],"picked":"Catalyst+1","floor":20.0},{"not_picked":["Heel Hook","Masterful Stab","Skewer"],"picked":"SKIP","floor":23.0},{"not_picked":["Bouncing Flask+1","Sucker Punch"],"picked":"Night Terror+1","floor":24.0},{"not_picked":["Predator","Skewer","Backstab"],"picked":"SKIP","floor":25.0},{"not_picked":["Slice","Deflect+1"],"picked":"Malaise+1","floor":27.0},{"not_picked":["Reflex+1","Bane+1","Quick Slash","Flying Knee"],"picked":"SKIP","floor":29.0},{"not_picked":["Calculated Gamble+1","Bane","All Out Attack"],"picked":"Malaise+1","floor":30.0},{"not_picked":["Unload","Bullet Time+1","Die Die Die"],"picked":"After Image","floor":33.0},{"not_picked":["Backstab","Deflect+1","Bane"],"picked":"Dodge and Roll+1","floor":35.0},{"not_picked":["Flying Knee","Underhanded Strike","Escape Plan+1"],"picked":"Prepared+1","floor":37.0},{"not_picked":["Outmaneuver+1","Choke+1","Dagger Spray","Quick Slash"],"picked":"SKIP","floor":41.0},{"not_picked":["Dagger Spray+1","Caltrops","Finisher+1"],"picked":"PiercingWail+1","floor":42.0},{"not_picked":["Accuracy","Sucker Punch+1","Dagger Spray+1","Poisoned Stab+1"],"picked":"SKIP","floor":44.0},{"not_picked":["Quick Slash+1","Deflect+1","Tactician+1","Dagger Spray+1"],"picked":"SKIP","floor":47.0},{"not_picked":["Predator+1","Dash+1","Acrobatics+1"],"picked":"Adrenaline+1","floor":48.0},{"not_picked":["Accuracy","Backstab+1","Quick Slash+1"],"picked":"Backflip+1","floor":55}],"player_experience":1944726,"relics_obtained":[{"floor":6.0,"key":"Potion Belt"},{"floor":8.0,"key":"Nunchaku"},{"floor":9.0,"key":"Toxic Egg 2"},{"floor":10.0,"key":"Lantern"},{"floor":23.0,"key":"Oddly Smooth Stone"},{"floor":25.0,"key":"Old Coin"},{"floor":27.0,"key":"Question Card"},{"floor":30.0,"key":"Anchor"},{"floor":41.0,"key":"Molten Egg 2"},{"floor":43.0,"key":"Bottled Lightning"},{"floor":45.0,"key":"Dead Branch"},{"floor":48.0,"key":"FossilizedHelix"},{"floor":55,"key":"Boot"}],"event_choices":[{"damage_healed":0.0,"max_hp_gain":0.0,"max_hp_loss":0.0,"gold_gain":75.0,"event_name":"World of Goop","player_choice":"Gather Gold","floor":3.0,"gold_loss":0.0,"damage_taken":11.0},{"damage_healed":0.0,"max_hp_gain":5.0,"max_hp_loss":0.0,"gold_gain":0.0,"event_name":"Big Fish","player_choice":"Donut","floor":12.0,"gold_loss":0.0,"damage_taken":0.0},{"damage_healed":0.0,"max_hp_gain":0.0,"max_hp_loss":0.0,"gold_gain":0.0,"event_name":"Shining Light","player_choice":"Entered Light","floor":14.0,"gold_loss":0.0,"damage_taken":21.0,"cards_upgraded":["Survivor","Defend_G"]},{"damage_healed":0.0,"max_hp_gain":0.0,"max_hp_loss":0.0,"gold_gain":0.0,"event_name":"Lab","player_choice":"Got Potions","floor":22.0,"gold_loss":0.0,"damage_taken":0.0},{"damage_healed":0.0,"max_hp_gain":0.0,"max_hp_loss":0.0,"gold_gain":0.0,"event_name":"SensoryStone","player_choice":"Memory 1","floor":38.0,"gold_loss":0.0,"damage_taken":0.0},{"damage_healed":0.0,"max_hp_gain":0.0,"max_hp_loss":0.0,"gold_gain":0.0,"event_name":"Accursed Blacksmith","player_choice":"Forge","floor":39.0,"gold_loss":0.0,"damage_taken":0.0,"cards_upgraded":["After Image"]},{"damage_healed":0.0,"max_hp_gain":0.0,"max_hp_loss":0.0,"gold_gain":0.0,"event_name":"Mysterious Sphere","player_choice":"Fight","floor":45.0,"gold_loss":0.0,"damage_taken":0.0}],"is_beta":true,"boss_relics":[{"not_picked":["Eternal Feather","Black Star"],"picked":"Velvet Choker"},{"not_picked":["Tiny House","Calling Bell"],"picked":"Runic Pyramid"}],"items_purged_floors":[4,31,36,54],"is_endless":false,"potions_floor_spawned":[2,5,8,16,18,20,25,27,33,35,42,44,47],"ascension_level":20}