{"gold_per_floor":[114,114,130,130,140,156,156,186,186,186,199,115,80,5,5,96,96,117,136,136,171,221,221,240,278,314,340,352,378,428,454,466,574,586,613,638,775,801,836,848,893,905,965,1012,1024,1067,1094,542,542,542,542,542,542,81,112,112],"floor_reached":57,"playtime":4644,"items_purged":["Strike_G","Defend_G","Defend_G"],"score":2889,"play_id":"79ed51d8-b005-4c32-a6ab-6dcbb83915a0","local_time":"20190726151201","is_ascension_mode":true,"campfire_choices":[{"data":"Poisoned Stab","floor":7.0,"key":"SMITH"},{"data":"Noxious Fumes","floor":15.0,"key":"SMITH"},{"floor":23.0,"key":"REST"},{"floor":28.0,"key":"REST"},{"floor":32.0,"key":"REST"},{"data":"Malaise","floor":40.0,"key":"SMITH"},{"floor":42,"key":"REST"},{"floor":45,"key":"RECALL"},{"floor":49,"key":"REST"},{"data":"After Image","floor":53,"key":"SMITH"}],"neow_cost":"NONE","seed_source_timestamp":0,"circlet_count":0,"master_deck":["AscendersBane","Defend_G","Defend_G","Defend_G","Survivor","Neutralize+1","Poisoned Stab+1","Flying Knee","After Image","Acrobatics","Infinite Blades","Noxious Fumes+1","Malaise+1","Doppelganger+1","Blade Dance+1","All Out Attack+1","Deflect+1","Adrenaline","Endless Agony","Crippling Poison","Catalyst","Terror+1","Storm of Steel","PiercingWail","After Image+1","Dodge and Roll","Noxious Fumes","Calculated Gamble+1","Footwork","Backflip"],"special_seed":0,"relics":["Ring of the Snake","Dead Branch","Tough Bandages","Pocketwatch","Golden Idol","Astrolabe","Red Mask","MawBank","Art of War","Potion Belt","Busted Crown","Thread and Needle","Dream Catcher","Boot","Darkstone Periapt","ClockworkSouvenir","War Paint","Medical Kit","Lantern"],"potions_floor_usage":[50,56,56,56,56],"damage_taken":[{"damage":0.0,"enemies":"2 Louse","floor":1.0,"turns":3.0},{"damage":1.0,"enemies":"Jaw Worm","floor":3.0,"turns":5.0},{"damage":7.0,"enemies":"Small Slimes","floor":5.0,"turns":4.0},{"damage":0.0,"enemies":"Gremlin Gang","floor":6.0,"turns":4.0},{"damage":18.0,"enemies":"Lagavulin","floor":8.0,"turns":10.0},{"damage":7.0,"enemies":"Exordium Thugs","floor":11.0,"turns":5.0},{"damage":19.0,"enemies":"Slime Boss","floor":16.0,"turns":9.0},{"damage":9.0,"enemies":"3 Byrds","floor":18.0,"turns":6.0},{"damage":5.0,"enemies":"Shell Parasite","floor":19.0,"turns":6.0},{"damage":16.0,"enemies":"Masked Bandits","floor":21.0,"turns":4.0},{"damage":6.0,"enemies":"Chosen and Byrds","floor":24.0,"turns":6.0},{"damage":6.0,"enemies":"Book of Stabbing","floor":25.0,"turns":4.0},{"damage":0.0,"enemies":"Cultist and Chosen","floor":27.0,"turns":5.0},{"damage":0.0,"enemies":"Snecko","floor":29.0,"turns":2.0},{"damage":15.0,"enemies":"Slavers","floor":30.0,"turns":6.0},{"damage":0.0,"enemies":"3 Cultists","floor":31.0,"turns":4.0},{"damage":1.0,"enemies":"Champ","floor":33.0,"turns":7.0},{"damage":0.0,"enemies":"Orb Walker","floor":35.0,"turns":4.0},{"damage":0.0,"enemies":"3 Shapes","floor":36.0,"turns":6.0},{"damage":7.0,"enemies":"Mind Bloom Boss Battle","floor":37.0,"turns":7.0},{"damage":0.0,"enemies":"Sphere and 2 Shapes","floor":38.0,"turns":6.0},{"damage":2.0,"enemies":"Jaw Worm Horde","floor":39.0,"turns":5.0},{"damage":3,"enemies":"Reptomancer","floor":41,"turns":7},{"damage":0,"enemies":"Giant Head","floor":44,"turns":5},{"damage":22,"enemies":"Reptomancer","floor":46,"turns":7},{"damage":7,"enemies":"3 Darklings","floor":47,"turns":5},{"damage":11,"enemies":"Awakened One","floor":50,"turns":14},{"damage":14,"enemies":"Donu and Deca","floor":51,"turns":8},{"damage":0,"enemies":"Shield and Spear","floor":55,"turns":6},{"damage":37,"enemies":"The Heart","floor":56,"turns":8}],"seed_played":"-7063272055134859336","potions_obtained":[{"floor":3.0,"key":"Explosive Potion"},{"floor":11.0,"key":"Poison Potion"},{"floor":16.0,"key":"GamblersBrew"},{"floor":19.0,"key":"LiquidBronze"},{"floor":27.0,"key":"SpeedPotion"},{"floor":31.0,"key":"PowerPotion"},{"floor":35.0,"key":"Dexterity Potion"},{"floor":41,"key":"EssenceOfSteel"},{"floor":46,"key":"PowerPotion"}],"is_trial":false,"path_per_floor":["M","?","M","?","M","M","R","E","T","?","M","$","?","$","R","B",null,"M","M","?","?","?","R","M","E","T","M","R","M","E","M","R","B",null,"M","M","?","M","M","R","E","R","T","E","R","E","M","$","R","B","B",null,"R","$","E","B",null],"character_chosen":"THE_SILENT","items_purchased":["Noxious Fumes","Footwork","ClockworkSouvenir","War Paint","Medical Kit","SkillPotion","SpeedPotion"],"campfire_rested":5,"item_purchase_floors":[12,48,48,48,54,54,54],"current_hp_per_floor":[59,52,51,40,33,33,33,15,15,15,8,8,23,23,23,4,46,37,32,32,16,16,34,28,22,22,22,40,40,25,25,43,42,56,56,56,49,49,47,47,44,60,60,60,60,38,31,31,49,38,24,51,51,51,51,14],"gold":112,"neow_bonus":"UPGRADE_CARD","is_prod":false,"is_daily":false,"chose_seed":false,"campfire_upgraded":4,"win_rate":0,"timestamp":1564150321,"path_taken":["M","?","M","?","M","?","R","E","T","?","M","$","?","$","R","BOSS","M","M","?","?","?","R","M","E","T","M","R","M","E","?","R","BOSS","M","M","?","M","M","R","E","R","T","E","R","E","M","$","R","BOSS","BOSS","R","$","E","BOSS"],"build_version":"2019-07-18","purchased_purges":3,"victory":true,"max_hp_per_floor":[66,66,66,66,66,66,66,66,66,60,60,60,60,60,60,60,60,60,60,60,60,60,60,60,60,60,60,60,60,60,60,60,60,60,60,60,60,60,60,60,60,60,60,60,60,60,60,60,60,60,60,60,60,60,60,60],"card_choices":[{"not_picked":["Outmaneuver","Dodge and Roll"],"picked":"Poisoned Stab","floor":1.0},{"not_picked":["Outmaneuver","Endless Agony"],"picked":"Flying Knee","floor":3.0},{"not_picked":["Dagger Throw","Underhanded Strike"],"picked":"After Image","floor":5.0},{"not_picked":["Sucker Punch","Flying Knee","Slice"],"picked":"SKIP","floor":6.0},{"not_picked":["Tactician","Prepared"],"picked":"Acrobatics","floor":8.0},{"not_picked":["Deadly Poison","Dodge and Roll"],"picked":"Infinite Blades","floor":11.0},{"not_picked":["Envenom","Glass Knife"],"picked":"Malaise","floor":16.0},{"not_picked":["Underhanded Strike","Dodge and Roll"],"picked":"Deflect","floor":18.0},{"not_picked":["Predator","Infinite Blades"],"picked":"Adrenaline","floor":19.0},{"not_picked":["Prepared","Flying Knee"],"picked":"Endless Agony","floor":21.0},{"not_picked":["Blade Dance","Heel Hook"],"picked":"Crippling Poison","floor":24.0},{"not_picked":["Riddle With Holes","Bouncing Flask"],"picked":"Catalyst","floor":25.0},{"not_picked":["Dagger Spray","Bane","Concentrate"],"picked":"SKIP","floor":27.0},{"not_picked":["Dash+1","Cloak And Dagger"],"picked":"Terror+1","floor":29.0},{"not_picked":["Dagger Throw","Deflect"],"picked":"Storm of Steel","floor":30.0},{"not_picked":["Dagger Throw","Underhanded Strike"],"picked":"PiercingWail","floor":31.0},{"not_picked":["Die Die Die","Tools of the Trade"],"picked":"After Image","floor":33.0},{"not_picked":["Flechettes+1"],"picked":"SKIP","floor":35.0},{"not_picked":["Finisher+1"],"picked":"SKIP","floor":36.0},{"not_picked":[],"picked":"Dodge and Roll","floor":37.0},{"not_picked":["Dagger Spray"],"picked":"SKIP","floor":38.0},{"not_picked":[],"picked":"Noxious Fumes","floor":39.0},{"not_picked":["Sucker Punch+1"],"picked":"SKIP","floor":41},{"not_picked":[],"picked":"Calculated Gamble","floor":44},{"not_picked":["Underhanded Strike"],"picked":"SKIP","floor":46},{"not_picked":["Slice"],"picked":"SKIP","floor":47},{"not_picked":[],"picked":"Backflip","floor":55}],"player_experience":2250165,"relics_obtained":[{"floor":8.0,"key":"Tough Bandages"},{"floor":9.0,"key":"Pocketwatch"},{"floor":21.0,"key":"Red Mask"},{"floor":25.0,"key":"MawBank"},{"floor":26.0,"key":"Art of War"},{"floor":30.0,"key":"Potion Belt"},{"floor":37.0,"key":"Thread and Needle"},{"floor":41,"key":"Dream Catcher"},{"floor":44,"key":"Boot"},{"floor":46,"key":"Darkstone Periapt"},{"floor":55,"key":"Lantern"}],"event_choices":[{"cards_removed":["Strike_G"],"damage_healed":0.0,"max_hp_gain":0.0,"max_hp_loss":0.0,"gold_gain":0.0,"event_name":"Golden Wing","player_choice":"Card Removal","floor":2.0,"gold_loss":0.0,"damage_taken":7.0},{"damage_healed":0.0,"max_hp_gain":0.0,"max_hp_loss":0.0,"gold_gain":0.0,"event_name":"Scrap Ooze","player_choice":"Success","floor":4.0,"gold_loss":0.0,"damage_taken":11.0,"relics_obtained":["Dead Branch"]},{"damage_healed":0.0,"max_hp_gain":0.0,"max_hp_loss":6.0,"gold_gain":0.0,"event_name":"Golden Idol","player_choice":"Lose Max HP","floor":10.0,"gold_loss":0.0,"damage_taken":0.0,"relics_obtained":["Golden Idol"]},{"damage_healed":15.0,"max_hp_gain":0.0,"max_hp_loss":0.0,"gold_gain":0.0,"event_name":"The Cleric","player_choice":"Healed","floor":13.0,"gold_loss":35.0,"damage_taken":0.0},{"damage_healed":0.0,"max_hp_gain":0.0,"max_hp_loss":0.0,"gold_gain":0.0,"event_name":"The Mausoleum","player_choice":"Ignored","floor":20.0,"gold_loss":0.0,"damage_taken":0.0},{"damage_healed":0.0,"max_hp_gain":0.0,"max_hp_loss":0.0,"gold_gain":0.0,"event_name":"Masked Bandits","player_choice":"Fought Bandits","floor":21.0,"gold_loss":0.0,"damage_taken":0.0},{"damage_healed":0.0,"max_hp_gain":0.0,"max_hp_loss":0.0,"gold_gain":50.0,"event_name":"Golden Shrine","player_choice":"Pray","floor":22.0,"gold_loss":0.0,"damage_taken":0.0},{"damage_healed":0.0,"max_hp_gain":0.0,"max_hp_loss":0.0,"gold_gain":0.0,"event_name":"MindBloom","player_choice":"Fight","floor":37.0,"gold_loss":0.0,"damage_taken":0.0}],"is_beta":true,"boss_relics":[{"not_picked":["Calling Bell","Cursed Key"],"picked":"Astrolabe"},{"not_picked":["Runic Dome","Tiny House"],"picked":"Busted Crown"}],"items_purged_floors":[14,48,54],"is_endless":false,"potions_floor_spawned":[3,11,16,19,24,27,31,35,41,44,46],"ascension_level":20}