{"gold_per_floor":[113,113,126,126,77,77,77,97,97,115,115,138,158,193,193,193],"floor_reached":16,"playtime":722,"items_purged":[],"score":102,"play_id":"e32b1354-a8a6-4b15-b067-4dce20bac8bd","local_time":"20190804020654","is_ascension_mode":false,"campfire_choices":[{"data":"PrismaMod:IllyaBride","floor":6,"key":"SMITH"},{"data":"PrismaMod:IllyaRubysPotion","floor":11,"key":"SMITH"},{"data":"PrismaMod:IllyaUncommonDefend","floor":15,"key":"SMITH"}],"neow_cost":"NONE","seed_source_timestamp":76934334832800,"circlet_count":0,"master_deck":["PrismaMod:IllyaCommonAttack","PrismaMod:IllyaCommonDefend","PrismaMod:IllyaCommonAttack","PrismaMod:IllyaCommonDefend","PrismaMod:IllyaCommonAttack","PrismaMod:IllyaCommonDefend","PrismaMod:IllyaCommonAttack","PrismaMod:IllyaCommonDefend","PrismaMod:IllyaCommonAttack","PrismaMod:IllyaCommonDefend","PrismaMod:IllyaUncommonAttack","PrismaMod:IllyaUncommonDefend+1","PrismaMod:IllyaRubysPotion+1","PrismaMod:IllyaBride+1","PrismaMod:IllyaRubysPotion+1","PrismaMod:IllyaPartialInstallAssassin+1","PrismaMod:IllyaInstallAvenger"],"relics":["PrismaMod:PrismaRuby","NeowsBlessing","Centennial Puzzle","Blue Candle","Golden Idol","Toxic Egg 2","Singing Bowl"],"potions_floor_usage":[14,14],"damage_taken":[{"damage":0,"enemies":"Cultist","floor":1,"turns":1},{"damage":0,"enemies":"Small Slimes","floor":3,"turns":1},{"damage":0,"enemies":"Jaw Worm","floor":8,"turns":1},{"damage":8,"enemies":"Exordium Wildlife","floor":10,"turns":7},{"damage":17,"enemies":"Exordium Thugs","floor":12,"turns":5},{"damage":9,"enemies":"2 Fungi Beasts","floor":13,"turns":5},{"damage":15,"enemies":"3 Sentries","floor":14,"turns":7},{"damage":45,"enemies":"Hexaghost","floor":16,"turns":12}],"seed_played":"1204617022060517388","potions_obtained":[{"floor":3,"key":"Energy Potion"},{"floor":10,"key":"Poison Potion"},{"floor":12,"key":"SpeedPotion"}],"is_trial":false,"path_per_floor":["M","T","M","?","$","R","?","M","T","M","R","M","M","E","R","B"],"character_chosen":"ILLYA","items_purchased":["PrismaMod:IllyaBride"],"campfire_rested":0,"item_purchase_floors":[5],"current_hp_per_floor":[75,75,75,63,63,63,45,45,45,42,42,35,36,31,31,0],"gold":193,"neow_bonus":"THREE_ENEMY_KILL","is_prod":false,"is_daily":false,"chose_seed":false,"campfire_upgraded":3,"win_rate":0.0,"timestamp":1564852014,"path_taken":["M","?","?","?","$","R","?","M","T","M","R","M","M","E","R","BOSS"],"build_version":"2019-07-17","purchased_purges":0,"victory":false,"max_hp_per_floor":[75,75,75,75,75,75,75,75,75,75,75,75,75,75,75,75],"card_choices":[{"not_picked":["PrismaMod:IllyaRapidFire","PrismaMod:IllyaBerserCAR"],"picked":"PrismaMod:IllyaRubysPotion","floor":1},{"not_picked":["PrismaMod:IllyaDetonatingBlow","PrismaMod:IllyaUncommonAttack","PrismaMod:IllyaPoisonTippedWeapons"],"picked":"SKIP","floor":3},{"not_picked":["PrismaMod:IllyaPartialInstallAssassin","PrismaMod:IllyaRapidFire","PrismaMod:IllyaStunPoison"],"picked":"SKIP","floor":8},{"not_picked":["PrismaMod:IllyaZwei+1","PrismaMod:IllyaUncommonAttack"],"picked":"PrismaMod:IllyaRubysPotion+1","floor":10},{"not_picked":["PrismaMod:IllyaFriendMaker","PrismaMod:IllyaGrailKun","PrismaMod:IllyaPoisonBomb"],"picked":"SKIP","floor":12},{"not_picked":["PrismaMod:IllyaUncommonEvoke","PrismaMod:IllyaRubysPotion+1"],"picked":"PrismaMod:IllyaPartialInstallAssassin+1","floor":13},{"not_picked":["PrismaMod:IllyaFriendMaker","PrismaMod:IllyaBlindPoisonToss+1"],"picked":"PrismaMod:IllyaInstallAvenger","floor":14}],"player_experience":132970,"relics_obtained":[{"floor":2,"key":"Centennial Puzzle"},{"floor":9,"key":"Toxic Egg 2"},{"floor":14,"key":"Singing Bowl"}],"event_choices":[{"damage_healed":0,"gold_gain":0,"player_choice":"Success","damage_taken":12,"relics_obtained":["Blue Candle"],"max_hp_gain":0,"max_hp_loss":0,"event_name":"Scrap Ooze","floor":4,"gold_loss":0},{"damage_healed":0,"gold_gain":0,"player_choice":"Take Damage","damage_taken":18,"relics_obtained":["Golden Idol"],"max_hp_gain":0,"max_hp_loss":0,"event_name":"Golden Idol","floor":7,"gold_loss":0}],"is_beta":false,"boss_relics":[],"items_purged_floors":[],"is_endless":false,"potions_floor_spawned":[3,10,12],"killed_by":"Hexaghost","ascension_level":0}