{"gold_per_floor":[118,141,159,175,38,69,69,126,126,126,140,156,168,185,185,288,288,308,327,100,25,98,98,109,137,137,137,137,137,137,162,162,267,267,282,298,42,52,52,52,52,78,78,93,93,119,119,129,129,129],"floor_reached":51,"playtime":5064,"items_purged":["Strike_B"],"score":803,"play_id":"3ace9bb1-12f7-486b-a7a6-76281c33ce94","local_time":"20190822143755","is_ascension_mode":true,"campfire_choices":[{"data":"Fission","floor":7.0,"key":"SMITH"},{"data":"Hologram","floor":15.0,"key":"SMITH"},{"floor":23.0,"key":"REST"},{"floor":27.0,"key":"REST"},{"floor":29.0,"key":"REST"},{"floor":32.0,"key":"REST"},{"floor":40,"key":"REST"},{"data":"Skim","floor":45,"key":"SMITH"},{"floor":49,"key":"REST"}],"neow_cost":"NONE","seed_source_timestamp":0,"circlet_count":0,"master_deck":["Strike_B","Strike_B","Defend_B","Defend_B","Defend_B","Defend_B","Zap","Dualcast+1","Cold Snap","Fission+1","Echo Form","Hologram+1","Meteor Strike","Conserve Battery+1","Skim+1","Echo Form+1","Static Discharge+1","Gash+1","Reinforced Body+1","Gash","Chaos+1"],"special_seed":0,"relics":["Cracked Core","NeowsBlessing","Vajra","Regal Pillow","Tiny Chest","Mercury Hourglass","Philosopher\u0027s Stone","War Paint","Frozen Egg 2","Lantern","Juzu Bracelet","Dodecahedron","Meat on the Bone","Black Star","Bottled Lightning","Ornamental Fan","PreservedInsect","Toxic Egg 2","Omamori","Symbiotic Virus","WarpedTongs"],"potions_floor_usage":[42,46],"damage_taken":[{"damage":0.0,"enemies":"Cultist","floor":1.0,"turns":1.0},{"damage":0.0,"enemies":"2 Louse","floor":3.0,"turns":1.0},{"damage":0.0,"enemies":"Jaw Worm","floor":4.0,"turns":1.0},{"damage":0.0,"enemies":"3 Sentries","floor":6.0,"turns":6.0},{"damage":30.0,"enemies":"Gremlin Nob","floor":8.0,"turns":4.0},{"damage":1.0,"enemies":"2 Fungi Beasts","floor":11.0,"turns":2.0},{"damage":4.0,"enemies":"Red Slaver","floor":12.0,"turns":2.0},{"damage":15.0,"enemies":"3 Louse","floor":13.0,"turns":2.0},{"damage":1.0,"enemies":"Looter","floor":14.0,"turns":3.0},{"damage":3.0,"enemies":"Hexaghost","floor":16.0,"turns":7.0},{"damage":4.0,"enemies":"Chosen","floor":18.0,"turns":4.0},{"damage":35.0,"enemies":"3 Byrds","floor":19.0,"turns":3.0},{"damage":0.0,"enemies":"Centurion and Healer","floor":24.0,"turns":5.0},{"damage":51.0,"enemies":"Slavers","floor":25.0,"turns":6.0},{"damage":18.0,"enemies":"Book of Stabbing","floor":31.0,"turns":7.0},{"damage":70.0,"enemies":"Champ","floor":33.0,"turns":14.0},{"damage":41,"enemies":"3 Darklings","floor":35,"turns":6},{"damage":22,"enemies":"Orb Walker","floor":36,"turns":4},{"damage":28,"enemies":"Maw","floor":38,"turns":8},{"damage":14,"enemies":"Reptomancer","floor":42,"turns":6},{"damage":7,"enemies":"4 Shapes","floor":44,"turns":7},{"damage":2,"enemies":"Giant Head","floor":46,"turns":7},{"damage":7,"enemies":"Spire Growth","floor":48,"turns":3},{"damage":43,"enemies":"Awakened One","floor":50,"turns":13}],"seed_played":"-6227058773529004284","potions_obtained":[{"floor":3.0,"key":"Fire Potion"},{"floor":4.0,"key":"AttackPotion"},{"floor":8.0,"key":"Energy Potion"},{"floor":13.0,"key":"Poison Potion"},{"floor":14.0,"key":"Strength Potion"},{"floor":16.0,"key":"Swift Potion"},{"floor":18.0,"key":"FearPotion"},{"floor":19.0,"key":"PowerPotion"},{"floor":35,"key":"Energy Potion"},{"floor":44,"key":"Swift Potion"}],"is_trial":false,"path_per_floor":["M","T","M","M","$","E","R","E","T","?","M","M","M","M","R","B",null,"M","M","$","?","T","R","M","E","T","R","?","R","?","E","R","B",null,"M","M","$","M","?","R","?","E","T","M","R","E","?","M","R","B",null],"character_chosen":"DEFECT","items_purchased":["Fission","War Paint","Bottled Lightning"],"campfire_rested":6,"item_purchase_floors":[5,20,37],"current_hp_per_floor":[75,75,75,75,75,75,75,45,45,45,44,40,25,24,24,21,75,71,36,36,36,36,73,73,22,22,59,59,75,61,43,80,22,80,51,41,41,25,25,64,64,50,50,43,43,41,41,46,80,49],"gold":129,"neow_bonus":"THREE_ENEMY_KILL","is_prod":false,"is_daily":false,"chose_seed":false,"campfire_upgraded":3,"win_rate":0,"timestamp":1566509875,"path_taken":["M","?","M","?","$","E","R","E","T","?","?","M","?","M","R","BOSS","M","M","$","?","?","R","M","E","T","R","?","R","?","E","R","BOSS","M","M","$","M","?","R","?","E","T","M","R","E","?","M","R","BOSS"],"build_version":"2019-07-17","purchased_purges":1,"victory":true,"max_hp_per_floor":[75,75,75,75,75,75,75,75,75,75,75,75,75,75,75,75,75,75,75,75,75,75,75,75,75,75,75,75,75,80,80,80,80,80,80,80,80,80,80,80,80,80,80,80,80,80,80,80,80,80],"card_choices":[{"not_picked":["Sweeping Beam","Ball Lightning","Heatsinks"],"picked":"SKIP","floor":1.0},{"not_picked":["Steam","Turbo"],"picked":"Hello World","floor":3.0},{"not_picked":["Tempest","Stack"],"picked":"Cold Snap","floor":4.0},{"not_picked":["Steam Power","Compile Driver"],"picked":"Machine Learning","floor":6.0},{"not_picked":["Electrodynamics","Barrage"],"picked":"Beam Cell","floor":8.0},{"not_picked":["Rebound","Steam","Ball Lightning"],"picked":"SKIP","floor":11.0},{"not_picked":["Ball Lightning","BootSequence"],"picked":"Hologram","floor":12.0},{"not_picked":["Stack","Heatsinks","Cold Snap"],"picked":"SKIP","floor":13.0},{"not_picked":["Compile Driver","Redo","Hello World"],"picked":"SKIP","floor":14.0},{"not_picked":["Multi-Cast","Hyperbeam"],"picked":"Meteor Strike","floor":16.0},{"not_picked":["Go for the Eyes+1","Capacitor+1","Rebound+1"],"picked":"SKIP","floor":18.0},{"not_picked":["Doom and Gloom+1","Aggregate+1"],"picked":"Conserve Battery","floor":19.0},{"not_picked":["Fusion+1","Rip and Tear+1"],"picked":"Skim","floor":24.0},{"not_picked":["Coolheaded","Hologram","Glacier"],"picked":"SKIP","floor":25.0},{"not_picked":["All For One","Barrage","Force Field"],"picked":"SKIP","floor":31.0},{"not_picked":["Rainbow","Hyperbeam"],"picked":"Echo Form+1","floor":33.0},{"not_picked":["Sweeping Beam+1","Loop+1"],"picked":"Static Discharge+1","floor":35},{"not_picked":["Genetic Algorithm+1","Cold Snap+1"],"picked":"Gash+1","floor":36},{"not_picked":["Go for the Eyes","Streamline","Darkness"],"picked":"SKIP","floor":38},{"not_picked":["Redo","Beam Cell"],"picked":"Reinforced Body+1","floor":42},{"not_picked":["Cold Snap+1","Glacier+1"],"picked":"Gash","floor":44},{"not_picked":["Leap+1","BootSequence+1"],"picked":"Chaos+1","floor":46},{"not_picked":["Streamline+1","Ball Lightning+1","Coolheaded+1"],"picked":"SKIP","floor":48}],"player_experience":189924,"relics_obtained":[{"floor":2.0,"key":"Vajra"},{"floor":6.0,"key":"Regal Pillow"},{"floor":8.0,"key":"Tiny Chest"},{"floor":9.0,"key":"Mercury Hourglass"},{"floor":22.0,"key":"Frozen Egg 2"},{"floor":25.0,"key":"Lantern"},{"floor":26.0,"key":"Juzu Bracelet"},{"floor":31.0,"key":"Meat on the Bone"},{"floor":42,"key":"Ornamental Fan"},{"floor":42,"key":"PreservedInsect"},{"floor":43,"key":"Toxic Egg 2"},{"floor":46,"key":"Omamori"},{"floor":46,"key":"Symbiotic Virus"}],"event_choices":[{"damage_healed":0.0,"max_hp_gain":0.0,"max_hp_loss":0.0,"gold_gain":0.0,"event_name":"Match and Keep!","player_choice":"1 cards matched","floor":10.0,"gold_loss":0.0,"damage_taken":0.0,"cards_obtained":["Echo Form"]},{"cards_removed":["Strike_B"],"damage_healed":0.0,"max_hp_gain":0.0,"max_hp_loss":0.0,"gold_gain":0.0,"event_name":"Beggar","player_choice":"Gave Gold","floor":21.0,"gold_loss":75.0,"damage_taken":0.0},{"cards_removed":["Machine Learning"],"damage_healed":0.0,"max_hp_gain":0.0,"max_hp_loss":0.0,"gold_gain":0.0,"event_name":"WeMeetAgain","player_choice":"Gave Card","floor":28.0,"gold_loss":0.0,"damage_taken":0.0,"relics_obtained":["Dodecahedron"]},{"damage_healed":0.0,"max_hp_gain":5.0,"max_hp_loss":0.0,"gold_gain":0.0,"event_name":"Forgotten Altar","player_choice":"Shed Blood","floor":30.0,"gold_loss":0.0,"damage_taken":19.0},{"cards_removed":["Beam Cell"],"damage_healed":0,"gold_gain":0,"player_choice":"Removed Attack","damage_taken":0,"max_hp_gain":0,"max_hp_loss":0,"event_name":"Falling","floor":39,"gold_loss":0},{"cards_removed":["Hello World"],"damage_healed":0,"gold_gain":0,"player_choice":"Purged","damage_taken":0,"max_hp_gain":0,"max_hp_loss":0,"event_name":"Purifier","floor":41,"gold_loss":0},{"damage_healed":0,"gold_gain":0,"player_choice":"Rummage","damage_taken":0,"relics_obtained":["WarpedTongs"],"max_hp_gain":0,"max_hp_loss":0,"event_name":"Accursed Blacksmith","floor":47,"gold_loss":0,"cards_obtained":["Pain"]}],"is_beta":false,"boss_relics":[{"not_picked":["Cursed Key","Runic Dome"],"picked":"Philosopher\u0027s Stone"},{"not_picked":["Sozu","Busted Crown"],"picked":"Black Star"}],"items_purged_floors":[20],"is_endless":false,"potions_floor_spawned":[3,4,8,13,14,16,18,19,35,44],"ascension_level":2}