{"gold_per_floor":[115,128,29,46,46,73,73,104,104,104,119,133,166,36,36,115,115,127,162,162,177,39,73,73,101,157,190,202,232,66,76,76,155,155,171,171,190,238,308,340,353,386,440,28,56,73,103,122,122,122,122,122,122,122,150,150],"floor_reached":57,"playtime":4438,"items_purged":["Strike_R","Strike_R"],"score":3311,"play_id":"962b4e1e-f7a6-49d8-91de-90279528015b","local_time":"20190701224638","is_ascension_mode":true,"campfire_choices":[{"data":"Bash","floor":7,"key":"SMITH"},{"data":"Combust","floor":10,"key":"SMITH"},{"data":"Armaments","floor":15,"key":"SMITH"},{"data":"Feel No Pain","floor":24,"key":"SMITH"},{"data":"Feel No Pain","floor":32,"key":"SMITH"},{"floor":49,"key":"RECALL"},{"data":"Juggernaut","floor":53,"key":"SMITH"}],"neow_cost":"PERCENT_DAMAGE","seed_source_timestamp":273480181239272,"circlet_count":0,"master_deck":["AscendersBane","Strike_R","Strike_R","Defend_R","Defend_R","Defend_R","Defend_R","Bash+1","Feed","Shrug It Off","Pommel Strike","Pommel Strike","Combust+1","Armaments+1","Feel No Pain+1","Pummel","Rupture","Shrug It Off","Feed","Ghostly","Ghostly","Ghostly","Body Slam","Corruption","Shrug It Off","Spot Weakness+1","Flame Barrier","Shockwave","Feel No Pain+1","Limit Break","Disarm+1","Immolate","Exhume","Juggernaut+1","Shrug It Off+1","Spot Weakness+1","Ghostly+1","Shrug It Off+1","Shrug It Off+1","Brutality","Rage+1"],"relics":["Burning Blood","StoneCalendar","Orichalcum","Self Forming Clay","Meat on the Bone","Runic Pyramid","Red Mask","Nunchaku","Pear","Tiny Chest","Ornamental Fan","Incense Burner","Velvet Choker","Magic Flower","Toxic Egg 2","Centennial Puzzle","FossilizedHelix","Dream Catcher","DollysMirror","PreservedInsect","Omamori","Shovel","Anchor"],"potions_floor_usage":[8,16,19,25,27,56],"damage_taken":[{"damage":6,"enemies":"Cultist","floor":1,"turns":3},{"damage":13,"enemies":"Jaw Worm","floor":2,"turns":5},{"damage":0,"enemies":"Small Slimes","floor":4,"turns":3},{"damage":25,"enemies":"3 Sentries","floor":6,"turns":7},{"damage":16,"enemies":"Lagavulin","floor":8,"turns":7},{"damage":3,"enemies":"2 Fungi Beasts","floor":11,"turns":3},{"damage":5,"enemies":"Exordium Wildlife","floor":12,"turns":3},{"damage":28,"enemies":"Gremlin Nob","floor":13,"turns":4},{"damage":19,"enemies":"Hexaghost","floor":16,"turns":9},{"damage":21,"enemies":"Spheric Guardian","floor":18,"turns":7},{"damage":33,"enemies":"Masked Bandits","floor":19,"turns":6},{"damage":4,"enemies":"Chosen","floor":21,"turns":7},{"damage":19,"enemies":"Book of Stabbing","floor":23,"turns":7},{"damage":11,"enemies":"Gremlin Leader","floor":25,"turns":8},{"damage":45,"enemies":"Book of Stabbing","floor":27,"turns":7},{"damage":5,"enemies":"Sentry and Sphere","floor":28,"turns":6},{"damage":20,"enemies":"Gremlin Leader","floor":29,"turns":6},{"damage":4,"enemies":"Snecko","floor":31,"turns":5},{"damage":11,"enemies":"Champ","floor":33,"turns":12},{"damage":0,"enemies":"3 Shapes","floor":35,"turns":7},{"damage":10,"enemies":"3 Darklings","floor":37,"turns":7},{"damage":13,"enemies":"2 Orb Walkers","floor":38,"turns":6},{"damage":5,"enemies":"Nemesis","floor":40,"turns":7},{"damage":4,"enemies":"Transient","floor":41,"turns":6},{"damage":0,"enemies":"Reptomancer","floor":42,"turns":8},{"damage":0,"enemies":"Nemesis","floor":45,"turns":7},{"damage":0,"enemies":"Maw","floor":46,"turns":8},{"damage":0,"enemies":"Giant Head","floor":47,"turns":8},{"damage":3,"enemies":"3 Darklings","floor":48,"turns":5},{"damage":15,"enemies":"Time Eater","floor":50,"turns":12},{"damage":11,"enemies":"Awakened One","floor":51,"turns":8},{"damage":10,"enemies":"Shield and Spear","floor":55,"turns":11},{"damage":79,"enemies":"The Heart","floor":56,"turns":12}],"seed_played":"-4700639252617132859","potions_obtained":[{"floor":1,"key":"Weak Potion"},{"floor":12,"key":"Fire Potion"},{"floor":13,"key":"BloodPotion"},{"floor":18,"key":"Fire Potion"},{"floor":21,"key":"SpeedPotion"},{"floor":28,"key":"SkillPotion"},{"floor":29,"key":"EssenceOfSteel"},{"floor":31,"key":"Block Potion"}],"is_trial":false,"path_per_floor":["M","M","$","M","T","E","R","E","T","R","M","M","E","$","R","B",null,"M","?","?","M","$","E","R","E","T","E","M","E","$","M","R","B",null,"M","?","M","?","T","E","M","E","T","$","E","M","E","M","R","B","B",null,"R","$","E","B",null],"character_chosen":"IRONCLAD","items_purchased":["Pommel Strike","Shrug It Off","Corruption","Shrug It Off","Limit Break","DollysMirror","PreservedInsect","Shrug It Off+1"],"campfire_rested":0,"item_purchase_floors":[3,14,22,22,30,44,44,44],"current_hp_per_floor":[53,49,49,58,58,39,39,29,29,29,35,39,17,17,17,38,77,62,53,48,51,51,42,42,50,50,27,44,46,46,52,52,51,79,92,92,92,91,91,101,106,113,113,113,116,119,123,126,126,126,134,136,136,136,143,97],"gold":150,"neow_bonus":"THREE_RARE_CARDS","is_prod":false,"is_daily":false,"chose_seed":false,"campfire_upgraded":6,"win_rate":0,"timestamp":1562017598,"path_taken":["M","?","$","M","?","E","R","E","T","R","M","M","E","?","R","BOSS","M","?","?","M","?","E","R","E","T","E","M","E","$","M","R","BOSS","M","?","M","?","?","E","M","E","T","$","E","M","E","?","R","BOSS","BOSS","R","$","E","BOSS"],"build_version":"2019-06-30","purchased_purges":2,"victory":true,"max_hp_per_floor":[78,81,81,84,84,84,84,84,84,84,87,90,90,90,90,90,90,90,96,48,51,51,55,55,68,68,72,76,80,80,84,84,88,88,95,95,99,105,105,109,109,113,113,113,116,119,123,126,126,130,136,136,136,136,143,147],"card_choices":[{"not_picked":["Offering","Barricade"],"picked":"Feed","floor":0},{"not_picked":["Flex","Thunderclap"],"picked":"Shrug It Off","floor":1},{"not_picked":["Warcry","Perfected Strike"],"picked":"Pommel Strike","floor":2},{"not_picked":["Headbutt","Sword Boomerang"],"picked":"Combust","floor":4},{"not_picked":["Rage","Berserk"],"picked":"Armaments","floor":6},{"not_picked":["Fire Breathing","Body Slam","Burning Pact"],"picked":"SKIP","floor":8},{"not_picked":["Rupture","Sword Boomerang"],"picked":"Feel No Pain","floor":11},{"not_picked":["Anger","Cleave"],"picked":"Pummel","floor":12},{"not_picked":["Clothesline","Pommel Strike"],"picked":"Rupture","floor":13},{"not_picked":["Bludgeon","Double Tap"],"picked":"Feed","floor":16},{"not_picked":["Clothesline","Armaments","Combust"],"picked":"SKIP","floor":18},{"not_picked":["Armaments","Anger"],"picked":"Body Slam","floor":21},{"not_picked":["Anger","Body Slam","Sword Boomerang"],"picked":"SKIP","floor":23},{"not_picked":["Wild Strike+1","Thunderclap"],"picked":"Spot Weakness+1","floor":25},{"not_picked":["Armaments","Shrug It Off"],"picked":"Flame Barrier","floor":27},{"not_picked":["Pommel Strike","Heavy Blade"],"picked":"Shockwave","floor":28},{"not_picked":["Intimidate","Dropkick"],"picked":"Feel No Pain","floor":29},{"not_picked":["Corruption","Heavy Blade+1"],"picked":"Disarm+1","floor":31},{"not_picked":["Bludgeon","Double Tap"],"picked":"Immolate","floor":33},{"not_picked":["Cleave","Body Slam+1","Flex"],"picked":"SKIP","floor":35},{"not_picked":["Perfected Strike+1","Blood for Blood","Cleave+1"],"picked":"SKIP","floor":37},{"not_picked":["Flex+1","Rampage"],"picked":"Exhume","floor":38},{"not_picked":["Havoc+1","Sword Boomerang"],"picked":"Juggernaut","floor":40},{"not_picked":["Carnage","Cleave+1"],"picked":"Shrug It Off+1","floor":41},{"not_picked":["Immolate","Twin Strike"],"picked":"Spot Weakness+1","floor":42},{"not_picked":["Clothesline","Reckless Charge","Thunderclap"],"picked":"SKIP","floor":45},{"not_picked":["Thunderclap","Havoc+1","Cleave"],"picked":"SKIP","floor":46},{"not_picked":["Heavy Blade","True Grit+1"],"picked":"Shrug It Off+1","floor":47},{"not_picked":["Perfected Strike","Clothesline"],"picked":"Brutality","floor":48},{"not_picked":["Clash+1","Uppercut"],"picked":"Rage+1","floor":55}],"player_experience":2170662,"relics_obtained":[{"floor":6,"key":"StoneCalendar"},{"floor":8,"key":"Orichalcum"},{"floor":9,"key":"Self Forming Clay"},{"floor":13,"key":"Meat on the Bone"},{"floor":19,"key":"Red Mask"},{"floor":23,"key":"Nunchaku"},{"floor":25,"key":"Pear"},{"floor":26,"key":"Tiny Chest"},{"floor":27,"key":"Ornamental Fan"},{"floor":29,"key":"Incense Burner"},{"floor":38,"key":"Magic Flower"},{"floor":39,"key":"Toxic Egg 2"},{"floor":40,"key":"Centennial Puzzle"},{"floor":42,"key":"FossilizedHelix"},{"floor":43,"key":"Dream Catcher"},{"floor":45,"key":"Omamori"},{"floor":47,"key":"Shovel"},{"floor":55,"key":"Anchor"}],"event_choices":[{"damage_healed":0,"gold_gain":0,"player_choice":"Fought Bandits","damage_taken":0,"max_hp_gain":0,"max_hp_loss":0,"event_name":"Masked Bandits","floor":19,"gold_loss":0},{"damage_healed":0,"gold_gain":0,"player_choice":"Became a Ghost","damage_taken":0,"max_hp_gain":0,"max_hp_loss":48,"event_name":"Ghosts","floor":20,"gold_loss":0,"cards_obtained":["Ghostly","Ghostly","Ghostly"]},{"cards_removed":["Strike_R"],"damage_healed":0,"gold_gain":0,"player_choice":"Removed Attack","damage_taken":0,"max_hp_gain":0,"max_hp_loss":0,"event_name":"Falling","floor":36,"gold_loss":0},{"damage_healed":0,"gold_gain":0,"player_choice":"Fight","damage_taken":0,"max_hp_gain":0,"max_hp_loss":0,"event_name":"Mysterious Sphere","floor":38,"gold_loss":0}],"is_beta":true,"boss_relics":[{"not_picked":["Mark of Pain","Coffee Dripper"],"picked":"Runic Pyramid"},{"not_picked":["Empty Cage","Orrery"],"picked":"Velvet Choker"}],"items_purged_floors":[3,14],"is_endless":false,"potions_floor_spawned":[1,12,13,18,21,23,28,29,31,35,40,42,45,48],"ascension_level":20}