{"gold_per_floor":[116,116,10,30,40,67,67,102,102,114,138,168,8,8,8,97,97,110,110,123,144,165,165,165],"floor_reached":24,"playtime":789,"items_purged":["Strike_R"],"score":432,"play_id":"e7f7012e-d05c-4eb6-95ab-53ecd6918e84","local_time":"20190516180147","is_ascension_mode":true,"campfire_choices":[{"data":"Bludgeon","floor":7,"key":"SMITH"},{"data":"Bash","floor":15,"key":"SMITH"},{"floor":23,"key":"REST"}],"neow_cost":"NONE","seed_source_timestamp":2071140822919177,"circlet_count":0,"master_deck":["AscendersBane","Strike_R","Strike_R","Strike_R","Defend_R","Defend_R","Defend_R","Defend_R","Bash+1","Fiend Fire","Inflame+1","Flash of Steel","Cleave","Clothesline","Bludgeon+1","Evolve","Sword Boomerang","Shockwave","Burning Pact","Clothesline","Power Through+1","Second Wind"],"relics":["Burning Blood","Red Skull","Self Forming Clay","Regal Pillow","Art of War","Golden Idol","Mark of Pain"],"potions_floor_usage":[6],"damage_taken":[{"damage":7,"enemies":"2 Louse","floor":1,"turns":3},{"damage":9,"enemies":"Jaw Worm","floor":4,"turns":3},{"damage":3,"enemies":"Small Slimes","floor":5,"turns":4},{"damage":20,"enemies":"3 Sentries","floor":6,"turns":7},{"damage":25,"enemies":"Lagavulin","floor":8,"turns":7},{"damage":6,"enemies":"Looter","floor":10,"turns":3},{"damage":17,"enemies":"3 Sentries","floor":12,"turns":4},{"damage":7,"enemies":"Hexaghost","floor":16,"turns":6},{"damage":17,"enemies":"Shell Parasite","floor":18,"turns":4},{"damage":16,"enemies":"Chosen","floor":20,"turns":5},{"damage":10,"enemies":"Centurion and Healer","floor":21,"turns":5},{"damage":21,"enemies":"Shelled Parasite and Fungi","floor":22,"turns":4},{"damage":65,"enemies":"Gremlin Leader","floor":24,"turns":5}],"seed_played":"3224354012697514926","potions_obtained":[{"floor":1,"key":"LiquidBronze"},{"floor":4,"key":"AttackPotion"},{"floor":8,"key":"LiquidBronze"}],"is_trial":false,"path_per_floor":["M","?","$","M","M","E","R","E","T","M","T","E","$","?","R","B",null,"M","?","M","M","M","R","E"],"character_chosen":"IRONCLAD","items_purchased":["Flash of Steel","Shockwave"],"campfire_rested":1,"item_purchase_floors":[3,13],"current_hp_per_floor":[67,67,67,64,67,53,53,34,34,34,34,23,23,23,23,22,57,46,46,36,32,17,52,0],"gold":165,"neow_bonus":"ONE_RANDOM_RARE_CARD","is_prod":false,"is_daily":false,"chose_seed":false,"campfire_upgraded":2,"win_rate":0,"timestamp":1558026107,"path_taken":["M","?","$","M","M","E","R","E","T","M","?","E","$","?","R","BOSS","M","?","?","M","M","R","E"],"build_version":"2019-05-07","purchased_purges":1,"victory":false,"max_hp_per_floor":[75,75,75,75,75,75,75,75,75,75,75,75,75,68,68,68,68,68,68,68,68,68,68,68],"card_choices":[{"not_picked":["Combust","Carnage"],"picked":"Inflame","floor":1},{"not_picked":["Flex","Seeing Red"],"picked":"Cleave","floor":4},{"not_picked":["Dual Wield","Corruption"],"picked":"Clothesline","floor":5},{"not_picked":["Blood for Blood","Warcry"],"picked":"Bludgeon","floor":6},{"not_picked":["Perfected Strike","Clothesline"],"picked":"Evolve","floor":8},{"not_picked":["Hemokinesis","True Grit"],"picked":"Sword Boomerang","floor":10},{"not_picked":["Warcry","Thunderclap","Headbutt"],"picked":"SKIP","floor":12},{"not_picked":["Armaments","Wild Strike"],"picked":"Burning Pact","floor":18},{"not_picked":["Dual Wield","Pommel Strike"],"picked":"Power Through+1","floor":20},{"not_picked":["Seeing Red","Cleave"],"picked":"Second Wind","floor":21},{"not_picked":["Infernal Blade","Clash","Seeing Red"],"picked":"SKIP","floor":22}],"player_experience":2059455,"relics_obtained":[{"floor":6,"key":"Red Skull"},{"floor":8,"key":"Self Forming Clay"},{"floor":9,"key":"Regal Pillow"},{"floor":12,"key":"Art of War"}],"event_choices":[{"damage_healed":0,"gold_gain":0,"player_choice":"Grow","damage_taken":0,"max_hp_gain":0,"max_hp_loss":0,"event_name":"Living Wall","floor":2,"gold_loss":0,"cards_upgraded":["Inflame"]},{"damage_healed":0,"gold_gain":0,"player_choice":"Lose Max HP","damage_taken":0,"relics_obtained":["Golden Idol"],"max_hp_gain":0,"max_hp_loss":7,"event_name":"Golden Idol","floor":14,"gold_loss":0},{"damage_healed":0,"gold_gain":0,"cards_transformed":["Strike_R"],"player_choice":"Transformed","damage_taken":0,"max_hp_gain":0,"max_hp_loss":0,"event_name":"Transmorgrifier","floor":19,"gold_loss":0,"cards_obtained":["Clothesline"]}],"is_beta":true,"boss_relics":[{"not_picked":["Eternal Feather","Orrery"],"picked":"Mark of Pain"}],"items_purged_floors":[13],"is_endless":false,"potions_floor_spawned":[1,4,8,10,12,20,21],"killed_by":"Gremlin Leader","ascension_level":20}