{"gold_per_floor":[114,129,54,16,16,46,61,91,116,146,161,161,176,201,201,301,301,316,316,331,346,46,46,76,76,126,126,126,226,226,226,226,326,326,341,341,441,441,456,456,486,486,486,501,516,0,0,15,15,15],"floor_reached":51,"playtime":4635,"items_purged":["Havoc","Evolve","Writhe"],"score":738,"play_id":"655694ee-ef5a-4d94-b6a8-b70c2977becd","local_time":"20190819182904","daily_mods":["Insanity","Diverse","Night Terrors"],"is_ascension_mode":false,"campfire_choices":[{"floor":15,"key":"REST"},{"data":"Corruption","floor":23,"key":"SMITH"},{"data":"Limit Break","floor":25,"key":"SMITH"},{"data":"Noxious Fumes","floor":27,"key":"SMITH"},{"data":"Footwork","floor":32,"key":"SMITH"},{"data":"Noxious Fumes","floor":40,"key":"SMITH"},{"data":"Blur","floor":42,"key":"SMITH"},{"data":"Enlightenment","floor":49,"key":"SMITH"}],"neow_cost":"","seed_source_timestamp":0,"circlet_count":0,"master_deck":["Terror","Infinite Blades","True Grit","Cleave","Compile Driver","Backstab","Conserve Battery","Poisoned Stab","Ball Lightning","Choke","Sever Soul+1","True Grit","Carnage","Escape Plan","Cloak And Dagger","Combust","Quick Slash","Iron Wave+1","Quick Slash","Coolheaded","Conserve Battery","Flying Knee","Chill","Scrape","Turbo","Rupture","Footwork+1","White Noise","Conserve Battery","Heavy Blade","Pommel Strike","Iron Wave","Noxious Fumes+1","Cleave","Ball Lightning","Acrobatics","Leap","Ball Lightning","Wild Strike","Deflect","Iron Wave","Aggregate","Dagger Throw","White Noise","Cleave","Dagger Throw","Leap","Corruption+1","Power Through","Hologram","Leap","Limit Break+1","Noxious Fumes+1","Hologram+1","Blur+1","Venomology","Feed","Reinforced Body","Crippling Poison+1","Madness","Madness","Dodge and Roll+1","White Noise+1","Enlightenment+1","Shrug It Off+1"],"special_seed":18128,"relics":["Ring of the Serpent","Vajra","Dodecahedron","Pen Nib","Blood Vial","Bronze Scales","Runic Pyramid","Toy Ornithopter","PreservedInsect","Boot","Prayer Wheel","Tingsha","Sundial","Gambling Chip","Whetstone","Bottled Tornado","Nunchaku","Mercury Hourglass"],"potions_floor_usage":[24,30,41,48,50],"damage_taken":[{"damage":0,"enemies":"Cultist","floor":1,"turns":3},{"damage":0,"enemies":"Small Slimes","floor":2,"turns":3},{"damage":0,"enemies":"Lagavulin","floor":6,"turns":6},{"damage":9,"enemies":"Jaw Worm","floor":7,"turns":3},{"damage":22,"enemies":"Gremlin Nob","floor":8,"turns":4},{"damage":13,"enemies":"Lagavulin","floor":10,"turns":7},{"damage":3,"enemies":"Gremlin Gang","floor":11,"turns":4},{"damage":0,"enemies":"Exordium Thugs","floor":13,"turns":2},{"damage":37,"enemies":"Hexaghost","floor":16,"turns":8},{"damage":0,"enemies":"Spheric Guardian","floor":18,"turns":4},{"damage":4,"enemies":"Chosen","floor":20,"turns":3},{"damage":7,"enemies":"Snake Plant","floor":21,"turns":3},{"damage":10,"enemies":"Slavers","floor":24,"turns":6},{"damage":13,"enemies":"Colosseum Slavers","floor":29,"turns":2},{"damage":16,"enemies":"Colosseum Nobs","floor":29,"turns":4},{"damage":0,"enemies":"Snecko","floor":30,"turns":5},{"damage":24,"enemies":"Champ","floor":33,"turns":14},{"damage":2,"enemies":"3 Darklings","floor":35,"turns":4},{"damage":8,"enemies":"Mind Bloom Boss Battle","floor":37,"turns":7},{"damage":1,"enemies":"3 Shapes","floor":39,"turns":5},{"damage":8,"enemies":"Nemesis","floor":41,"turns":5},{"damage":2,"enemies":"Writhing Mass","floor":44,"turns":5},{"damage":16,"enemies":"4 Shapes","floor":45,"turns":3},{"damage":0,"enemies":"Maw","floor":48,"turns":7},{"damage":55,"enemies":"Donu and Deca","floor":50,"turns":10}],"seed_played":"2622380343692794011","potions_obtained":[{"floor":1,"key":"Block Potion"},{"floor":6,"key":"FearPotion"},{"floor":16,"key":"SmokeBomb"},{"floor":21,"key":"PowerPotion"},{"floor":24,"key":"GhostInAJar"},{"floor":41,"key":"Regen Potion"}],"is_trial":false,"path_per_floor":["M","M","$","$","?","E","M","E","T","E","M","?","M","T","R","B",null,"M","?","M","M","$","R","E","R","T","R","?","?","M","?","R","B",null,"M","?","?","?","M","R","E","R","T","M","M","$","T","M","R","B",null],"character_chosen":"THE_SILENT","items_purchased":["Power Through","Toy Ornithopter","Enlightenment","Nunchaku"],"campfire_rested":1,"item_purchase_floors":[4,22,46,46],"current_hp_per_floor":[70,70,70,70,70,70,61,39,39,26,25,18,20,20,65,28,65,65,65,61,56,56,56,53,53,53,53,53,28,35,56,56,34,65,63,55,49,49,50,50,49,49,49,49,35,35,35,57,57,9],"gold":15,"neow_bonus":"","is_prod":false,"is_daily":true,"chose_seed":false,"campfire_upgraded":7,"win_rate":0,"timestamp":1566264544,"path_taken":["M","M","?","$","?","E","M","E","T","E","?","?","?","?","R","BOSS","M","?","M","M","$","R","E","R","T","R","?","?","M","?","R","BOSS","M","?","?","?","M","R","E","R","T","M","M","$","?","M","R","BOSS"],"build_version":"2019-07-17","purchased_purges":3,"victory":true,"max_hp_per_floor":[70,70,70,70,70,70,70,70,70,70,70,70,70,70,65,65,65,65,65,65,65,65,65,65,65,65,65,65,65,65,65,65,65,65,65,65,65,65,65,65,65,65,65,65,65,65,65,65,65,65],"card_choices":[{"not_picked":["Tactician","Infinite Blades"],"picked":"Leap","floor":1},{"not_picked":["Bane","Beam Cell"],"picked":"Corruption","floor":2},{"not_picked":["Quick Slash","Twin Strike","Cloak And Dagger"],"picked":"SKIP","floor":6},{"not_picked":["Body Slam","Deadly Poison"],"picked":"Hologram","floor":7},{"not_picked":["Capacitor","Double Energy","Streamline"],"picked":"SKIP","floor":8},{"not_picked":["Heavy Blade","Clothesline","Conserve Battery"],"picked":"SKIP","floor":10},{"not_picked":["Headbutt","Fission","Pommel Strike"],"picked":"SKIP","floor":11},{"not_picked":["Accuracy","Armaments"],"picked":"Leap","floor":13},{"not_picked":["Unload","Grand Finale"],"picked":"Limit Break","floor":16},{"not_picked":["Turbo","Redo"],"picked":"Noxious Fumes","floor":18},{"not_picked":["Headbutt","Pommel Strike"],"picked":"Hologram+1","floor":20},{"not_picked":["Shrug It Off","Underhanded Strike+1"],"picked":"Blur","floor":21},{"not_picked":["Shrug It Off","Leap"],"picked":"Venomology","floor":24},{"not_picked":["Echo Form","Corpse Explosion"],"picked":"Feed","floor":33},{"not_picked":["Compile Driver+1","Reckless Charge"],"picked":"Reinforced Body","floor":35},{"not_picked":["Rupture+1","Flying Knee+1"],"picked":"Crippling Poison+1","floor":35},{"not_picked":["Rupture+1","Iron Wave+1"],"picked":"Dodge and Roll+1","floor":37},{"not_picked":["Dagger Throw","Turbo+1","Poisoned Stab+1"],"picked":"SKIP","floor":39},{"not_picked":["Anger","Lockon+1","Combust"],"picked":"SKIP","floor":39},{"not_picked":["Whirlwind","Pommel Strike","Caltrops+1"],"picked":"SKIP","floor":41},{"not_picked":["Perfected Strike","Leg Sweep+1"],"picked":"White Noise+1","floor":44},{"not_picked":["Skim","Tactician+1","Anger"],"picked":"SKIP","floor":44},{"not_picked":["Clothesline+1","Skewer+1","Streamline+1"],"picked":"SKIP","floor":45},{"not_picked":["Sword Boomerang","Flame Barrier","Sentinel+1"],"picked":"SKIP","floor":45},{"not_picked":["Leg Sweep+1","Acrobatics"],"picked":"Shrug It Off+1","floor":48},{"not_picked":["Unload","Glacier","Warcry"],"picked":"SKIP","floor":48}],"player_experience":180684,"relics_obtained":[{"floor":6,"key":"Vajra"},{"floor":8,"key":"Dodecahedron"},{"floor":9,"key":"Pen Nib"},{"floor":10,"key":"Blood Vial"},{"floor":14,"key":"Bronze Scales"},{"floor":24,"key":"PreservedInsect"},{"floor":26,"key":"Boot"},{"floor":29,"key":"Tingsha"},{"floor":29,"key":"Sundial"},{"floor":37,"key":"Gambling Chip"},{"floor":41,"key":"Whetstone"},{"floor":43,"key":"Bottled Tornado"},{"floor":47,"key":"Mercury Hourglass"}],"event_choices":[{"cards_removed":["Pummel"],"damage_healed":0,"gold_gain":0,"player_choice":"Purged","damage_taken":0,"max_hp_gain":0,"max_hp_loss":0,"event_name":"Purifier","floor":5,"gold_loss":0},{"damage_healed":0,"gold_gain":0,"player_choice":"Damaged","damage_taken":7,"max_hp_gain":0,"max_hp_loss":0,"event_name":"Wheel of Change","floor":12,"gold_loss":0},{"cards_removed":["Redo"],"damage_healed":0,"gold_gain":0,"player_choice":"Elegance","damage_taken":0,"max_hp_gain":0,"max_hp_loss":0,"event_name":"Back to Basics","floor":19,"gold_loss":0},{"damage_healed":0,"gold_gain":0,"player_choice":"Opened","damage_taken":0,"relics_obtained":["Prayer Wheel"],"max_hp_gain":0,"max_hp_loss":0,"event_name":"The Mausoleum","floor":28,"gold_loss":0,"cards_obtained":["Writhe"]},{"damage_healed":0,"gold_gain":0,"player_choice":"Fight","damage_taken":0,"max_hp_gain":0,"max_hp_loss":0,"event_name":"Colosseum","floor":29,"gold_loss":0},{"damage_healed":0,"gold_gain":0,"player_choice":"Fought Nobs","damage_taken":0,"max_hp_gain":0,"max_hp_loss":0,"event_name":"Colosseum","floor":29,"gold_loss":0},{"damage_healed":21,"gold_gain":0,"player_choice":"Heal","damage_taken":0,"max_hp_gain":0,"max_hp_loss":0,"event_name":"The Library","floor":31,"gold_loss":0},{"damage_healed":0,"gold_gain":0,"player_choice":"Embrace Madness","damage_taken":8,"max_hp_gain":0,"max_hp_loss":0,"event_name":"Winding Halls","floor":36,"gold_loss":0,"cards_obtained":["Madness","Madness"]},{"damage_healed":0,"gold_gain":0,"player_choice":"Fight","damage_taken":0,"max_hp_gain":0,"max_hp_loss":0,"event_name":"MindBloom","floor":37,"gold_loss":0},{"damage_healed":0,"gold_gain":0,"player_choice":"Ignored","damage_taken":0,"max_hp_gain":0,"max_hp_loss":0,"event_name":"Mysterious Sphere","floor":38,"gold_loss":0}],"is_beta":false,"boss_relics":[{"not_picked":["Black Star","WristBlade"],"picked":"Runic Pyramid"},{"not_picked":["White Beast Statue","Empty Cage"],"picked":"Ring of the Serpent"}],"items_purged_floors":[3,22,46],"is_endless":false,"potions_floor_spawned":[1,6,16,21,24,30,41,45],"ascension_level":0}