{"gold_per_floor":[363,382,88,103,153,153,185,27,27,42,59,59,89,109,109,188,188,205,205,43,59,84,111,111,11,11,11,28,28,48,74,74,149,149,166,0,10,28,128,161,174,206,206,258,290,290,309,329,329,329,329,329,329,64,98,98],"floor_reached":56,"playtime":3763,"items_purged":["Strike_B","Strike_B"],"score":2049,"play_id":"6a36c885-5473-461c-ac88-d75a0be20d6d","local_time":"20190623144914","is_ascension_mode":true,"campfire_choices":[{"data":"Zap","floor":6,"key":"SMITH"},{"data":"Defragment","floor":12,"key":"SMITH"},{"data":"Sweeping Beam","floor":15,"key":"SMITH"},{"data":"Seek","floor":24,"key":"SMITH"},{"data":"Sweeping Beam","floor":27,"key":"SMITH"},{"data":"Dualcast","floor":29,"key":"SMITH"},{"floor":32,"key":"REST"},{"floor":46,"key":"RECALL"},{"data":"Buffer","floor":49,"key":"SMITH"},{"data":"Rainbow","floor":53,"key":"SMITH"}],"neow_cost":"TEN_PERCENT_HP_LOSS","seed_source_timestamp":503712656242066,"circlet_count":0,"master_deck":["AscendersBane","Strike_B+1","Strike_B","Defend_B","Defend_B","Defend_B+1","Defend_B+1","Zap+1","Dualcast+1","Sweeping Beam+1","Genetic Algorithm","Ball Lightning","Sweeping Beam+1","Defragment+1","Chill","Seek+1","Steam","Echo Form","Gash+1","Rainbow+1","Glacier","Coolheaded+1","Coolheaded","Biased Cognition","Go for the Eyes+1","Buffer+1","Leap+1","Self Repair","Go for the Eyes+1"],"relics":["Cracked Core","War Paint","Incense Burner","Letter Opener","Meat on the Bone","Inserter","Nloth\u0027s Gift","Centennial Puzzle","Art of War","Shuriken","Bag of Preparation","Sozu","Red Mask","Turnip","Bag of Marbles","Sundial","Torii","Pocketwatch","Lantern","Cables","Whetstone"],"potions_floor_usage":[13,23,33,56],"damage_taken":[{"damage":0,"enemies":"2 Louse","floor":1,"turns":3},{"damage":1,"enemies":"Cultist","floor":2,"turns":3},{"damage":6,"enemies":"Small Slimes","floor":4,"turns":3},{"damage":8,"enemies":"Lagavulin","floor":7,"turns":7},{"damage":9,"enemies":"Red Slaver","floor":10,"turns":3},{"damage":20,"enemies":"Exordium Thugs","floor":11,"turns":4},{"damage":2,"enemies":"3 Sentries","floor":13,"turns":7},{"damage":1,"enemies":"Exordium Wildlife","floor":14,"turns":4},{"damage":26,"enemies":"The Guardian","floor":16,"turns":11},{"damage":5,"enemies":"3 Byrds","floor":18,"turns":4},{"damage":0,"enemies":"Spheric Guardian","floor":21,"turns":4},{"damage":26,"enemies":"Slavers","floor":23,"turns":4},{"damage":4,"enemies":"Shelled Parasite and Fungi","floor":28,"turns":5},{"damage":2,"enemies":"Chosen and Byrds","floor":30,"turns":7},{"damage":31,"enemies":"Book of Stabbing","floor":31,"turns":5},{"damage":18,"enemies":"Champ","floor":33,"turns":10},{"damage":12,"enemies":"Orb Walker","floor":35,"turns":4},{"damage":1,"enemies":"3 Shapes","floor":37,"turns":3},{"damage":5,"enemies":"Sphere and 2 Shapes","floor":38,"turns":6},{"damage":8,"enemies":"Mind Bloom Boss Battle","floor":39,"turns":12},{"damage":0,"enemies":"Reptomancer","floor":40,"turns":6},{"damage":14,"enemies":"Transient","floor":41,"turns":6},{"damage":7,"enemies":"Nemesis","floor":42,"turns":9},{"damage":33,"enemies":"2 Orb Walkers","floor":44,"turns":7},{"damage":1,"enemies":"Reptomancer","floor":45,"turns":7},{"damage":0,"enemies":"4 Shapes","floor":47,"turns":3},{"damage":0,"enemies":"Maw","floor":48,"turns":10},{"damage":7,"enemies":"Time Eater","floor":50,"turns":25},{"damage":20,"enemies":"Donu and Deca","floor":51,"turns":18},{"damage":39,"enemies":"Shield and Spear","floor":55,"turns":12},{"damage":56,"enemies":"The Heart","floor":56,"turns":12}],"seed_played":"-1325638958277432625","potions_obtained":[{"floor":4,"key":"Ancient Potion"},{"floor":11,"key":"PowerPotion"},{"floor":13,"key":"Poison Potion"},{"floor":18,"key":"AttackPotion"},{"floor":23,"key":"Swift Potion"},{"floor":31,"key":"Energy Potion"},{"floor":33,"key":"Regen Potion"}],"is_trial":false,"path_per_floor":["M","M","$","M","?","R","E","$","T","M","M","R","E","M","R","B",null,"M","?","$","M","T","E","R","$","T","R","M","R","M","E","R","B",null,"M","?","M","M","?","E","M","E","T","?","E","R","M","M","R","B","B",null,"R","$","E","B"],"character_chosen":"DEFECT","items_purchased":["War Paint","Ball Lightning","Blood Vial","Centennial Puzzle","Cables"],"campfire_rested":1,"item_purchase_floors":[3,3,8,20,54],"current_hp_per_floor":[64,63,63,57,51,51,43,43,43,36,18,18,18,31,31,19,53,50,50,50,50,50,36,36,36,36,36,44,44,42,23,42,36,57,45,45,44,39,43,43,41,34,34,13,24,24,36,50,50,50,49,60,60,60,40,0],"gold":98,"neow_bonus":"TWO_FIFTY_GOLD","is_prod":false,"is_daily":false,"chose_seed":false,"campfire_upgraded":8,"win_rate":0,"timestamp":1561297754,"path_taken":["M","M","$","M","?","R","E","?","T","M","M","R","E","M","R","BOSS","M","?","$","?","?","E","R","?","T","R","M","R","M","E","R","BOSS","M","?","M","M","?","E","M","E","T","?","E","R","?","M","R","BOSS","BOSS","R","$","E","BOSS"],"build_version":"2019-06-21","purchased_purges":2,"victory":false,"max_hp_per_floor":[64,64,64,64,64,64,64,64,64,64,64,64,64,64,64,64,64,64,64,64,64,64,64,64,64,64,64,64,64,64,64,64,64,64,64,64,64,64,64,64,64,64,64,64,64,64,64,64,64,64,64,64,64,64,64,64],"card_choices":[{"not_picked":["Compile Driver","Leap"],"picked":"Sweeping Beam","floor":1},{"not_picked":["Hologram","Redo"],"picked":"Genetic Algorithm","floor":2},{"not_picked":["Rebound","Reprogram"],"picked":"Sweeping Beam","floor":4},{"not_picked":["Lockon","Storm","Sweeping Beam"],"picked":"SKIP","floor":7},{"not_picked":["Stack","Leap"],"picked":"Defragment","floor":10},{"not_picked":["Steam","Rebound"],"picked":"Chill","floor":11},{"not_picked":["Lockon","Hello World","Leap"],"picked":"SKIP","floor":13},{"not_picked":["Beam Cell","Compile Driver","Storm"],"picked":"SKIP","floor":14},{"not_picked":["Multi-Cast","Reboot"],"picked":"Seek","floor":16},{"not_picked":["Rebound","Ball Lightning+1","Melter"],"picked":"SKIP","floor":18},{"not_picked":["Compile Driver","Rebound"],"picked":"Steam","floor":21},{"not_picked":["Biased Cognition","Rip and Tear+1"],"picked":"Echo Form","floor":23},{"not_picked":["Steam Power","Turbo"],"picked":"Gash+1","floor":28},{"not_picked":["Streamline","Rip and Tear+1","Steam"],"picked":"SKIP","floor":30},{"not_picked":["Multi-Cast","Blizzard","Reprogram"],"picked":"SKIP","floor":31},{"not_picked":["Seek","Multi-Cast"],"picked":"Rainbow","floor":33},{"not_picked":["Force Field","Redo"],"picked":"Glacier","floor":35},{"not_picked":["Conserve Battery","Sunder","Creative AI"],"picked":"SKIP","floor":37},{"not_picked":["Reprogram","Rebound+1"],"picked":"Coolheaded+1","floor":38},{"not_picked":["Scrape+1","Rebound+1"],"picked":"Coolheaded","floor":39},{"not_picked":["Sweeping Beam+1","Scrape"],"picked":"Biased Cognition","floor":40},{"not_picked":["Cold Snap+1","Glacier+1"],"picked":"Go for the Eyes","floor":41},{"not_picked":["Machine Learning","Hologram"],"picked":"Buffer","floor":42},{"not_picked":["Redo","Sweeping Beam"],"picked":"Leap+1","floor":44},{"not_picked":["Multi-Cast","Heatsinks"],"picked":"Self Repair","floor":45},{"not_picked":["Cold Snap","Compile Driver+1"],"picked":"Go for the Eyes+1","floor":47},{"not_picked":["Leap","Chill","Compile Driver"],"picked":"SKIP","floor":48},{"not_picked":["Sunder","Multi-Cast","Reboot"],"picked":"SKIP","floor":55}],"player_experience":2143218,"relics_obtained":[{"floor":7,"key":"Incense Burner"},{"floor":9,"key":"Letter Opener"},{"floor":13,"key":"Meat on the Bone"},{"floor":23,"key":"Art of War"},{"floor":26,"key":"Shuriken"},{"floor":31,"key":"Bag of Preparation"},{"floor":39,"key":"Turnip"},{"floor":40,"key":"Bag of Marbles"},{"floor":42,"key":"Sundial"},{"floor":43,"key":"Torii"},{"floor":44,"key":"Pocketwatch"},{"floor":45,"key":"Lantern"},{"floor":55,"key":"Whetstone"}],"event_choices":[{"damage_healed":0,"gold_gain":50,"player_choice":"Touch","damage_taken":6,"max_hp_gain":0,"max_hp_loss":0,"event_name":"FaceTrader","floor":5,"gold_loss":0},{"damage_healed":0,"gold_gain":0,"player_choice":"Traded Relic","damage_taken":0,"relics_obtained":["Nloth\u0027s Gift"],"max_hp_gain":0,"max_hp_loss":0,"event_name":"N\u0027loth","floor":19,"relics_lost":["Blood Vial"],"gold_loss":0},{"damage_healed":0,"gold_gain":0,"player_choice":"Paid","damage_taken":0,"relics_obtained":["Red Mask"],"max_hp_gain":0,"max_hp_loss":0,"event_name":"Tomb of Lord Red Mask","floor":36,"gold_loss":166},{"damage_healed":0,"gold_gain":0,"player_choice":"Fight","damage_taken":0,"max_hp_gain":0,"max_hp_loss":0,"event_name":"MindBloom","floor":39,"gold_loss":0},{"damage_healed":0,"gold_gain":0,"player_choice":"Fight","damage_taken":0,"max_hp_gain":0,"max_hp_loss":0,"event_name":"Mysterious Sphere","floor":44,"gold_loss":0}],"is_beta":true,"boss_relics":[{"not_picked":["White Beast Statue","Lizard Tail"],"picked":"Inserter"},{"not_picked":["Velvet Choker","Busted Crown"],"picked":"Sozu"}],"items_purged_floors":[3,25],"is_endless":false,"potions_floor_spawned":[4,11,13,16,18,23,31,33,35,39,42,45,47,55],"killed_by":"The Heart","ascension_level":20}