{"gold_per_floor":[217,70,89,101,118,118,133,151,176,204,204,215,215,233,233,334,334,351,371,34,34,34,61,61,61],"floor_reached":25,"playtime":1811,"items_purged":["Strike_B"],"score":259,"play_id":"433e5a7c-a816-42b4-9fd2-708d4c5aee90","local_time":"20190822152606","is_ascension_mode":true,"campfire_choices":[{"data":"Rainbow","floor":6,"key":"SMITH"},{"floor":11,"key":"REST"},{"floor":13,"key":"REST"},{"floor":15,"key":"REST"}],"neow_cost":"NONE","seed_source_timestamp":4030552761053,"circlet_count":0,"master_deck":["Strike_B","Strike_B","Strike_B","Defend_B","Defend_B","Defend_B","Defend_B","Zap","Dualcast","Turbo","Rainbow+1","Turbo","Core Surge","Biased Cognition","FTL","RitualDagger"],"relics":["Cracked Core","Orichalcum","Omamori","Nuclear Battery","Matryoshka","Smiling Mask"],"potions_floor_usage":[10,14,16,25],"damage_taken":[{"damage":1,"enemies":"Cultist","floor":1,"turns":3},{"damage":0,"enemies":"2 Louse","floor":3,"turns":3},{"damage":7,"enemies":"Jaw Worm","floor":4,"turns":2},{"damage":9,"enemies":"Blue Slaver","floor":5,"turns":3},{"damage":6,"enemies":"Looter","floor":7,"turns":3},{"damage":14,"enemies":"3 Louse","floor":8,"turns":3},{"damage":29,"enemies":"Lagavulin","floor":10,"turns":7},{"damage":4,"enemies":"Red Slaver","floor":12,"turns":4},{"damage":9,"enemies":"Lots of Slimes","floor":14,"turns":3},{"damage":34,"enemies":"The Guardian","floor":16,"turns":12},{"damage":17,"enemies":"Shell Parasite","floor":18,"turns":5},{"damage":0,"enemies":"Chosen","floor":19,"turns":4},{"damage":31,"enemies":"Book of Stabbing","floor":23,"turns":5},{"damage":34,"enemies":"Gremlin Leader","floor":25,"turns":5}],"seed_played":"-8040859192337683188","potions_obtained":[{"floor":3,"key":"FocusPotion"},{"floor":7,"key":"LiquidBronze"},{"floor":12,"key":"GamblersBrew"},{"floor":23,"key":"SneckoOil"}],"is_trial":false,"path_per_floor":["M","$","M","M","M","R","M","M","T","E","R","M","R","M","R","B",null,"M","M","$","?","?","E","$","E"],"character_chosen":"DEFECT","items_purchased":["Rainbow","Matryoshka"],"campfire_rested":3,"item_purchase_floors":[2,20],"current_hp_per_floor":[74,74,74,67,58,58,52,38,38,9,31,27,49,40,62,28,75,58,58,58,52,52,21,21,0],"gold":61,"neow_bonus":"HUNDRED_GOLD","is_prod":false,"is_daily":false,"chose_seed":false,"campfire_upgraded":1,"win_rate":0,"timestamp":1566512766,"path_taken":["M","$","M","?","M","R","M","M","T","E","R","M","R","M","R","BOSS","M","M","$","?","?","E","$","E"],"build_version":"2019-07-17","purchased_purges":1,"victory":false,"max_hp_per_floor":[75,75,75,75,75,75,75,75,75,75,75,75,75,75,75,75,75,75,75,75,75,75,75,75,75],"card_choices":[{"not_picked":["Stack","Leap"],"picked":"Turbo","floor":1},{"not_picked":["Tempest","Go for the Eyes","Cold Snap"],"picked":"SKIP","floor":3},{"not_picked":["Cold Snap","Go for the Eyes"],"picked":"Turbo","floor":4},{"not_picked":["Barrage","Rebound","Steam Power"],"picked":"SKIP","floor":5},{"not_picked":["Hello World","Go for the Eyes","Cold Snap"],"picked":"SKIP","floor":7},{"not_picked":["Steam","Auto Shields","Lockon"],"picked":"SKIP","floor":8},{"not_picked":["Conserve Battery","Double Energy"],"picked":"Core Surge","floor":10},{"not_picked":["Barrage","Static Discharge","Leap"],"picked":"SKIP","floor":12},{"not_picked":["Turbo","Go for the Eyes","Storm"],"picked":"SKIP","floor":14},{"not_picked":["Core Surge","Hyperbeam"],"picked":"Biased Cognition","floor":16},{"not_picked":["Loop","Capacitor"],"picked":"FTL","floor":18},{"not_picked":["Barrage","Stack","Go for the Eyes"],"picked":"SKIP","floor":19},{"not_picked":["Streamline","Coolheaded","Hello World"],"picked":"SKIP","floor":23}],"player_experience":196034,"relics_obtained":[{"floor":9,"key":"Orichalcum"},{"floor":10,"key":"Omamori"},{"floor":23,"key":"Smiling Mask"}],"event_choices":[{"damage_healed":0,"gold_gain":0,"player_choice":"Joined the Cult","damage_taken":6,"max_hp_gain":0,"max_hp_loss":0,"event_name":"Nest","floor":21,"gold_loss":0,"cards_obtained":["RitualDagger"]},{"damage_healed":0,"gold_gain":0,"player_choice":"Ignored","damage_taken":0,"max_hp_gain":0,"max_hp_loss":0,"event_name":"Ghosts","floor":22,"gold_loss":0}],"is_beta":false,"boss_relics":[{"not_picked":["Coffee Dripper","Orrery"],"picked":"Nuclear Battery"}],"items_purged_floors":[20],"is_endless":false,"potions_floor_spawned":[3,7,12,23],"killed_by":"Gremlin Leader","ascension_level":3}