{"gold_per_floor":[113,131,147,157,175,175,200,200,200,234,246,264,264,296,296,369,369,379,379,390,390],"floor_reached":21,"playtime":1045,"items_purged":[],"score":355,"play_id":"d4109bbd-9c76-4ab2-8a5c-3254d65b3c01","local_time":"20180721043552","is_ascension_mode":true,"campfire_choices":[{"data":"Bash","floor":6.0,"key":"SMITH"},{"data":"Clothesline","floor":8.0,"key":"SMITH"},{"floor":13.0,"key":"REST"},{"data":"Limit Break","floor":15.0,"key":"SMITH"}],"neow_cost":"NONE","seed_source_timestamp":0,"circlet_count":0,"master_deck":["Strike_R","Strike_R","Strike_R","Defend_R","Defend_R","Defend_R","Defend_R","Bash+1","AscendersBane","Headbutt","True Grit","Clothesline+1","Limit Break+1","Ghostly Armor","Shrug It Off","Iron Wave","Spot Weakness","Searing Blow+1","Spot Weakness+1","Perfected Strike+1","Disarm","Flame Barrier"],"special_seed":0,"relics":["Burning Blood","Ancient Tea Set","Potion Belt","Centennial Puzzle","Oddly Smooth Stone","Darkstone Periapt","Astrolabe"],"potions_floor_usage":[21],"damage_taken":[{"damage":6.0,"enemies":"Cultist","floor":1.0,"turns":4.0},{"damage":7.0,"enemies":"Jaw Worm","floor":2.0,"turns":3.0},{"damage":2.0,"enemies":"2 Louse","floor":3.0,"turns":4.0},{"damage":10.0,"enemies":"2 Fungi Beasts","floor":4.0,"turns":4.0},{"damage":9.0,"enemies":"Looter","floor":5.0,"turns":4.0},{"damage":39.0,"enemies":"Lagavulin","floor":7.0,"turns":7.0},{"damage":24.0,"enemies":"Gremlin Nob","floor":10.0,"turns":5.0},{"damage":5.0,"enemies":"3 Louse","floor":11.0,"turns":3.0},{"damage":0.0,"enemies":"Exordium Wildlife","floor":12.0,"turns":3.0},{"damage":11.0,"enemies":"Lagavulin","floor":14.0,"turns":5.0},{"damage":24.0,"enemies":"Slime Boss","floor":16.0,"turns":9.0},{"damage":33.0,"enemies":"2 Thieves","floor":18.0,"turns":4.0},{"damage":30.0,"enemies":"Spheric Guardian","floor":20.0,"turns":6.0},{"damage":20,"enemies":"Chosen and Byrds","floor":21,"turns":8}],"seed_played":"-7121200419473552912","potions_obtained":[{"floor":1.0,"key":"PowerPotion"},{"floor":2.0,"key":"GamblersBrew"},{"floor":7.0,"key":"Block Potion"},{"floor":12.0,"key":"GamblersBrew"},{"floor":20.0,"key":"Dexterity Potion"}],"is_trial":false,"path_per_floor":["M","M","M","M","M","R","E","R","T","E","M","M","R","E","R","B",null,"M","?","M"],"character_chosen":"IRONCLAD","items_purchased":[],"campfire_rested":1,"item_purchase_floors":[],"current_hp_per_floor":[68,67,71,67,64,64,31,31,31,13,14,20,42,37,37,19,61,34,34,10,0],"gold":390,"neow_bonus":"RANDOM_COMMON_RELIC","is_prod":false,"is_daily":false,"chose_seed":false,"campfire_upgraded":3,"win_rate":0,"timestamp":1532144152,"path_taken":["M","M","?","M","M","R","E","R","T","E","M","M","R","E","R","BOSS","M","?","M","M"],"build_version":"2018-07-19","purchased_purges":0,"victory":false,"max_hp_per_floor":[75,75,75,75,75,75,75,75,75,75,75,75,75,75,75,75,75,75,75,75,75],"card_choices":[{"not_picked":["Hemokinesis","Flex"],"picked":"Headbutt","floor":1.0},{"not_picked":["Clash","Blood for Blood"],"picked":"True Grit","floor":2.0},{"not_picked":["Combust","Headbutt"],"picked":"Clothesline","floor":3.0},{"not_picked":["Bloodletting","True Grit"],"picked":"Limit Break","floor":4.0},{"not_picked":["Heavy Blade","Burning Pact"],"picked":"Perfected Strike","floor":5.0},{"not_picked":["Flex","Sword Boomerang"],"picked":"Ghostly Armor","floor":7.0},{"not_picked":["Blood for Blood","Combust"],"picked":"Shrug It Off","floor":10.0},{"not_picked":["Thunderclap","Rage"],"picked":"Iron Wave","floor":11.0},{"not_picked":["Bloodletting","Pommel Strike","Thunderclap"],"picked":"SKIP","floor":12.0},{"not_picked":["Shockwave","Disarm"],"picked":"Spot Weakness","floor":14.0},{"not_picked":["Flex","Sentinel"],"picked":"Disarm","floor":18.0},{"not_picked":["Pommel Strike","Ghostly Armor+1"],"picked":"Flame Barrier","floor":20.0}],"player_experience":1069699,"relics_obtained":[{"floor":7.0,"key":"Potion Belt"},{"floor":9.0,"key":"Centennial Puzzle"},{"floor":10.0,"key":"Oddly Smooth Stone"},{"floor":14.0,"key":"Darkstone Periapt"}],"event_choices":[{"event_name":"Cursed Tome","player_choice":"Ignored","floor":19.0,"damage_taken":0.0}],"is_beta":true,"boss_relics":[{"not_picked":["Black Star","Busted Crown"],"picked":"Astrolabe"}],"items_purged_floors":[],"is_endless":false,"potions_floor_spawned":[1,2,3,7,12,20],"killed_by":"Chosen and Byrds","ascension_level":15}