{"gold_per_floor":[112,128,140,152,152,170,189,222,304,334,334,334,344,360,360,456,456,468,149,161,161,172,172,182,208,235,269,28,28,58,69,69,166,166,181,193,193,203,203,203,230,54,54,106,126,161,180,205,205,205],"floor_reached":50,"playtime":7211,"items_purged":["Strike_B","Strike_B+1","Strike_B+1"],"score":571,"play_id":"a615d330-0dc6-4c1d-912d-66f910f92865","local_time":"20190817023230","is_ascension_mode":false,"campfire_choices":[{"floor":12,"key":"RECALL"},{"data":"Thunder Strike","floor":15,"key":"SMITH"},{"data":"Rainbow","floor":23,"key":"SMITH"},{"data":"Apotheosis","floor":29,"key":"SMITH"},{"data":"Chaos","floor":32,"key":"SMITH"},{"data":"Capacitor","floor":40,"key":"SMITH"},{"data":"Strike_B+1","floor":49,"key":"PURGE"}],"neow_cost":"NONE","seed_source_timestamp":46898382039843,"circlet_count":0,"master_deck":["Defend_B+1","Defend_B+1","Defend_B+1","Zap+1","Dualcast","BootSequence","Glacier","Redo","Double Energy+1","Thunder Strike+1","Hologram","Streamline+1","Rainbow+1","Barrage+1","Apotheosis+1","Capacitor+1","Tempest","Steam Power","Compile Driver+1","Barrage+1","Chaos+1","Hyperbeam+1","Double Energy","Compile Driver+1","Electrodynamics","Barrage+1","Coolheaded+1","Compile Driver+1","Chrysalis","Dramatic Entrance+1","Purity","Lockon+1","Double Energy+1"],"relics":["Cracked Core","Lantern","Molten Egg 2","Nuclear Battery","Calipers","Red Mask","FossilizedHelix","Black Star","Orichalcum","Blood Vial","Mercury Hourglass","Peace Pipe","Mummified Hand","Boot","PreservedInsect"],"potions_floor_usage":[4,8,8,16,22,27,30,33,44,44,44,50],"damage_taken":[{"damage":0,"enemies":"Small Slimes","floor":1,"turns":4},{"damage":0,"enemies":"2 Louse","floor":2,"turns":3},{"damage":1,"enemies":"Jaw Worm","floor":3,"turns":3},{"damage":1,"enemies":"Exordium Thugs","floor":4,"turns":4},{"damage":0,"enemies":"Blue Slaver","floor":6,"turns":2},{"damage":3,"enemies":"Exordium Wildlife","floor":7,"turns":7},{"damage":15,"enemies":"Lagavulin","floor":8,"turns":7},{"damage":0,"enemies":"3 Louse","floor":13,"turns":3},{"damage":0,"enemies":"2 Fungi Beasts","floor":14,"turns":3},{"damage":36,"enemies":"Slime Boss","floor":16,"turns":8},{"damage":0,"enemies":"Chosen","floor":18,"turns":3},{"damage":6,"enemies":"2 Thieves","floor":20,"turns":4},{"damage":0,"enemies":"Sentry and Sphere","floor":22,"turns":3},{"damage":1,"enemies":"Snake Plant","floor":24,"turns":2},{"damage":8,"enemies":"Gremlin Leader","floor":25,"turns":7},{"damage":0,"enemies":"Masked Bandits","floor":27,"turns":3},{"damage":17,"enemies":"Book of Stabbing","floor":30,"turns":4},{"damage":0,"enemies":"Shelled Parasite and Fungi","floor":31,"turns":3},{"damage":25,"enemies":"Collector","floor":33,"turns":10},{"damage":0,"enemies":"3 Darklings","floor":35,"turns":1},{"damage":0,"enemies":"Orb Walker","floor":36,"turns":2},{"damage":5,"enemies":"4 Shapes","floor":38,"turns":3},{"damage":13,"enemies":"Reptomancer","floor":41,"turns":6},{"damage":0,"enemies":"2 Orb Walkers","floor":44,"turns":3},{"damage":0,"enemies":"Sphere and 2 Shapes","floor":45,"turns":2},{"damage":0,"enemies":"Nemesis","floor":46,"turns":5},{"damage":0,"enemies":"Transient","floor":47,"turns":5},{"damage":58,"enemies":"Awakened One","floor":50,"turns":5}],"seed_played":"9202104347789787065","potions_obtained":[{"floor":1,"key":"Weak Potion"},{"floor":4,"key":"GamblersBrew"},{"floor":7,"key":"GamblersBrew"},{"floor":8,"key":"SkillPotion"},{"floor":16,"key":"GamblersBrew"},{"floor":20,"key":"AttackPotion"},{"floor":24,"key":"Ancient Potion"},{"floor":25,"key":"SteroidPotion"},{"floor":30,"key":"Explosive Potion"},{"floor":35,"key":"Weak Potion"},{"floor":46,"key":"Poison Potion"}],"is_trial":false,"path_per_floor":["M","M","M","M","?","M","M","E","T","?","?","R","M","M","R","B",null,"M","$","M","?","M","R","M","E","T","?","$","R","E","M","R","B",null,"M","M","?","M","?","R","E","$","T","?","M","E","M","T","R","B"],"character_chosen":"DEFECT","items_purchased":["Apotheosis","Capacitor","Hyperbeam+1","Weak Potion"],"campfire_rested":0,"item_purchase_floors":[19,19,28,42],"current_hp_per_floor":[75,75,74,73,73,73,70,55,55,55,40,40,40,40,40,4,75,75,75,69,69,69,69,68,60,60,60,60,60,43,43,43,18,75,75,75,71,66,56,56,43,43,43,45,47,49,51,51,51,0],"gold":205,"neow_bonus":"UPGRADE_CARD","is_prod":false,"is_daily":false,"chose_seed":false,"campfire_upgraded":5,"win_rate":0,"timestamp":1566034350,"path_taken":["M","M","M","M","?","M","M","E","T","?","?","R","?","M","R","BOSS","M","$","M","?","M","R","M","E","T","?","?","R","E","M","R","BOSS","M","M","?","M","?","R","E","$","T","?","M","E","M","?","R","BOSS"],"build_version":"2019-07-17","purchased_purges":3,"victory":false,"max_hp_per_floor":[75,75,75,75,75,75,75,75,75,75,75,75,75,75,75,75,75,75,75,75,75,75,75,75,75,75,75,75,75,75,75,75,75,75,75,75,71,71,71,71,71,71,71,71,71,71,71,71,71,71],"card_choices":[{"not_picked":["Compile Driver","Beam Cell"],"picked":"BootSequence","floor":1},{"not_picked":["Rip and Tear","Hello World","Barrage"],"picked":"SKIP","floor":2},{"not_picked":["Chill","Capacitor"],"picked":"Glacier","floor":3},{"not_picked":["Beam Cell","Hello World"],"picked":"Redo","floor":4},{"not_picked":["Rebound","Melter"],"picked":"Double Energy","floor":6},{"not_picked":["Static Discharge","Force Field"],"picked":"Thunder Strike","floor":7},{"not_picked":["Conserve Battery","Meteor Strike"],"picked":"Hologram","floor":8},{"not_picked":["Gash+1","Beam Cell+1","Storm"],"picked":"SKIP","floor":13},{"not_picked":["Reprogram","Stack"],"picked":"Streamline+1","floor":14},{"not_picked":["Biased Cognition","Multi-Cast"],"picked":"Rainbow","floor":16},{"not_picked":["Turbo","Self Repair+1"],"picked":"Barrage+1","floor":18},{"not_picked":["Heatsinks","Cold Snap+1"],"picked":"Tempest","floor":20},{"not_picked":["Gash+1","Self Repair"],"picked":"Steam Power","floor":22},{"not_picked":["Redo+1","Coolheaded"],"picked":"Compile Driver+1","floor":24},{"not_picked":["White Noise","Reboot"],"picked":"Barrage+1","floor":25},{"not_picked":["Coolheaded","Steam"],"picked":"Chaos","floor":27},{"not_picked":["Streamline+1","Recycle+1"],"picked":"Double Energy","floor":30},{"not_picked":["Storm","Auto Shields"],"picked":"Compile Driver+1","floor":31},{"not_picked":["Buffer","Amplify"],"picked":"Electrodynamics","floor":33},{"not_picked":["Sweeping Beam+1","White Noise"],"picked":"Barrage+1","floor":35},{"not_picked":["Leap+1","Steam+1"],"picked":"Coolheaded+1","floor":36},{"not_picked":["Barrage+1","Gash+1"],"picked":"Compile Driver+1","floor":38},{"not_picked":["Blind","Enlightenment"],"picked":"Chrysalis","floor":39},{"not_picked":["Swift Strike+1","Discovery"],"picked":"Dramatic Entrance+1","floor":39},{"not_picked":["Trip","Impatience"],"picked":"Purity","floor":39},{"not_picked":["Ball Lightning+1","Conserve Battery"],"picked":"Lockon+1","floor":41},{"not_picked":["Auto Shields","Ball Lightning+1","Gash+1"],"picked":"SKIP","floor":45},{"not_picked":["Redo+1","Conserve Battery","Force Field"],"picked":"SKIP","floor":46},{"not_picked":["Rebound+1","Ball Lightning+1"],"picked":"Double Energy+1","floor":47}],"player_experience":125852,"relics_obtained":[{"floor":8,"key":"Lantern"},{"floor":9,"key":"Molten Egg 2"},{"floor":25,"key":"Calipers"},{"floor":27,"key":"Red Mask"},{"floor":30,"key":"FossilizedHelix"},{"floor":41,"key":"Orichalcum"},{"floor":41,"key":"Blood Vial"},{"floor":43,"key":"Mercury Hourglass"},{"floor":44,"key":"Peace Pipe"},{"floor":46,"key":"Mummified Hand"},{"floor":46,"key":"Boot"},{"floor":48,"key":"PreservedInsect"}],"event_choices":[{"cards_removed":["Defend_B"],"damage_healed":0,"gold_gain":0,"player_choice":"Forget","damage_taken":0,"max_hp_gain":0,"max_hp_loss":0,"event_name":"Living Wall","floor":5,"gold_loss":0},{"damage_healed":0,"gold_gain":30,"player_choice":"Searched \u00272\u0027 times","damage_taken":0,"max_hp_gain":0,"max_hp_loss":0,"event_name":"Dead Adventurer","floor":10,"gold_loss":0},{"damage_healed":0,"gold_gain":0,"player_choice":"Entered Light","damage_taken":15,"max_hp_gain":0,"max_hp_loss":0,"event_name":"Shining Light","floor":11,"gold_loss":0,"cards_upgraded":["Double Energy","Strike_B"]},{"damage_healed":0,"gold_gain":0,"player_choice":"Simplicity","damage_taken":0,"max_hp_gain":0,"max_hp_loss":0,"event_name":"Back to Basics","floor":21,"gold_loss":0,"cards_upgraded":["Strike_B","Strike_B","Defend_B","Defend_B","Defend_B"]},{"damage_healed":0,"gold_gain":0,"player_choice":"Fought Bandits","damage_taken":0,"max_hp_gain":0,"max_hp_loss":0,"event_name":"Masked Bandits","floor":27,"gold_loss":0},{"damage_healed":0,"gold_gain":0,"player_choice":"Max HP","damage_taken":0,"max_hp_gain":0,"max_hp_loss":4,"event_name":"Winding Halls","floor":37,"gold_loss":0},{"damage_healed":0,"gold_gain":0,"player_choice":"Memory 3","damage_taken":10,"max_hp_gain":0,"max_hp_loss":0,"event_name":"SensoryStone","floor":39,"gold_loss":0},{"damage_healed":0,"gold_gain":0,"player_choice":"Fight","damage_taken":0,"max_hp_gain":0,"max_hp_loss":0,"event_name":"Mysterious Sphere","floor":44,"gold_loss":0}],"is_beta":false,"boss_relics":[{"not_picked":["Orrery","Astrolabe"],"picked":"Nuclear Battery"},{"not_picked":["Cursed Key","Sozu"],"picked":"Black Star"}],"items_purged_floors":[19,28,42],"is_endless":false,"potions_floor_spawned":[1,4,7,8,16,20,24,25,30,35,46],"killed_by":"Awakened One","ascension_level":0}