{"gold_per_floor":[116,126,201,201,212,212,175,188,188,203,285,285],"floor_reached":12,"playtime":374,"items_purged":[],"score":95,"play_id":"0687f806-c45f-445b-a0c7-6cd7caf7b1e1","local_time":"20190629053543","is_ascension_mode":false,"campfire_choices":[{"floor":6,"key":"RECALL"}],"neow_cost":"NONE","seed_source_timestamp":244386880105000,"circlet_count":0,"master_deck":["Defend_G","Defend_G","Defend_G","Defend_G","Defend_G","Strike_G","Strike_G","Strike_G","Strike_G","Strike_G","Survivor","Neutralize","Deflect","Leg Sweep+1","Leg Sweep","Leg Sweep","Leg Sweep","Regret","Caltrops","Regret"],"relics":["Cursed Key","Singing Bowl"],"potions_floor_usage":[],"damage_taken":[{"damage":0,"enemies":"Small Slimes","floor":1,"turns":5},{"damage":1,"enemies":"2 Louse","floor":2,"turns":3},{"damage":2,"enemies":"Jaw Worm","floor":5,"turns":6},{"damage":0,"enemies":"Blue Slaver","floor":8,"turns":6},{"damage":2,"enemies":"2 Fungi Beasts","floor":10,"turns":7},{"damage":0,"enemies":"3 Sentries","floor":12,"turns":1}],"seed_played":"7471577756662525110","potions_obtained":[{"floor":5,"key":"Weak Potion"},{"floor":8,"key":"Swift Potion"}],"is_trial":false,"path_per_floor":["M","M","?","?","M","R","$","M","T","M","T","E"],"character_chosen":"THE_SILENT","items_purchased":["Leg Sweep"],"campfire_rested":0,"item_purchase_floors":[7],"current_hp_per_floor":[70,69,58,58,56,56,56,56,56,54,54,54],"gold":285,"neow_bonus":"BOSS_RELIC","is_prod":false,"is_daily":false,"chose_seed":false,"campfire_upgraded":0,"win_rate":0,"timestamp":1561754143,"path_taken":["M","M","?","?","M","R","?","M","T","M","?","E"],"build_version":"2019-01-23","purchased_purges":0,"victory":false,"max_hp_per_floor":[70,70,70,70,70,70,70,70,70,70,70,70],"card_choices":[{"not_picked":["Distraction","Dodge and Roll"],"picked":"Deflect","floor":1},{"not_picked":["Acrobatics","Eviscerate"],"picked":"Leg Sweep","floor":2},{"not_picked":["Flying Knee","Deadly Poison"],"picked":"Leg Sweep","floor":5},{"not_picked":["Blade Dance","Dodge and Roll"],"picked":"Leg Sweep","floor":8},{"not_picked":["Doppelganger","Outmaneuver"],"picked":"Caltrops","floor":10}],"player_experience":48264,"relics_obtained":[{"floor":9,"key":"Singing Bowl"}],"event_choices":[{"damage_healed":0,"gold_gain":75,"player_choice":"Gather Gold","damage_taken":11,"max_hp_gain":0,"max_hp_loss":0,"event_name":"World of Goop","floor":3,"gold_loss":0},{"damage_healed":0,"gold_gain":0,"player_choice":"Grow","damage_taken":0,"max_hp_gain":0,"max_hp_loss":0,"event_name":"Living Wall","floor":4,"gold_loss":0,"cards_upgraded":["Leg Sweep"]}],"is_beta":false,"boss_relics":[],"items_purged_floors":[],"is_endless":false,"potions_floor_spawned":[5,8],"killed_by":"3 Sentries","ascension_level":0}