{"path_per_floor":["M","?","M","?","M","R","E","R","T","M","$","M","M","M","R","B",null,"M","?","M","?","M","R","$","M","T","R","?","M","M","T","R","B",null,"M","?","?","M","?","M","M","R","T","R","$","E"],"character_chosen":"IRONCLAD","items_purchased":["Feel No Pain","Bottled Lightning"],"gold_per_floor":[111,111,121,121,136,136,163,163,163,183,29,45,55,67,67,142,142,159,84,97,126,141,141,41,55,55,55,55,68,84,109,109,187,187,207,207,207,226,280,298,311,311,311,311,51,85,85],"floor_reached":47,"campfire_rested":1,"playtime":2174,"item_purchase_floors":[11,45],"current_hp_per_floor":[72,72,72,72,72,72,58,58,58,58,58,54,52,50,50,56,68,70,70,71,69,68,68,68,64,64,64,64,46,41,41,62,31,62,66,57,57,52,27,25,35,35,35,35,35,37,0],"items_purged":["Strike_R","Strike_R"],"gold":85,"score":906,"play_id":"7e734667-04cb-4a13-8903-0a8e5c4d685e","local_time":"20180524143638","is_prod":false,"is_daily":false,"chose_seed":false,"is_ascension_mode":true,"campfire_upgraded":2,"win_rate":0,"timestamp":1527168998,"campfire_choices":[{"data":"1","floor":6,"key":"LIFT"},{"data":"2","floor":8,"key":"LIFT"},{"data":"3","floor":15,"key":"LIFT"},{"data":"Limit Break","floor":23,"key":"SMITH"},{"data":"True Grit","floor":27,"key":"SMITH"},{"floor":32,"key":"REST"},{"data":"Strike_R","floor":42,"key":"PURGE"},{"data":"Pain","floor":44,"key":"PURGE"}],"path_taken":["M","?","M","?","M","R","E","R","T","?","$","M","M","M","R","BOSS","M","?","M","?","M","R","$","M","T","R","?","?","M","?","R","BOSS","M","?","?","?","?","?","M","R","T","R","$","E","M"],"build_version":"2018-05-23v2","seed_source_timestamp":259564113172954,"purchased_purges":2,"victory":false,"master_deck":["Defend_R","Defend_R","Defend_R","Defend_R","AscendersBane","Clothesline+1","Battle Trance","Anger","Shrug It Off","Feel No Pain","Whirlwind","Pummel","Offering","Limit Break+1","True Grit+1","Shrug It Off+1","Sentinel","Clumsy","Feel No Pain","Demon Form","True Grit+1","Madness+1","Madness+1","Feel No Pain","Shrug It Off+1","True Grit+1","Shrug It Off+1","Writhe","Flame Barrier+1"],"max_hp_per_floor":[72,72,72,72,72,72,72,72,72,72,72,72,72,72,72,72,72,72,72,72,72,72,72,72,72,72,72,72,72,72,72,72,72,72,72,72,72,72,72,72,72,72,72,72,72,72,72],"relics":["Burning Blood","Girya","Blue Candle","Self Forming Clay","Cursed Key","Red Mask","Toxic Egg 2","Bag of Preparation","Sozu","Peace Pipe","Art of War","Bottled Lightning","Orichalcum"],"card_choices":[{"not_picked":["Havoc","Twin Strike"],"picked":"Clothesline","floor":1},{"not_picked":["Cleave","Flex"],"picked":"Battle Trance","floor":3},{"not_picked":["Blood for Blood","Perfected Strike"],"picked":"Anger","floor":5},{"not_picked":["Carnage","Cleave","Headbutt"],"picked":"SKIP","floor":7},{"not_picked":["Pommel Strike","Sever Soul"],"picked":"Shrug It Off","floor":10},{"not_picked":["Blood for Blood","Infernal Blade"],"picked":"Whirlwind","floor":12},{"not_picked":["Warcry","Sever Soul"],"picked":"Pummel","floor":13},{"not_picked":["Sword Boomerang","Pommel Strike"],"picked":"Offering","floor":14},{"not_picked":["Offering","Juggernaut"],"picked":"Limit Break","floor":16},{"not_picked":["Battle Trance","Rage"],"picked":"True Grit","floor":18},{"not_picked":["Pommel Strike","Blood for Blood","Searing Blow"],"picked":"SKIP","floor":20},{"not_picked":["Entrench","Infernal Blade"],"picked":"Shrug It Off+1","floor":21},{"not_picked":["Anger","Whirlwind"],"picked":"Sentinel","floor":22},{"not_picked":["Iron Wave","Pommel Strike","Havoc"],"picked":"SKIP","floor":25},{"not_picked":["Cleave","Iron Wave","Hemokinesis"],"picked":"SKIP","floor":29},{"not_picked":["Battle Trance+1","Anger"],"picked":"Feel No Pain","floor":30},{"not_picked":["Double Tap+1","Bludgeon"],"picked":"Demon Form","floor":33},{"not_picked":["Shrug It Off+1","Twin Strike"],"picked":"True Grit+1","floor":35},{"not_picked":["Shrug It Off+1","Rupture"],"picked":"Feel No Pain","floor":38},{"not_picked":["Perfected Strike","Uppercut+1"],"picked":"Shrug It Off+1","floor":39},{"not_picked":["Blood for Blood","Twin Strike"],"picked":"True Grit+1","floor":40},{"not_picked":["Headbutt+1","Spot Weakness+1"],"picked":"Shrug It Off+1","floor":41},{"not_picked":["Clash","Brutality"],"picked":"Flame Barrier+1","floor":46}],"player_experience":614280,"potions_floor_usage":[25,33,41],"damage_taken":[{"damage":0,"enemies":"Small Slimes","floor":1,"turns":4},{"damage":6,"enemies":"Cultist","floor":3,"turns":3},{"damage":5,"enemies":"Jaw Worm","floor":5,"turns":5},{"damage":20,"enemies":"Lagavulin","floor":7,"turns":5},{"damage":6,"enemies":"3 Louse","floor":10,"turns":3},{"damage":10,"enemies":"Gremlin Gang","floor":12,"turns":5},{"damage":8,"enemies":"Blue Slaver","floor":13,"turns":3},{"damage":8,"enemies":"Large Slime","floor":14,"turns":4},{"damage":0,"enemies":"Slime Boss","floor":16,"turns":7},{"damage":4,"enemies":"Shell Parasite","floor":18,"turns":2},{"damage":5,"enemies":"2 Thieves","floor":20,"turns":4},{"damage":8,"enemies":"Masked Bandits","floor":21,"turns":3},{"damage":7,"enemies":"Sentry and Sphere","floor":22,"turns":3},{"damage":10,"enemies":"Cultist and Chosen","floor":25,"turns":3},{"damage":24,"enemies":"Centurion and Healer","floor":29,"turns":5},{"damage":11,"enemies":"3 Cultists","floor":30,"turns":4},{"damage":47,"enemies":"Collector","floor":33,"turns":7},{"damage":2,"enemies":"3 Shapes","floor":35,"turns":7},{"damage":11,"enemies":"3 Darklings","floor":38,"turns":4},{"damage":31,"enemies":"Mysterious Sphere","floor":39,"turns":7},{"damage":8,"enemies":"Sphere and 2 Shapes","floor":40,"turns":3},{"damage":3,"enemies":"Flame Bruiser 2 Orb","floor":41,"turns":7},{"damage":4,"enemies":"Giant Head","floor":46,"turns":7},{"damage":66,"enemies":"Transient","floor":47,"turns":5}],"relics_obtained":[{"floor":7,"key":"Blue Candle"},{"floor":9,"key":"Self Forming Clay"},{"floor":21,"key":"Red Mask"},{"floor":26,"key":"Toxic Egg 2"},{"floor":31,"key":"Bag of Preparation"},{"floor":39,"key":"Peace Pipe"},{"floor":43,"key":"Art of War"},{"floor":46,"key":"Orichalcum"}],"event_choices":[{"event_name":"Upgrade Shrine","player_choice":"Upgraded","floor":2,"damage_taken":0},{"event_name":"Liars Game","player_choice":"disagreed","floor":4,"damage_taken":0},{"event_name":"Beggar","player_choice":"Gave Gold","floor":19,"damage_taken":0},{"event_name":"Masked Bandits","player_choice":"Fought over 97 gold","floor":21,"damage_taken":0},{"event_name":"Back to Basics","player_choice":"Elegance","floor":28,"damage_taken":0},{"event_name":"Winding Halls","player_choice":"Embrace Madness","floor":36,"damage_taken":0},{"event_name":"Mysterious Sphere","player_choice":"Fight","floor":39,"damage_taken":0}],"boss_relics":[{"not_picked":["Velvet Choker","Calling Bell"],"picked":"Cursed Key"},{"not_picked":["Orrery","Runic Pyramid"],"picked":"Sozu"}],"items_purged_floors":[11,24],"potions_floor_spawned":[5,10,12,18,20,30,35,46],"seed_played":"-4744692970584187782","killed_by":"Transient","ascension_level":13,"potions_obtained":[{"floor":5,"key":"BloodPotion"},{"floor":10,"key":"Dexterity Potion"},{"floor":12,"key":"Regen Potion"},{"floor":20,"key":"Ancient Potion"},{"floor":30,"key":"BloodPotion"}],"is_trial":false}