{"path_per_floor":["M","?","$","T","M","E","R","?","T","R","?","M","?","M","R"],"character_chosen":"IRONCLAD","items_purchased":["Metallicize"],"gold_per_floor":[110,188,42,42,61,92,92,152,177,177,177,189,264,279,279,279],"floor_reached":16,"campfire_rested":0,"playtime":670,"item_purchase_floors":[3],"current_hp_per_floor":[69,69,69,69,72,56,56,35,35,35,35,41,30,36,36,0],"items_purged":["Strike_R"],"gold":279,"score":152,"play_id":"c544fb1a-8563-444e-bad7-715649e03854","local_time":"20180523123506","is_prod":false,"is_daily":false,"chose_seed":false,"is_ascension_mode":true,"campfire_upgraded":3,"win_rate":0.35416666,"timestamp":1527075306,"campfire_choices":[{"data":"Uppercut","floor":7,"key":"SMITH"},{"data":"Metallicize","floor":10,"key":"SMITH"},{"data":"Clothesline","floor":15,"key":"SMITH"}],"path_taken":["M","?","$","?","M","E","R","?","T","R","?","M","?","M","R","BOSS"],"build_version":"2018-05-22","seed_source_timestamp":167377495956691,"purchased_purges":1,"victory":false,"master_deck":["Strike_R","Strike_R","Strike_R","Defend_R","Defend_R","Defend_R","Defend_R","Bash","AscendersBane","Clothesline+1","Metallicize+1","Ghostly Armor","Uppercut+1","Seeing Red","Disarm","Reckless Charge"],"max_hp_per_floor":[72,72,72,72,72,72,72,72,72,72,72,72,72,72,72,72],"relics":["Burning Blood","Gambling Chip","Juzu Bracelet","Bag of Preparation","Pen Nib","Happy Flower"],"card_choices":[{"not_picked":["Twin Strike","Cleave"],"picked":"Clothesline","floor":1},{"not_picked":["Flex","Second Wind"],"picked":"Ghostly Armor","floor":5},{"not_picked":["Havoc","Carnage"],"picked":"Uppercut","floor":6},{"not_picked":["Infernal Blade","Warcry"],"picked":"Seeing Red","floor":8},{"not_picked":["Cleave","Heavy Blade"],"picked":"Disarm","floor":12},{"not_picked":["Clash","Second Wind"],"picked":"Reckless Charge","floor":14}],"player_experience":602929,"potions_floor_usage":[8,16,16,16],"damage_taken":[{"damage":9,"enemies":"2 Louse","floor":1,"turns":4},{"damage":0,"enemies":"Small Slimes","floor":5,"turns":3},{"damage":22,"enemies":"Lagavulin","floor":6,"turns":13},{"damage":27,"enemies":"Lagavulin Event","floor":8,"turns":6},{"damage":0,"enemies":"Cultist","floor":12,"turns":3},{"damage":0,"enemies":"Large Slime","floor":14,"turns":7},{"damage":37,"enemies":"Slime Boss","floor":16,"turns":10}],"relics_obtained":[{"floor":4,"key":"Juzu Bracelet"},{"floor":6,"key":"Bag of Preparation"},{"floor":8,"key":"Pen Nib"},{"floor":9,"key":"Happy Flower"}],"event_choices":[{"event_name":"Golden Wing","player_choice":"Gained Gold","floor":2,"damage_taken":0},{"event_name":"Dead Adventurer","player_choice":"Searched \u00271\u0027 times","floor":8,"damage_taken":0},{"event_name":"Living Wall","player_choice":"Forget","floor":11,"damage_taken":0},{"event_name":"World of Goop","player_choice":"Gather Gold","floor":13,"damage_taken":0}],"boss_relics":[],"items_purged_floors":[3],"potions_floor_spawned":[5,8,12,14],"seed_played":"-1987924383963071321","killed_by":"Slime Boss","ascension_level":11,"potions_obtained":[{"floor":5,"key":"Fire Potion"},{"floor":8,"key":"GamblersBrew"},{"floor":12,"key":"SkillPotion"},{"floor":14,"key":"SkillPotion"}],"is_trial":false}