{"gold_per_floor":[116,127,127,127,137,165,165,165,165,165,180,195,195,230,230,326,326,344,364,324,335,41,68,68,68,68,83,83,83,95,58,58,159,159,175,193,101,120,120,120,146,164,164,174,174,174,186,214,214,214,214,214,75,107,107],"floor_reached":56,"playtime":4100,"items_purged":[],"score":1187,"play_id":"e9899ec6-b5ee-493c-9697-125f1f01f3c0","local_time":"20190630035120","is_ascension_mode":false,"campfire_choices":[{"data":"Chill","floor":8,"key":"SMITH"},{"floor":15,"key":"REST"},{"data":"Self Repair","floor":25,"key":"SMITH"},{"floor":28,"key":"RECALL"},{"data":"Coolheaded","floor":32,"key":"SMITH"},{"data":"Reinforced Body","floor":40,"key":"SMITH"},{"floor":49,"key":"REST"},{"data":"Glacier","floor":52,"key":"SMITH"}],"neow_cost":"TEN_PERCENT_HP_LOSS","seed_source_timestamp":320768373528900,"circlet_count":0,"master_deck":["Strike_B","Strike_B","Defend_B","Zap","Dualcast","Leap","Self Repair+1","Sunder+1","Chill+1","Reinforced Body+1","Echo Form+1","Core Surge","Conserve Battery","Chill","Mayhem+1","Go for the Eyes+1","Ball Lightning","BootSequence","Core Surge","Coolheaded+1","Glacier+1","Machine Learning+1","Capacitor+1","Glacier+1","Panache+1","Loop+1","Hologram","Defragment+1","Capacitor+1","Conserve Battery+1","Madness","Madness","Creative AI+1","White Noise+1"],"relics":["Cracked Core","Letter Opener","Frozen Egg 2","Bottled Tornado","Meat on the Bone","Philosopher\u0027s Stone","Membership Card","Dodecahedron","Bag of Preparation","Ornamental Fan","Lizard Tail","Omamori","Boot","Sundial","OrangePellets","Centennial Puzzle"],"potions_floor_usage":[18,33,33,55],"damage_taken":[{"damage":3,"enemies":"Small Slimes","floor":1,"turns":3},{"damage":2,"enemies":"Jaw Worm","floor":2,"turns":4},{"damage":1,"enemies":"2 Louse","floor":5,"turns":4},{"damage":53,"enemies":"Lagavulin","floor":6,"turns":9},{"damage":5,"enemies":"Gremlin Gang","floor":11,"turns":5},{"damage":0,"enemies":"Exordium Thugs","floor":12,"turns":5},{"damage":18,"enemies":"3 Sentries","floor":14,"turns":8},{"damage":29,"enemies":"Hexaghost","floor":16,"turns":10},{"damage":4,"enemies":"3 Byrds","floor":18,"turns":4},{"damage":9,"enemies":"Chosen","floor":19,"turns":4},{"damage":9,"enemies":"Centurion and Healer","floor":21,"turns":8},{"damage":41,"enemies":"Book of Stabbing","floor":23,"turns":9},{"damage":9,"enemies":"Chosen and Byrds","floor":27,"turns":7},{"damage":6,"enemies":"Cultist and Chosen","floor":30,"turns":7},{"damage":30,"enemies":"Automaton","floor":33,"turns":13},{"damage":17,"enemies":"3 Shapes","floor":35,"turns":4},{"damage":11,"enemies":"3 Darklings","floor":36,"turns":7},{"damage":5,"enemies":"Maw","floor":38,"turns":7},{"damage":2,"enemies":"Giant Head","floor":41,"turns":10},{"damage":0,"enemies":"Sphere and 2 Shapes","floor":42,"turns":5},{"damage":17,"enemies":"3 Darklings","floor":44,"turns":5},{"damage":18,"enemies":"Jaw Worm Horde","floor":47,"turns":7},{"damage":38,"enemies":"Nemesis","floor":48,"turns":7},{"damage":36,"enemies":"Awakened One","floor":50,"turns":13},{"damage":36,"enemies":"Shield and Spear","floor":54,"turns":8},{"damage":78,"enemies":"The Heart","floor":55,"turns":13}],"seed_played":"-1912795728380634398","potions_obtained":[{"floor":5,"key":"PowerPotion"},{"floor":11,"key":"Fire Potion"},{"floor":12,"key":"PowerPotion"},{"floor":19,"key":"SpeedPotion"},{"floor":27,"key":"SpeedPotion"},{"floor":33,"key":"EssenceOfSteel"},{"floor":38,"key":"AttackPotion"},{"floor":41,"key":"Strength Potion"},{"floor":44,"key":"SmokeBomb"},{"floor":46,"key":"FairyPotion"}],"is_trial":false,"path_per_floor":["M","M","?","?","M","E","T","R","T","?","M","M","$","E","R","B",null,"M","M","?","M","$","E","?","R","T","M","R","?","M","$","R","B",null,"M","M","$","M","?","R","E","M","T","M","?","?","M","E","R","B",null,"R","$","E","B",null],"character_chosen":"DEFECT","items_purchased":["Membership Card","Mayhem+1","Glacier","Panache+1","OrangePellets","Ancient Potion"],"campfire_rested":2,"item_purchase_floors":[22,22,31,37,53,53],"current_hp_per_floor":[65,63,68,61,67,21,21,21,21,21,23,30,30,19,40,30,73,73,71,71,69,69,47,47,47,47,48,48,48,52,52,52,44,73,66,73,73,73,73,73,73,73,73,66,57,57,49,33,54,40,73,73,73,47,53],"gold":107,"neow_bonus":"REMOVE_TWO","is_prod":false,"is_daily":false,"chose_seed":false,"campfire_upgraded":5,"win_rate":0,"timestamp":1561834280,"path_taken":["M","M","?","?","M","E","?","R","T","?","?","M","$","E","R","BOSS","M","M","?","?","$","E","?","R","T","?","R","?","M","$","R","BOSS","M","M","$","M","?","R","E","M","T","?","?","?","?","E","R","BOSS","R","$","E","BOSS"],"build_version":"2019-01-23","purchased_purges":0,"victory":true,"max_hp_per_floor":[68,68,73,73,73,73,73,73,73,73,73,73,73,73,73,73,73,73,73,73,73,73,73,73,73,73,73,73,73,73,73,73,73,73,73,73,73,73,73,73,73,73,73,73,73,73,73,73,73,73,73,73,73,73,73],"card_choices":[{"not_picked":["Steam","Recycle"],"picked":"Leap","floor":1},{"not_picked":["Coolheaded","Barrage"],"picked":"Self Repair","floor":2},{"not_picked":["Coolheaded","Hello World"],"picked":"Sunder","floor":5},{"not_picked":["Consume","Ball Lightning"],"picked":"Chill","floor":6},{"not_picked":["Coolheaded","Hologram"],"picked":"Reinforced Body","floor":11},{"not_picked":["Streamline","Melter"],"picked":"Echo Form+1","floor":12},{"not_picked":["Darkness","Genetic Algorithm","Steam"],"picked":"SKIP","floor":14},{"not_picked":["All For One","Multi-Cast"],"picked":"Core Surge","floor":16},{"not_picked":["Redo+1","Turbo","Streamline+1"],"picked":"SKIP","floor":18},{"not_picked":["Leap","Sweeping Beam"],"picked":"Conserve Battery","floor":19},{"not_picked":["Tempest","Compile Driver"],"picked":"Chill","floor":21},{"not_picked":["Rip and Tear+1","Skim"],"picked":"Go for the Eyes+1","floor":23},{"not_picked":["Conserve Battery","Double Energy"],"picked":"Ball Lightning","floor":27},{"not_picked":["Self Repair+1","Go for the Eyes"],"picked":"Coolheaded","floor":30},{"not_picked":["Reboot","Core Surge"],"picked":"Machine Learning+1","floor":33},{"not_picked":["Melter","Compile Driver"],"picked":"Capacitor+1","floor":35},{"not_picked":["Ball Lightning+1","FTL"],"picked":"Glacier+1","floor":36},{"not_picked":["Conserve Battery+1","Hologram"],"picked":"Loop+1","floor":38},{"not_picked":["Static Discharge+1","Fusion+1"],"picked":"Defragment+1","floor":41},{"not_picked":["Barrage+1","Chaos"],"picked":"Capacitor+1","floor":42},{"not_picked":["Chaos+1","Gash"],"picked":"Conserve Battery+1","floor":44},{"not_picked":["Go for the Eyes","Gash","Hologram"],"picked":"SKIP","floor":47},{"not_picked":["Rebound+1","Coolheaded"],"picked":"Creative AI+1","floor":48},{"not_picked":["Undo+1","Chaos"],"picked":"White Noise+1","floor":54}],"player_experience":71400,"relics_obtained":[{"floor":6,"key":"Frozen Egg 2"},{"floor":9,"key":"Bottled Tornado"},{"floor":14,"key":"Meat on the Bone"},{"floor":23,"key":"Dodecahedron"},{"floor":26,"key":"Ornamental Fan"},{"floor":41,"key":"Omamori"},{"floor":43,"key":"Boot"},{"floor":48,"key":"Sundial"},{"floor":54,"key":"Centennial Puzzle"}],"event_choices":[{"damage_healed":0,"gold_gain":0,"player_choice":"Donut","damage_taken":0,"max_hp_gain":5,"max_hp_loss":0,"event_name":"Big Fish","floor":3,"gold_loss":0},{"damage_healed":0,"gold_gain":0,"player_choice":"Success","damage_taken":7,"relics_obtained":["Letter Opener"],"max_hp_gain":0,"max_hp_loss":0,"event_name":"Scrap Ooze","floor":4,"gold_loss":0},{"damage_healed":0,"gold_gain":0,"player_choice":"Bought 0 Potions","damage_taken":0,"max_hp_gain":0,"max_hp_loss":0,"event_name":"The Woman in Blue","floor":10,"gold_loss":0},{"damage_healed":0,"gold_gain":0,"player_choice":"Upgrade","damage_taken":0,"max_hp_gain":0,"max_hp_loss":0,"event_name":"Designer","floor":20,"gold_loss":40,"cards_upgraded":["Sunder"]},{"damage_healed":0,"gold_gain":0,"player_choice":"Gave Potion","damage_taken":0,"relics_obtained":["Bag of Preparation"],"max_hp_gain":0,"max_hp_loss":0,"event_name":"WeMeetAgain","floor":24,"gold_loss":0},{"damage_healed":0,"gold_gain":0,"cards_transformed":["Strike_B","Defend_B"],"player_choice":"Became Test Subject","damage_taken":0,"max_hp_gain":0,"max_hp_loss":0,"event_name":"Drug Dealer","floor":29,"gold_loss":0,"cards_obtained":["BootSequence","Core Surge"]},{"damage_healed":0,"gold_gain":0,"cards_transformed":["Defend_B"],"player_choice":"Transformed","damage_taken":0,"max_hp_gain":0,"max_hp_loss":0,"event_name":"Transmorgrifier","floor":39,"gold_loss":0,"cards_obtained":["Hologram"]},{"damage_healed":0,"gold_gain":0,"player_choice":"Embrace Madness","damage_taken":9,"max_hp_gain":0,"max_hp_loss":0,"event_name":"Winding Halls","floor":45,"gold_loss":0,"cards_obtained":["Madness","Madness"]},{"damage_healed":0,"gold_gain":0,"player_choice":"Got Potions","damage_taken":0,"max_hp_gain":0,"max_hp_loss":0,"event_name":"Lab","floor":46,"gold_loss":0}],"is_beta":false,"boss_relics":[{"not_picked":["Ectoplasm","Runic Dome"],"picked":"Philosopher\u0027s Stone"},{"not_picked":["Coffee Dripper","Eternal Feather"],"picked":"Lizard Tail"}],"items_purged_floors":[],"is_endless":false,"potions_floor_spawned":[5,11,12,16,19,27,33,38,41,44,48],"ascension_level":0}