{"gold_per_floor":[114,126,126,145,110,110,137,26,26,56,70,103,278,294,294,398,398,398,4,4,4,4,4,4,4,4,4,4,4,4,4,4,4,4,4,4,4,4,4,4,4,4,4,4,4,4,4,4,4,4],"floor_reached":51,"playtime":4524,"items_purged":["Strike_B","Strike_B"],"score":1128,"play_id":"2f021f6b-c399-467d-b60f-509acc755b85","local_time":"20190815181031","is_ascension_mode":true,"campfire_choices":[{"data":"Zap","floor":6.0,"key":"SMITH"},{"data":"Capacitor","floor":15.0,"key":"SMITH"},{"data":"Fission","floor":24,"key":"SMITH"},{"floor":25,"key":"REST"},{"data":"Defragment","floor":28,"key":"SMITH"},{"data":"Undo","floor":32,"key":"SMITH"},{"floor":40,"key":"REST"},{"floor":49,"key":"REST"}],"neow_cost":"NONE","seed_source_timestamp":171160576480641,"circlet_count":0,"master_deck":["AscendersBane","Strike_B","Strike_B","Defend_B","Defend_B","Defend_B","Defend_B","Zap+1","Dualcast","Barrage","Echo Form","Coolheaded","Self Repair","Sunder","Undo+1","Compile Driver","Capacitor+1","Doubt","Fission+1","Defragment+1","Glacier","Static Discharge","RitualDagger","Blizzard","Conserve Battery","Tempest","Storm","Machine Learning","Heatsinks+1","Loop+1","Machine Learning","Purity","PanicButton","Madness","Madness"],"special_seed":0,"relics":["Cracked Core","PreservedInsect","Dead Branch","Dodecahedron","WingedGreaves","Anchor","Ectoplasm","Bag of Preparation","Tiny Chest","Matryoshka","Letter Opener","Bottled Lightning","FossilizedHelix","Cursed Key","Incense Burner","Bag of Marbles"],"potions_floor_usage":[22,22,37,37,39,41],"damage_taken":[{"damage":2.0,"enemies":"Jaw Worm","floor":1.0,"turns":5.0},{"damage":2.0,"enemies":"2 Louse","floor":2.0,"turns":2.0},{"damage":8.0,"enemies":"Small Slimes","floor":4.0,"turns":3.0},{"damage":0.0,"enemies":"Lagavulin","floor":7.0,"turns":4.0},{"damage":13.0,"enemies":"3 Sentries","floor":10.0,"turns":4.0},{"damage":12.0,"enemies":"Exordium Wildlife","floor":11.0,"turns":5.0},{"damage":11.0,"enemies":"Lagavulin","floor":12.0,"turns":7.0},{"damage":0.0,"enemies":"3 Louse","floor":14.0,"turns":3.0},{"damage":33.0,"enemies":"Hexaghost","floor":16.0,"turns":11.0},{"damage":0.0,"enemies":"3 Byrds","floor":18.0,"turns":4.0},{"damage":0.0,"enemies":"Spheric Guardian","floor":21.0,"turns":3.0},{"damage":19,"enemies":"Snake Plant","floor":22,"turns":6},{"damage":25,"enemies":"Gremlin Leader","floor":23,"turns":8},{"damage":28,"enemies":"Book of Stabbing","floor":29,"turns":5},{"damage":0,"enemies":"Snecko","floor":31,"turns":6},{"damage":9,"enemies":"Champ","floor":33,"turns":12},{"damage":0,"enemies":"3 Darklings","floor":35,"turns":5},{"damage":0,"enemies":"Orb Walker","floor":36,"turns":3},{"damage":0,"enemies":"Transient","floor":37,"turns":5},{"damage":0,"enemies":"Spire Growth","floor":38,"turns":4},{"damage":16,"enemies":"2 Orb Walkers","floor":39,"turns":4},{"damage":0,"enemies":"Giant Head","floor":41,"turns":6},{"damage":10,"enemies":"Maw","floor":42,"turns":5},{"damage":0,"enemies":"Sphere and 2 Shapes","floor":48,"turns":3},{"damage":49,"enemies":"Time Eater","floor":50,"turns":12}],"seed_played":"2625248480002566926","potions_obtained":[{"floor":0.0,"key":"FearPotion"},{"floor":0.0,"key":"FairyPotion"},{"floor":0.0,"key":"SpeedPotion"},{"floor":4.0,"key":"GamblersBrew"},{"floor":12.0,"key":"Energy Potion"},{"floor":14.0,"key":"Explosive Potion"},{"floor":18.0,"key":"AttackPotion"},{"floor":21.0,"key":"Strength Potion"},{"floor":31,"key":"Fire Potion"},{"floor":33,"key":"Block Potion"},{"floor":37,"key":"Swift Potion"},{"floor":42,"key":"Explosive Potion"}],"is_trial":false,"path_per_floor":["M","M","?","M","?","R","E","$","T","E","M","E","?","M","R","B",null,"M","$","?","M","M","E","R","R","T","T","R","E","$","M","R","B",null,"M","M","M","M","?","R","E","M","T","?","?","$","T","M","R","B",null],"character_chosen":"DEFECT","items_purchased":["Sunder","Bag of Preparation","Glacier","Static Discharge"],"campfire_rested":3,"item_purchase_floors":[8,19,19,19],"current_hp_per_floor":[66,64,52,44,62,62,62,62,62,63,65,61,61,68,68,42,67,67,67,61,68,56,38,38,60,60,60,60,39,39,46,46,44,67,74,75,75,75,66,75,75,72,72,67,58,58,58,65,75,33],"gold":4,"neow_bonus":"THREE_SMALL_POTIONS","is_prod":false,"is_daily":false,"chose_seed":false,"campfire_upgraded":5,"win_rate":0,"timestamp":1565917831,"path_taken":["M","M","?","M","?","R","E","$","T","E","M","E","?","M","R","BOSS","M","$","?","M","M","E","R","R","T","?","R","E","?","M","R","BOSS","M","M","M","M","?","R","E","M","T","?","?","$","?","M","R","BOSS"],"build_version":"2019-07-17","purchased_purges":2,"victory":true,"max_hp_per_floor":[75,75,75,75,75,75,75,75,75,75,75,75,75,75,75,75,75,75,75,75,75,75,75,75,75,75,75,75,75,75,75,75,75,75,75,75,75,75,75,75,75,75,75,75,75,75,75,75,75,75],"card_choices":[{"not_picked":["Leap","Coolheaded"],"picked":"Barrage","floor":1.0},{"not_picked":["Sweeping Beam","Coolheaded"],"picked":"Echo Form","floor":2.0},{"not_picked":["Streamline","Sweeping Beam"],"picked":"Coolheaded","floor":4.0},{"not_picked":["Storm","Reinforced Body"],"picked":"Self Repair","floor":7.0},{"not_picked":["FTL","Gash"],"picked":"Undo","floor":10.0},{"not_picked":["Aggregate","Melter"],"picked":"Compile Driver","floor":11.0},{"not_picked":["Ball Lightning","FTL"],"picked":"Capacitor","floor":12.0},{"not_picked":["FTL","Beam Cell","Go for the Eyes"],"picked":"SKIP","floor":14.0},{"not_picked":["Buffer","Machine Learning"],"picked":"Fission","floor":16.0},{"not_picked":["Sweeping Beam","Tempest"],"picked":"Defragment","floor":18.0},{"not_picked":["Genetic Algorithm","Glacier"],"picked":"Blizzard","floor":21.0},{"not_picked":["Steam","Static Discharge"],"picked":"Conserve Battery","floor":22},{"not_picked":["Rebound+1","Hologram"],"picked":"Tempest","floor":23},{"not_picked":["Cold Snap","Gash","Static Discharge"],"picked":"SKIP","floor":29},{"not_picked":["Stack","Go for the Eyes+1"],"picked":"Storm","floor":31},{"not_picked":["All For One","Electrodynamics"],"picked":"Machine Learning","floor":33},{"not_picked":["Turbo","Redo"],"picked":"Heatsinks+1","floor":35},{"not_picked":["Beam Cell+1","Go for the Eyes","Steam"],"picked":"SKIP","floor":36},{"not_picked":["Streamline+1","Reprogram","Compile Driver"],"picked":"SKIP","floor":37},{"not_picked":["Static Discharge","Glacier"],"picked":"Loop+1","floor":38},{"not_picked":["Stack","Rebound+1","Leap+1"],"picked":"SKIP","floor":41},{"not_picked":["Streamline+1","Barrage"],"picked":"Machine Learning","floor":42},{"not_picked":["Enlightenment","Flash of Steel"],"picked":"Purity","floor":44},{"not_picked":["Deep Breath","Mind Blast"],"picked":"PanicButton","floor":44},{"not_picked":["Stack","Streamline+1","Gash+1"],"picked":"SKIP","floor":48}],"player_experience":612559,"relics_obtained":[{"floor":7.0,"key":"Dead Branch"},{"floor":9.0,"key":"Dodecahedron"},{"floor":10.0,"key":"WingedGreaves"},{"floor":12.0,"key":"Anchor"},{"floor":23,"key":"Tiny Chest"},{"floor":26,"key":"Matryoshka"},{"floor":27,"key":"Letter Opener"},{"floor":27,"key":"Bottled Lightning"},{"floor":29,"key":"FossilizedHelix"},{"floor":39,"key":"Incense Burner"},{"floor":41,"key":"Bag of Marbles"}],"event_choices":[{"damage_healed":0.0,"max_hp_gain":0.0,"max_hp_loss":0.0,"gold_gain":0.0,"event_name":"Scrap Ooze","player_choice":"Success","floor":3.0,"gold_loss":0.0,"damage_taken":12.0,"relics_obtained":["PreservedInsect"]},{"damage_healed":18.0,"max_hp_gain":0.0,"max_hp_loss":0.0,"gold_gain":0.0,"event_name":"The Cleric","player_choice":"Healed","floor":5.0,"gold_loss":35.0,"damage_taken":0.0},{"damage_healed":0.0,"max_hp_gain":0.0,"max_hp_loss":0.0,"gold_gain":175.0,"event_name":"Liars Game","player_choice":"AGREE","floor":13.0,"gold_loss":0.0,"damage_taken":0.0,"cards_obtained":["Doubt"]},{"damage_healed":0.0,"max_hp_gain":0.0,"max_hp_loss":0.0,"gold_gain":0.0,"event_name":"Nest","player_choice":"Joined the Cult","floor":20.0,"gold_loss":0.0,"damage_taken":6.0,"cards_obtained":["RitualDagger"]},{"damage_healed":0,"gold_gain":0,"player_choice":"Fight","damage_taken":0,"max_hp_gain":0,"max_hp_loss":0,"event_name":"Mysterious Sphere","floor":39,"gold_loss":0},{"damage_healed":0,"gold_gain":0,"player_choice":"Memory 2","damage_taken":5,"max_hp_gain":0,"max_hp_loss":0,"event_name":"SensoryStone","floor":44,"gold_loss":0},{"damage_healed":0,"gold_gain":0,"player_choice":"Embrace Madness","damage_taken":9,"max_hp_gain":0,"max_hp_loss":0,"event_name":"Winding Halls","floor":45,"gold_loss":0,"cards_obtained":["Madness","Madness"]}],"is_beta":false,"boss_relics":[{"not_picked":["Eternal Feather","Inserter"],"picked":"Ectoplasm"},{"not_picked":["Orrery","Runic Pyramid"],"picked":"Cursed Key"}],"items_purged_floors":[8,19],"is_endless":false,"potions_floor_spawned":[4,12,14,18,21,31,33,37,42],"ascension_level":10}