{"gold_per_floor":[16,36,36,54,54,54,86,11,11,21,35,35,35,47,47,47],"floor_reached":16,"playtime":522,"items_purged":["Strike_B"],"score":204,"play_id":"0fbc110e-17c4-49dc-946f-d09ca8df569a","local_time":"20181026041207","is_ascension_mode":true,"campfire_choices":[{"data":"Beam Cell","floor":6,"key":"SMITH"},{"data":"Defragment","floor":12,"key":"SMITH"},{"data":"Zap","floor":15,"key":"SMITH"}],"neow_cost":"NO_GOLD","seed_source_timestamp":1314341583065671,"circlet_count":0,"master_deck":["Strike_B","Defend_B","Defend_B+1","Defend_B+1","Defend_B","Zap+1","Dualcast","AscendersBane","Beam Cell+1","Cold Snap","Defragment+1","Gash","Go for the Eyes","Darkness","Gash","Core Surge"],"relics":["Cracked Core","Torii","Ornamental Fan"],"potions_floor_usage":[16,16,16,16],"damage_taken":[{"damage":7,"enemies":"Jaw Worm","floor":1,"turns":4},{"damage":2,"enemies":"Small Slimes","floor":2,"turns":3},{"damage":0,"enemies":"2 Louse","floor":4,"turns":3},{"damage":8,"enemies":"Lagavulin","floor":7,"turns":6},{"damage":2,"enemies":"Large Slime","floor":10,"turns":6},{"damage":8,"enemies":"Looter","floor":11,"turns":3},{"damage":1,"enemies":"Blue Slaver","floor":14,"turns":3},{"damage":12,"enemies":"Hexaghost","floor":16,"turns":9}],"seed_played":"-3869411305723014061","potions_obtained":[{"floor":1,"key":"Dexterity Potion"},{"floor":2,"key":"EntropicBrew"}],"is_trial":false,"path_per_floor":["M","M","?","M","?","R","E","$","T","M","M","R","?","M","R"],"character_chosen":"DEFECT","items_purchased":[],"campfire_rested":0,"item_purchase_floors":[],"current_hp_per_floor":[57,55,60,60,37,37,29,29,29,27,19,19,12,11,11,0],"gold":47,"neow_bonus":"TRANSFORM_TWO_CARDS","is_prod":false,"is_daily":false,"chose_seed":false,"campfire_upgraded":3,"win_rate":0,"timestamp":1540523527,"path_taken":["M","M","?","M","?","R","E","$","T","?","M","R","?","?","R","BOSS"],"build_version":"2018-10-25v2","purchased_purges":1,"victory":false,"max_hp_per_floor":[71,71,76,76,76,76,76,76,76,76,76,76,76,76,76,76],"card_choices":[{"not_picked":["Melter","Turbo"],"picked":"Cold Snap","floor":1},{"not_picked":["Conserve Battery","Go for the Eyes"],"picked":"Defragment","floor":2},{"not_picked":["Heatsinks","Coolheaded"],"picked":"Gash","floor":4},{"not_picked":["Sunder","Creative AI"],"picked":"Go for the Eyes","floor":7},{"not_picked":["Steam Power","Heatsinks"],"picked":"Darkness","floor":10},{"not_picked":["Stack","Rebound"],"picked":"Gash","floor":11},{"not_picked":["Scrape","Gash"],"picked":"Core Surge","floor":14}],"player_experience":1533686,"relics_obtained":[{"floor":7,"key":"Torii"},{"floor":9,"key":"Ornamental Fan"}],"event_choices":[{"damage_healed":0,"gold_gain":0,"player_choice":"Donut","damage_taken":0,"max_hp_gain":5,"max_hp_loss":0,"event_name":"Big Fish","floor":3,"gold_loss":0},{"damage_healed":0,"gold_gain":0,"player_choice":"Entered Light","damage_taken":23,"max_hp_gain":0,"max_hp_loss":0,"event_name":"Shining Light","floor":5,"gold_loss":0,"cards_upgraded":["Defend_B","Defend_B"]},{"cards_removed":["Storm"],"damage_healed":0,"gold_gain":0,"player_choice":"Card Removal","damage_taken":7,"max_hp_gain":0,"max_hp_loss":0,"event_name":"Golden Wing","floor":13,"gold_loss":0}],"is_beta":true,"boss_relics":[],"items_purged_floors":[8],"is_endless":false,"potions_floor_spawned":[1,2,10],"killed_by":"Hexaghost","ascension_level":20}