{"gold_per_floor":[109,109,121,121,196,196,227,246,246,305,305,305,79,99,99,99],"floor_reached":16,"playtime":461,"items_purged":[],"score":162,"play_id":"351d5142-13e8-4dfb-a8b8-4fc4ada9f5e1","local_time":"20190823072930","is_ascension_mode":true,"campfire_choices":[{"data":"Bash","floor":6,"key":"SMITH"},{"floor":11,"key":"REST"},{"data":"Bludgeon","floor":15,"key":"SMITH"}],"neow_cost":"NONE","seed_source_timestamp":96662445751600,"circlet_count":0,"master_deck":["AscendersBane","Strike_R","Strike_R","Strike_R","Strike_R","Defend_R","Defend_R","Defend_R","Defend_R","Bash+1","Shrug It Off","Flame Barrier+1","Battle Trance+1","Bludgeon+1","Flex"],"relics":["Burning Blood","Bag of Preparation","Peace Pipe","Pear","Bronze Scales","PreservedInsect"],"potions_floor_usage":[7,10,16],"damage_taken":[{"damage":2,"enemies":"Jaw Worm","floor":1,"turns":3},{"damage":6,"enemies":"2 Louse","floor":3,"turns":3},{"damage":48,"enemies":"Lagavulin","floor":7,"turns":6},{"damage":0,"enemies":"Small Slimes","floor":8,"turns":5},{"damage":26,"enemies":"Gremlin Nob","floor":10,"turns":5},{"damage":0,"enemies":"2 Fungi Beasts","floor":14,"turns":2},{"damage":36,"enemies":"Hexaghost","floor":16,"turns":8}],"seed_played":"-351645226438771178","potions_obtained":[{"floor":1,"key":"SpeedPotion"},{"floor":8,"key":"Ancient Potion"},{"floor":14,"key":"Fire Potion"}],"is_trial":false,"path_per_floor":["M","?","M","?","?","R","E","M","T","?","R","?","$","M","R","B"],"character_chosen":"IRONCLAD","items_purchased":["Bludgeon","PreservedInsect"],"campfire_rested":1,"item_purchase_floors":[13,13],"current_hp_per_floor":[76,76,76,76,65,65,23,29,39,19,46,28,28,34,34,0],"gold":99,"neow_bonus":"RANDOM_COMMON_RELIC","is_prod":false,"is_daily":false,"chose_seed":false,"campfire_upgraded":2,"win_rate":0,"timestamp":1566512970,"path_taken":["M","?","M","?","?","R","E","M","T","?","R","?","$","M","R","BOSS"],"build_version":"2019-07-17","purchased_purges":0,"victory":false,"max_hp_per_floor":[80,80,80,80,80,80,80,80,90,90,90,90,90,90,90,90],"card_choices":[{"not_picked":["True Grit","Thunderclap","Perfected Strike"],"picked":"SKIP","floor":1},{"not_picked":["Clash","Sword Boomerang"],"picked":"Shrug It Off","floor":3},{"not_picked":["Seeing Red","Cleave"],"picked":"Flame Barrier","floor":7},{"not_picked":["Clash","Combust","Rupture"],"picked":"SKIP","floor":8},{"not_picked":["Body Slam","Sentinel"],"picked":"Battle Trance","floor":10},{"not_picked":["Cleave","Twin Strike"],"picked":"Flex","floor":14}],"player_experience":183253,"relics_obtained":[{"floor":7,"key":"Peace Pipe"},{"floor":9,"key":"Pear"},{"floor":10,"key":"Bronze Scales"}],"event_choices":[{"cards_removed":["Strike_R"],"damage_healed":0,"gold_gain":0,"player_choice":"Forget","damage_taken":0,"max_hp_gain":0,"max_hp_loss":0,"event_name":"Living Wall","floor":2,"gold_loss":0},{"damage_healed":0,"gold_gain":0,"player_choice":"Ignored","damage_taken":0,"max_hp_gain":0,"max_hp_loss":0,"event_name":"Liars Game","floor":4,"gold_loss":0},{"damage_healed":0,"gold_gain":75,"player_choice":"Gather Gold","damage_taken":11,"max_hp_gain":0,"max_hp_loss":0,"event_name":"World of Goop","floor":5,"gold_loss":0},{"damage_healed":0,"gold_gain":0,"player_choice":"Searched \u00271\u0027 times","damage_taken":0,"max_hp_gain":0,"max_hp_loss":0,"event_name":"Dead Adventurer","floor":10,"gold_loss":0},{"damage_healed":0,"gold_gain":0,"player_choice":"Entered Light","damage_taken":18,"max_hp_gain":0,"max_hp_loss":0,"event_name":"Shining Light","floor":12,"gold_loss":0,"cards_upgraded":["Battle Trance","Flame Barrier"]}],"is_beta":false,"boss_relics":[],"items_purged_floors":[],"is_endless":false,"potions_floor_spawned":[1,8,14],"killed_by":"Hexaghost","ascension_level":13}