{"gold_per_floor":[111,111,127,137,62,88,88,100,100,100,100,126,146,8,8,8],"floor_reached":16,"playtime":675,"items_purged":[],"score":220,"play_id":"23bd8dd1-edff-4db2-aa95-20a25f7b8b66","local_time":"20180909133207","is_ascension_mode":true,"campfire_choices":[{"data":"Bash","floor":7,"key":"SMITH"},{"floor":10,"key":"REST"},{"floor":15,"key":"REST"}],"neow_cost":"NONE","seed_source_timestamp":1955602115551524,"circlet_count":0,"master_deck":["Strike_R","Strike_R","Strike_R","Strike_R","Defend_R","Defend_R","Defend_R","Defend_R","Bash+1","AscendersBane","Fiend Fire","Anger","Armaments","Limit Break","Ghostly Armor","Rupture","Spot Weakness","Disarm"],"relics":["Burning Blood","Bag of Preparation","The Courier","NlothsMask","Magic Flower"],"potions_floor_usage":[12,16],"damage_taken":[{"damage":2,"enemies":"Jaw Worm","floor":1,"turns":3},{"damage":7,"enemies":"Small Slimes","floor":3,"turns":3},{"damage":3,"enemies":"2 Louse","floor":4,"turns":2},{"damage":60,"enemies":"3 Sentries","floor":6,"turns":13},{"damage":8,"enemies":"Blue Slaver","floor":8,"turns":4},{"damage":35,"enemies":"Lagavulin","floor":12,"turns":8},{"damage":3,"enemies":"3 Louse","floor":13,"turns":4},{"damage":43,"enemies":"Slime Boss","floor":16,"turns":8}],"seed_played":"8182862729539910709","potions_obtained":[{"floor":1,"key":"SpeedPotion"},{"floor":3,"key":"SpeedPotion"},{"floor":8,"key":"Weak Potion"},{"floor":13,"key":"Explosive Potion"}],"is_trial":false,"path_per_floor":["M","?","M","M","?","E","R","M","T","R","?","E","M","$","R"],"character_chosen":"IRONCLAD","items_purchased":["Spot Weakness","Disarm"],"campfire_rested":2,"item_purchase_floors":[14,14],"current_hp_per_floor":[72,72,71,74,74,20,20,18,18,40,40,11,17,17,39,0],"gold":8,"neow_bonus":"ONE_RANDOM_RARE_CARD","is_prod":false,"is_daily":false,"chose_seed":false,"campfire_upgraded":1,"win_rate":0,"timestamp":1536496327,"path_taken":["M","?","M","M","?","E","R","M","T","R","?","E","?","$","R","BOSS"],"build_version":"2018-09-06","purchased_purges":0,"victory":false,"max_hp_per_floor":[75,75,75,75,75,75,75,75,75,75,75,75,75,75,75,75],"card_choices":[{"not_picked":["Shockwave","Shrug It Off"],"picked":"Anger","floor":1},{"not_picked":["Intimidate","Sentinel"],"picked":"Armaments","floor":3},{"not_picked":["Havoc","Intimidate","Heavy Blade"],"picked":"SKIP","floor":4},{"not_picked":["True Grit","Thunderclap"],"picked":"Limit Break","floor":6},{"not_picked":["Wild Strike","Anger"],"picked":"Ghostly Armor","floor":8},{"not_picked":["Hemokinesis","Berserk","Sword Boomerang"],"picked":"SKIP","floor":12},{"not_picked":["Reckless Charge","Body Slam"],"picked":"Rupture","floor":13}],"player_experience":1285296,"relics_obtained":[{"floor":6,"key":"Bag of Preparation"},{"floor":9,"key":"The Courier"},{"floor":12,"key":"Magic Flower"}],"event_choices":[{"event_name":"Liars Game","player_choice":"disagreed","floor":2,"damage_taken":0},{"event_name":"The Cleric","player_choice":"Card Removal","floor":5,"damage_taken":0},{"event_name":"FaceTrader","player_choice":"Trade","floor":11,"damage_taken":0}],"is_beta":true,"boss_relics":[],"items_purged_floors":[],"is_endless":false,"potions_floor_spawned":[1,3,8,13],"killed_by":"Slime Boss","ascension_level":20}