{"gold_per_floor":[113,131,143,68,85,103,103,135,135,135,135,135,151,184,184,256,256,275,190,210,237,237,237,249,249,249,280,280,309,17,43,43,122,122,139,47,47,65,65,95,127,157,181,281,187,214,164,184,184,184,184,184,184,8,40,40],"floor_reached":57,"playtime":4692,"items_purged":["Strike_G","Strike_G+1","Strike_G+1","Strike_G+1"],"score":3368,"play_id":"bf0985f2-3231-4c0a-a98e-9f7a351a7624","local_time":"20190228005817","is_ascension_mode":true,"campfire_choices":[{"data":"Deadly Poison","floor":7.0,"key":"SMITH"},{"floor":10.0,"key":"REST"},{"data":"Leg Sweep","floor":15.0,"key":"SMITH"},{"data":"Wraith Form v2","floor":23.0,"key":"SMITH"},{"data":"Caltrops","floor":25.0,"key":"SMITH"},{"floor":32.0,"key":"REST"},{"floor":49.0,"key":"RECALL"},{"data":"Well Laid Plans","floor":53.0,"key":"SMITH"}],"neow_cost":"NONE","seed_source_timestamp":795870935374024,"circlet_count":0,"master_deck":["AscendersBane","Defend_G+1","Defend_G+1","Defend_G+1","Defend_G+1","Defend_G+1","Strike_G+1","Survivor","Neutralize+1","Poisoned Stab+1","Deadly Poison+1","Bane","Leg Sweep+1","Dash+1","PiercingWail","Wraith Form v2+1","Caltrops+1","Backflip","Noxious Fumes","PiercingWail","Night Terror","Blur","Well Laid Plans+1","Backflip+1","Dash+1","Backflip+1","Predator+1","PiercingWail+1","After Image","Burst"],"special_seed":0,"relics":["Ring of the Snake","Paper Crane","Incense Burner","Molten Egg 2","Snecko Eye","StoneCalendar","Red Mask","Happy Flower","Smiling Mask","WingedGreaves","OrangePellets","Dodecahedron","Sozu","Letter Opener","Pantograph","Bag of Marbles","Shovel","Mercury Hourglass","Snake Skull"],"potions_floor_usage":[56],"damage_taken":[{"damage":1.0,"enemies":"Cultist","floor":1.0,"turns":4.0},{"damage":1.0,"enemies":"Small Slimes","floor":2.0,"turns":3.0},{"damage":0.0,"enemies":"Jaw Worm","floor":3.0,"turns":4.0},{"damage":16.0,"enemies":"Large Slime","floor":5.0,"turns":7.0},{"damage":8.0,"enemies":"3 Louse","floor":6.0,"turns":4.0},{"damage":15.0,"enemies":"Lagavulin","floor":8.0,"turns":5.0},{"damage":0.0,"enemies":"Red Slaver","floor":13.0,"turns":4.0},{"damage":12.0,"enemies":"3 Sentries","floor":14.0,"turns":12.0},{"damage":4.0,"enemies":"The Guardian","floor":16.0,"turns":10.0},{"damage":14.0,"enemies":"Chosen","floor":18.0,"turns":6.0},{"damage":0.0,"enemies":"Spheric Guardian","floor":20.0,"turns":6.0},{"damage":11.0,"enemies":"Masked Bandits","floor":21.0,"turns":6.0},{"damage":0.0,"enemies":"Centurion and Healer","floor":24.0,"turns":6.0},{"damage":2.0,"enemies":"Book of Stabbing","floor":27.0,"turns":5.0},{"damage":0.0,"enemies":"Gremlin Leader","floor":29.0,"turns":8.0},{"damage":16.0,"enemies":"Slavers","floor":31.0,"turns":7.0},{"damage":27.0,"enemies":"Automaton","floor":33.0,"turns":10.0},{"damage":22.0,"enemies":"3 Shapes","floor":35.0,"turns":4.0},{"damage":1.0,"enemies":"3 Darklings","floor":38.0,"turns":6.0},{"damage":0.0,"enemies":"Nemesis","floor":40.0,"turns":9.0},{"damage":30.0,"enemies":"Giant Head","floor":41.0,"turns":9.0},{"damage":6.0,"enemies":"Nemesis","floor":42.0,"turns":9.0},{"damage":0.0,"enemies":"Mind Bloom Boss Battle","floor":44.0,"turns":5.0},{"damage":0.0,"enemies":"Reptomancer","floor":46.0,"turns":8.0},{"damage":0.0,"enemies":"Sphere and 2 Shapes","floor":48.0,"turns":4.0},{"damage":0.0,"enemies":"Awakened One","floor":50.0,"turns":14.0},{"damage":0.0,"enemies":"Time Eater","floor":51.0,"turns":13.0},{"damage":0.0,"enemies":"Shield and Spear","floor":55.0,"turns":7.0},{"damage":0,"enemies":"The Heart","floor":56,"turns":11}],"seed_played":"2907348644221308340","potions_obtained":[{"floor":6.0,"key":"Energy Potion"},{"floor":8.0,"key":"Block Potion"},{"floor":13.0,"key":"FearPotion"},{"floor":14.0,"key":"SteroidPotion"},{"floor":20.0,"key":"Ancient Potion"},{"floor":21.0,"key":"AttackPotion"},{"floor":29.0,"key":"Explosive Potion"}],"is_trial":false,"path_per_floor":["M","M","M","$","M","M","R","E","T","R","?","?","M","E","R","B",null,"M","?","M","?","?","R","M","R","T","E","?","E","$","E","R","B",null,"M","$","?","M","?","E","E","E","T","?","$","E","$","M","R","B","B",null,"R","$","E","B",null],"character_chosen":"THE_SILENT","items_purchased":["OrangePellets","Noxious Fumes","Well Laid Plans","Predator+1","After Image"],"campfire_rested":2,"item_purchase_floors":[30,30,36,45,54],"current_hp_per_floor":[58,57,57,57,41,33,33,18,18,37,37,37,37,25,25,21,55,41,41,41,30,30,30,30,30,30,28,28,28,28,12,31,4,51,29,29,54,53,53,53,23,17,17,42,42,42,42,42,42,54,54,54,54,54,54,54],"gold":40,"neow_bonus":"UPGRADE_CARD","is_prod":false,"is_daily":false,"chose_seed":false,"campfire_upgraded":5,"win_rate":0,"timestamp":1551315497,"path_taken":["M","?","M","$","M","M","R","E","T","R","?","?","M","E","R","BOSS","M","?","M","?","?","R","M","R","T","E","?","E","$","E","R","BOSS","M","$","?","M","?","E","E","E","T","?","$","E","$","M","R","BOSS","BOSS","R","$","E","BOSS"],"build_version":"2019-02-06","purchased_purges":4,"victory":true,"max_hp_per_floor":[66,66,66,66,66,66,66,66,66,66,66,66,66,66,66,66,66,66,66,66,66,66,66,66,66,66,66,66,66,66,66,66,66,66,66,66,54,54,54,54,54,54,54,54,54,54,54,54,54,54,54,54,54,54,54,54],"card_choices":[{"not_picked":["Prepared","Underhanded Strike"],"picked":"Poisoned Stab","floor":1.0},{"not_picked":["Backflip","Cloak And Dagger"],"picked":"Deadly Poison","floor":2.0},{"not_picked":["Sucker Punch","Infinite Blades"],"picked":"Bane","floor":3.0},{"not_picked":["Slice","Deadly Poison"],"picked":"Leg Sweep","floor":5.0},{"not_picked":["Night Terror","Quick Slash","Prepared"],"picked":"SKIP","floor":6.0},{"not_picked":["Dagger Throw","Concentrate"],"picked":"Dash","floor":8.0},{"not_picked":["Deflect","Infinite Blades","Acrobatics"],"picked":"SKIP","floor":13.0},{"not_picked":["Flying Knee","Predator"],"picked":"PiercingWail","floor":14.0},{"not_picked":["Storm of Steel","Tools of the Trade"],"picked":"Wraith Form v2","floor":16.0},{"not_picked":["Setup","Skewer+1"],"picked":"Caltrops","floor":18.0},{"not_picked":["Riddle With Holes+1","Escape Plan","Dagger Throw+1"],"picked":"SKIP","floor":20.0},{"not_picked":["Choke+1","Sucker Punch+1"],"picked":"Backflip","floor":24.0},{"not_picked":["Heel Hook+1","Dagger Throw+1","Eviscerate+1"],"picked":"SKIP","floor":27.0},{"not_picked":["Terror","Dodge and Roll","Sucker Punch+1"],"picked":"SKIP","floor":29.0},{"not_picked":["Flying Knee+1","Deadly Poison"],"picked":"PiercingWail","floor":31.0},{"not_picked":["Malaise","Phantasmal Killer"],"picked":"Night Terror","floor":33.0},{"not_picked":["Deadly Poison","Heel Hook+1"],"picked":"Blur","floor":35.0},{"not_picked":["Flying Knee+1","PiercingWail"],"picked":"Backflip+1","floor":38.0},{"not_picked":["Backstab+1","Bane+1"],"picked":"Dash+1","floor":40.0},{"not_picked":["Endless Agony+1","Blade Dance","All Out Attack+1"],"picked":"SKIP","floor":41.0},{"not_picked":["Deadly Poison","Acrobatics","Escape Plan+1"],"picked":"SKIP","floor":42.0},{"not_picked":["Storm of Steel","Calculated Gamble"],"picked":"Backflip+1","floor":44.0},{"not_picked":["Sucker Punch+1","Deadly Poison","Outmaneuver"],"picked":"SKIP","floor":46.0},{"not_picked":["Choke+1","Backflip+1"],"picked":"PiercingWail+1","floor":48.0},{"not_picked":["Heel Hook+1","Crippling Poison"],"picked":"Burst","floor":55.0}],"player_experience":1867074,"relics_obtained":[{"floor":8.0,"key":"Paper Crane"},{"floor":9.0,"key":"Incense Burner"},{"floor":14.0,"key":"Molten Egg 2"},{"floor":21.0,"key":"Red Mask"},{"floor":26.0,"key":"Happy Flower"},{"floor":27.0,"key":"Smiling Mask"},{"floor":29.0,"key":"WingedGreaves"},{"floor":31.0,"key":"Dodecahedron"},{"floor":40.0,"key":"Letter Opener"},{"floor":41.0,"key":"Pantograph"},{"floor":42.0,"key":"Bag of Marbles"},{"floor":44.0,"key":"Shovel"},{"floor":46.0,"key":"Mercury Hourglass"},{"floor":55.0,"key":"Snake Skull"}],"event_choices":[{"damage_healed":0.0,"max_hp_gain":0.0,"max_hp_loss":0.0,"gold_gain":0.0,"event_name":"Living Wall","player_choice":"Grow","floor":11.0,"gold_loss":0.0,"damage_taken":0.0,"cards_upgraded":["Poisoned Stab"]},{"damage_healed":0.0,"max_hp_gain":0.0,"max_hp_loss":0.0,"gold_gain":0.0,"event_name":"Liars Game","player_choice":"Ignored","floor":12.0,"gold_loss":0.0,"damage_taken":0.0},{"damage_healed":0.0,"max_hp_gain":0.0,"max_hp_loss":0.0,"gold_gain":0.0,"event_name":"Addict","player_choice":"Obtained Relic","floor":19.0,"gold_loss":85.0,"damage_taken":0.0,"relics_obtained":["StoneCalendar"]},{"damage_healed":0.0,"max_hp_gain":0.0,"max_hp_loss":0.0,"gold_gain":0.0,"event_name":"Masked Bandits","player_choice":"Fought Bandits","floor":21.0,"gold_loss":0.0,"damage_taken":0.0},{"damage_healed":0.0,"max_hp_gain":0.0,"max_hp_loss":0.0,"gold_gain":0.0,"event_name":"Back to Basics","player_choice":"Simplicity","floor":22.0,"gold_loss":0.0,"damage_taken":0.0,"cards_upgraded":["Defend_G","Defend_G","Defend_G","Defend_G","Defend_G","Strike_G","Strike_G","Strike_G","Strike_G"]},{"damage_healed":0.0,"max_hp_gain":0.0,"max_hp_loss":0.0,"gold_gain":0.0,"event_name":"Upgrade Shrine","player_choice":"Upgraded","floor":28.0,"gold_loss":0.0,"damage_taken":0.0,"cards_upgraded":["Dash"]},{"damage_healed":54.0,"max_hp_gain":0.0,"max_hp_loss":12.0,"gold_gain":0.0,"event_name":"The Moai Head","player_choice":"Heal","floor":37.0,"gold_loss":0.0,"damage_taken":0.0},{"damage_healed":0.0,"max_hp_gain":0.0,"max_hp_loss":0.0,"gold_gain":0.0,"event_name":"SensoryStone","player_choice":"Memory 1","floor":39.0,"gold_loss":0.0,"damage_taken":0.0},{"damage_healed":0.0,"max_hp_gain":0.0,"max_hp_loss":0.0,"gold_gain":0.0,"event_name":"MindBloom","player_choice":"Fight","floor":44.0,"gold_loss":0.0,"damage_taken":0.0}],"is_beta":true,"boss_relics":[{"not_picked":["Velvet Choker","White Beast Statue"],"picked":"Snecko Eye"},{"not_picked":["Fusion Hammer","Tiny House"],"picked":"Sozu"}],"items_purged_floors":[4,36,45,47],"is_endless":false,"potions_floor_spawned":[6,8,13,14,20,21,29,35,44],"ascension_level":20}