{"gold_per_floor":[118,138,313,25,39,71,71,21,21,21,21,39,39,52,52,178,178,197,221,321,321],"floor_reached":21,"playtime":2163,"items_purged":[],"score":179,"play_id":"67c5b9a7-5acc-49e7-8a6c-f623faa1e8d9","local_time":"20190404155109","is_ascension_mode":false,"campfire_choices":[{"data":"Rampage","floor":7,"key":"SMITH"},{"data":"Anger","floor":10,"key":"SMITH"},{"floor":15,"key":"REST"}],"neow_cost":"NONE","seed_source_timestamp":96981906407449,"circlet_count":0,"master_deck":["Strike_R","Strike_R","Strike_R","Strike_R","Defend_R","Defend_R","Defend_R","Bash","Dropkick","Body Slam","Doubt","Anger+1","Rampage+1","Thunderclap+1","Armaments","Perfected Strike+1","Barricade","Pommel Strike+1","Iron Wave+1"],"relics":["Burning Blood","Question Card","Molten Egg 2","Bottled Flame","Golden Idol","Black Star"],"potions_floor_usage":[16,21,21],"damage_taken":[{"damage":9,"enemies":"2 Louse","floor":1,"turns":3},{"damage":3,"enemies":"Small Slimes","floor":2,"turns":4},{"damage":6,"enemies":"Cultist","floor":5,"turns":3},{"damage":35,"enemies":"Lagavulin","floor":6,"turns":6},{"damage":8,"enemies":"Lots of Slimes","floor":12,"turns":3},{"damage":14,"enemies":"Exordium Thugs","floor":14,"turns":3},{"damage":16,"enemies":"Slime Boss","floor":16,"turns":10},{"damage":32,"enemies":"Shell Parasite","floor":18,"turns":9},{"damage":53,"enemies":"Spheric Guardian","floor":19,"turns":7},{"damage":33,"enemies":"Centurion and Healer","floor":21,"turns":7}],"seed_played":"-2512010509662356762","potions_obtained":[{"floor":1,"key":"Swift Potion"},{"floor":2,"key":"Energy Potion"},{"floor":13,"key":"FearPotion"},{"floor":16,"key":"Explosive Potion"},{"floor":18,"key":"Block Potion"},{"floor":19,"key":"Regen Potion"}],"is_trial":false,"path_per_floor":["M","M","?","$","M","E","R","?","T","R","?","M","?","M","R","B",null,"M","M","?","M"],"character_chosen":"IRONCLAD","items_purchased":["Anger","Question Card"],"campfire_rested":1,"item_purchase_floors":[4,4],"current_hp_per_floor":[77,80,80,80,80,51,51,51,51,51,31,29,29,21,45,35,80,54,7,7,0],"gold":321,"neow_bonus":"REMOVE_CARD","is_prod":false,"is_daily":false,"chose_seed":false,"campfire_upgraded":2,"win_rate":0.0,"timestamp":1554382269,"path_taken":["M","M","?","$","M","E","R","?","T","R","?","M","?","M","R","BOSS","M","M","?","?"],"build_version":"2019-01-23","purchased_purges":0,"victory":false,"max_hp_per_floor":[80,80,80,80,80,80,80,80,80,80,80,80,80,80,80,80,80,80,80,80,80],"card_choices":[{"not_picked":["Uppercut","Sword Boomerang"],"picked":"Dropkick","floor":1},{"not_picked":["Pommel Strike","Twin Strike"],"picked":"Body Slam","floor":2},{"not_picked":["Entrench","Uppercut","Clash"],"picked":"Rampage","floor":5},{"not_picked":["Disarm","True Grit","Headbutt"],"picked":"Thunderclap","floor":6},{"not_picked":["Shrug It Off","Fiend Fire+1","Disarm"],"picked":"Armaments","floor":12},{"not_picked":["Clothesline+1","Body Slam+1","Intimidate"],"picked":"Perfected Strike+1","floor":14},{"not_picked":["Fiend Fire+1","Demon Form","Reaper+1"],"picked":"Barricade","floor":16},{"not_picked":["True Grit","Thunderclap+1","Warcry"],"picked":"Pommel Strike+1","floor":18},{"not_picked":["Dual Wield","Headbutt+1","Shrug It Off"],"picked":"Iron Wave+1","floor":19}],"player_experience":29997,"relics_obtained":[{"floor":6,"key":"Molten Egg 2"},{"floor":9,"key":"Bottled Flame"}],"event_choices":[{"damage_healed":0,"gold_gain":175,"player_choice":"AGREE","damage_taken":0,"max_hp_gain":0,"max_hp_loss":0,"event_name":"Liars Game","floor":3,"gold_loss":0,"cards_obtained":["Doubt"]},{"cards_removed":["Strike_R"],"damage_healed":0,"gold_gain":0,"player_choice":"Card Removal","damage_taken":0,"max_hp_gain":0,"max_hp_loss":0,"event_name":"The Cleric","floor":8,"gold_loss":50},{"damage_healed":0,"gold_gain":0,"player_choice":"Take Damage","damage_taken":20,"relics_obtained":["Golden Idol"],"max_hp_gain":0,"max_hp_loss":0,"event_name":"Golden Idol","floor":11,"gold_loss":0},{"damage_healed":0,"gold_gain":0,"player_choice":"Got Potions","damage_taken":0,"max_hp_gain":0,"max_hp_loss":0,"event_name":"Lab","floor":13,"gold_loss":0},{"damage_healed":0,"gold_gain":100,"player_choice":"Pray","damage_taken":0,"max_hp_gain":0,"max_hp_loss":0,"event_name":"Golden Shrine","floor":20,"gold_loss":0}],"is_beta":false,"boss_relics":[{"not_picked":["Runic Cube","Runic Pyramid"],"picked":"Black Star"}],"items_purged_floors":[],"is_endless":false,"potions_floor_spawned":[1,2,16,18,19],"killed_by":"Centurion and Healer","ascension_level":0}