{"gold_per_floor":[114,39,49,49,49,84,96,96,96,121,121,121,140,157,157,231,231,243,243,143,68,338,338],"floor_reached":23,"playtime":620,"items_purged":["Strike_B","Strike_B"],"score":444,"play_id":"9b5224c0-b6da-46ab-87b4-e827d12b7e73","local_time":"20190527161852","is_ascension_mode":true,"campfire_choices":[{"data":"Doom and Gloom","floor":8,"key":"SMITH"},{"data":"Zap","floor":11,"key":"SMITH"},{"data":"Hologram","floor":15,"key":"SMITH"}],"neow_cost":"NONE","seed_source_timestamp":298328785615542,"circlet_count":0,"master_deck":["AscendersBane","Defend_B","Defend_B+1","Defend_B","Defend_B","Zap+1","Dualcast","Doom and Gloom+1","Beam Cell+1","Recycle","FTL","Compile Driver","Hologram+1","Conserve Battery","Core Surge","Coolheaded","Genetic Algorithm","White Noise","Loop","Steam","Ghostly","Ghostly","Ghostly"],"relics":["Cracked Core","NeowsBlessing","Gremlin Horn","Lantern","Anchor","Orrery"],"potions_floor_usage":[10,16,23],"damage_taken":[{"damage":0,"enemies":"Small Slimes","floor":1,"turns":1},{"damage":0,"enemies":"Jaw Worm","floor":3,"turns":1},{"damage":0,"enemies":"Lagavulin","floor":6,"turns":1},{"damage":1,"enemies":"2 Louse","floor":7,"turns":2},{"damage":10,"enemies":"3 Sentries","floor":10,"turns":4},{"damage":0,"enemies":"Blue Slaver","floor":13,"turns":2},{"damage":0,"enemies":"Lots of Slimes","floor":14,"turns":1},{"damage":41,"enemies":"Hexaghost","floor":16,"turns":8},{"damage":1,"enemies":"Chosen","floor":18,"turns":6},{"damage":18,"enemies":"Book of Stabbing","floor":23,"turns":4}],"seed_played":"-5339719331713257506","potions_obtained":[{"floor":3,"key":"Regen Potion"},{"floor":6,"key":"Explosive Potion"},{"floor":10,"key":"EssenceOfSteel"},{"floor":18,"key":"SpeedPotion"}],"is_trial":false,"path_per_floor":["M","$","M","?","?","E","M","R","T","E","R","?","M","M","R","B",null,"M","?","$","?","?","E"],"character_chosen":"DEFECT","items_purchased":[],"campfire_rested":0,"item_purchase_floors":[],"current_hp_per_floor":[64,64,64,69,46,46,45,45,45,35,35,28,28,28,28,2,58,57,38,38,38,14,0],"gold":338,"neow_bonus":"THREE_ENEMY_KILL","is_prod":false,"is_daily":false,"chose_seed":false,"campfire_upgraded":3,"win_rate":0,"timestamp":1558970332,"path_taken":["M","$","M","?","?","E","?","R","T","E","R","?","M","M","R","BOSS","M","?","$","?","?","E"],"build_version":"2019-05-26","purchased_purges":2,"victory":false,"max_hp_per_floor":[71,71,71,76,76,76,76,76,76,76,76,76,76,76,76,76,76,76,38,38,38,38,38],"card_choices":[{"not_picked":["Stack","Reprogram"],"picked":"Doom and Gloom","floor":1},{"not_picked":["Chaos","Rebound"],"picked":"Beam Cell","floor":3},{"not_picked":["Steam","Auto Shields"],"picked":"Recycle","floor":6},{"not_picked":["Lockon","Heatsinks"],"picked":"FTL","floor":7},{"not_picked":["Stack","Sweeping Beam"],"picked":"Compile Driver","floor":10},{"not_picked":["Steam","Beam Cell"],"picked":"Hologram","floor":13},{"not_picked":["Meteor Strike","Doom and Gloom"],"picked":"Conserve Battery","floor":14},{"not_picked":["Hyperbeam","Fission"],"picked":"Core Surge","floor":16},{"not_picked":["Aggregate","Reinforced Body"],"picked":"Coolheaded","floor":17},{"not_picked":["Leap","Cold Snap"],"picked":"Genetic Algorithm","floor":17},{"not_picked":["FTL","Gash"],"picked":"White Noise","floor":17},{"not_picked":["Conserve Battery","Steam"],"picked":"Loop","floor":17},{"not_picked":["Hello World","Compile Driver"],"picked":"Steam","floor":17},{"not_picked":["Stack+1","Amplify","Redo"],"picked":"SKIP","floor":18}],"player_experience":2086583,"relics_obtained":[{"floor":6,"key":"Gremlin Horn"},{"floor":9,"key":"Lantern"},{"floor":10,"key":"Anchor"}],"event_choices":[{"damage_healed":0,"gold_gain":0,"player_choice":"Donut","damage_taken":0,"max_hp_gain":5,"max_hp_loss":0,"event_name":"Big Fish","floor":4,"gold_loss":0},{"damage_healed":0,"gold_gain":0,"player_choice":"Entered Light","damage_taken":23,"max_hp_gain":0,"max_hp_loss":0,"event_name":"Shining Light","floor":5,"gold_loss":0,"cards_upgraded":["Beam Cell","Defend_B"]},{"cards_removed":["Strike_B"],"damage_healed":0,"gold_gain":0,"player_choice":"Card Removal","damage_taken":7,"max_hp_gain":0,"max_hp_loss":0,"event_name":"Golden Wing","floor":12,"gold_loss":0},{"damage_healed":0,"gold_gain":0,"player_choice":"Became a Ghost","damage_taken":0,"max_hp_gain":0,"max_hp_loss":38,"event_name":"Ghosts","floor":19,"gold_loss":0,"cards_obtained":["Ghostly","Ghostly","Ghostly"]},{"cards_removed":["Strike_B"],"damage_healed":0,"gold_gain":0,"player_choice":"Gave Gold","damage_taken":0,"max_hp_gain":0,"max_hp_loss":0,"event_name":"Beggar","floor":21,"gold_loss":75},{"damage_healed":0,"gold_gain":270,"player_choice":"GOLD GOLD GOLD ","damage_taken":24,"max_hp_gain":0,"max_hp_loss":0,"event_name":"Knowing Skull","floor":22,"potions_obtained":[],"gold_loss":0,"cards_obtained":[]}],"is_beta":true,"boss_relics":[{"not_picked":["Pandora\u0027s Box","Calling Bell"],"picked":"Orrery"}],"items_purged_floors":[2,20],"is_endless":false,"potions_floor_spawned":[3,6,10,18],"killed_by":"Book of Stabbing","ascension_level":20}