{"gold_per_floor":[116,127,146,221,239,239,239,269,294,308,308,335,335,335,335,335],"floor_reached":16,"playtime":517,"items_purged":[],"score":220,"play_id":"ce65fb73-3756-48e1-a3fa-01cb1b4daa9e","local_time":"20190202201129","is_ascension_mode":true,"campfire_choices":[{"data":"Zap","floor":6,"key":"SMITH"},{"floor":11,"key":"REST"},{"data":"Beam Cell","floor":13,"key":"SMITH"},{"data":"Darkness","floor":15,"key":"SMITH"}],"neow_cost":"NONE","seed_source_timestamp":611096569315354,"circlet_count":0,"master_deck":["AscendersBane","Strike_B","Strike_B","Strike_B","Defend_B","Defend_B","Defend_B","Defend_B","Zap+1","Dualcast","Compile Driver","Reinforced Body","Beam Cell+1","Cold Snap","Decay","Glacier","Darkness+1","Sunder"],"relics":["Cracked Core","Dream Catcher","DataDisk","Smiling Mask","Strawberry"],"potions_floor_usage":[12],"damage_taken":[{"damage":1,"enemies":"Cultist","floor":1,"turns":3},{"damage":5,"enemies":"Small Slimes","floor":2,"turns":4},{"damage":0,"enemies":"2 Louse","floor":3,"turns":3},{"damage":0,"enemies":"Red Slaver","floor":5,"turns":3},{"damage":19,"enemies":"3 Sentries","floor":8,"turns":8},{"damage":0,"enemies":"Looter","floor":10,"turns":3},{"damage":22,"enemies":"Gremlin Nob","floor":12,"turns":5},{"damage":37,"enemies":"Hexaghost","floor":16,"turns":9}],"seed_played":"7205078305076035160","potions_obtained":[{"floor":2,"key":"Explosive Potion"},{"floor":5,"key":"Weak Potion"},{"floor":12,"key":"Dexterity Potion"}],"is_trial":false,"path_per_floor":["M","M","M","?","M","R","?","E","T","M","R","E","R","?","R","B"],"character_chosen":"DEFECT","items_purchased":[],"campfire_rested":1,"item_purchase_floors":[],"current_hp_per_floor":[63,58,58,47,47,47,47,28,28,28,49,34,34,34,34,0],"gold":335,"neow_bonus":"RANDOM_COMMON_RELIC","is_prod":false,"is_daily":false,"chose_seed":false,"campfire_upgraded":3,"win_rate":0,"timestamp":1549138289,"path_taken":["M","M","?","?","M","R","?","E","T","?","R","E","R","?","R","BOSS"],"build_version":"2019-01-23","purchased_purges":0,"victory":false,"max_hp_per_floor":[71,71,71,71,71,71,71,71,71,71,71,78,78,78,78,78],"card_choices":[{"not_picked":["Sunder","Turbo"],"picked":"Compile Driver","floor":1},{"not_picked":["Redo","Streamline"],"picked":"Reinforced Body","floor":2},{"not_picked":["Conserve Battery","Turbo"],"picked":"Beam Cell","floor":3},{"not_picked":["Sweeping Beam","Streamline"],"picked":"Cold Snap","floor":5},{"not_picked":["Gash","Hologram"],"picked":"Glacier","floor":8},{"not_picked":["Sunder","Cold Snap","Amplify"],"picked":"SKIP","floor":10},{"not_picked":["Beam Cell","Turbo"],"picked":"Darkness","floor":12}],"player_experience":1815864,"relics_obtained":[{"floor":8,"key":"DataDisk"},{"floor":9,"key":"Smiling Mask"},{"floor":12,"key":"Strawberry"}],"event_choices":[{"damage_healed":0,"gold_gain":75,"player_choice":"Gather Gold","damage_taken":11,"max_hp_gain":0,"max_hp_loss":0,"event_name":"World of Goop","floor":4,"gold_loss":0},{"damage_healed":0,"gold_gain":0,"player_choice":"Cursed","damage_taken":0,"max_hp_gain":0,"max_hp_loss":0,"event_name":"Wheel of Change","floor":7,"gold_loss":0,"cards_obtained":["Decay"]},{"damage_healed":0,"gold_gain":0,"cards_transformed":["Strike_B"],"player_choice":"Transformed","damage_taken":0,"max_hp_gain":0,"max_hp_loss":0,"event_name":"Transmorgrifier","floor":14,"gold_loss":0,"cards_obtained":["Sunder"]}],"is_beta":true,"boss_relics":[],"items_purged_floors":[],"is_endless":false,"potions_floor_spawned":[2,5,12],"killed_by":"Hexaghost","ascension_level":20}