{"gold_per_floor":[361,361,22,36,86,86,98,98,147,172,69,85,119,138,138,138],"floor_reached":16,"playtime":651,"items_purged":[],"score":220,"play_id":"6fca008d-f553-4935-8318-3857c30532f5","local_time":"20181109163722","is_ascension_mode":true,"campfire_choices":[{"data":"Zap","floor":6.0,"key":"SMITH"},{"data":"Beam Cell","floor":8.0,"key":"SMITH"},{"floor":15,"key":"REST"}],"neow_cost":"TEN_PERCENT_HP_LOSS","seed_source_timestamp":784861242649289,"circlet_count":0,"master_deck":["AscendersBane","Strike_B","Strike_B","Strike_B","Strike_B","Defend_B","Defend_B","Defend_B","Defend_B","Zap+1","Dualcast","Cold Snap","BootSequence","Beam Cell+1","Rip and Tear","Bandage Up","Biased Cognition","Hologram"],"special_seed":0,"relics":["Cracked Core","Dead Branch","Oddly Smooth Stone","Potion Belt"],"potions_floor_usage":[13],"damage_taken":[{"damage":10.0,"enemies":"Small Slimes","floor":1.0,"turns":3.0},{"damage":5.0,"enemies":"Jaw Worm","floor":4.0,"turns":3.0},{"damage":0.0,"enemies":"Cultist","floor":7.0,"turns":3.0},{"damage":13.0,"enemies":"Lagavulin","floor":10.0,"turns":6.0},{"damage":10.0,"enemies":"Lots of Slimes","floor":12.0,"turns":4.0},{"damage":25,"enemies":"Gremlin Nob","floor":13,"turns":4},{"damage":8,"enemies":"Gremlin Gang","floor":14,"turns":4},{"damage":38,"enemies":"Hexaghost","floor":16,"turns":9}],"seed_played":"440827511571556730","potions_obtained":[{"floor":4.0,"key":"Strength Potion"},{"floor":7.0,"key":"SpeedPotion"}],"is_trial":false,"path_per_floor":["M","?","$","M","?","R","M","R","T","E","$","M","E","M","R","B"],"character_chosen":"DEFECT","items_purchased":["Dead Branch","Bandage Up"],"campfire_rested":1,"item_purchase_floors":[3,11],"current_hp_per_floor":[54,59,59,54,54,54,54,54,54,41,41,35,14,10,30,0],"gold":138,"neow_bonus":"TWO_FIFTY_GOLD","is_prod":false,"is_daily":false,"chose_seed":false,"campfire_upgraded":2,"win_rate":0,"timestamp":1541781442,"path_taken":["M","?","$","M","?","R","?","R","T","E","?","?","E","M","R","BOSS"],"build_version":"2018-11-08","purchased_purges":0,"victory":false,"max_hp_per_floor":[64,69,69,69,69,69,69,69,69,69,69,69,69,69,69,69],"card_choices":[{"not_picked":["Redo","Lockon"],"picked":"Cold Snap","floor":1.0},{"not_picked":["Cold Snap","Sweeping Beam"],"picked":"BootSequence","floor":4.0},{"not_picked":["Leap","Chaos"],"picked":"Beam Cell","floor":7.0},{"not_picked":["Rebound","Beam Cell"],"picked":"Rip and Tear","floor":10.0},{"not_picked":["Glacier","Ball Lightning"],"picked":"Biased Cognition","floor":12.0},{"not_picked":["Skim","Steam Power","Stack"],"picked":"SKIP","floor":13},{"not_picked":["Streamline","Coolheaded"],"picked":"Hologram","floor":14}],"player_experience":1631601,"relics_obtained":[{"floor":10.0,"key":"Oddly Smooth Stone"},{"floor":13,"key":"Potion Belt"}],"event_choices":[{"damage_healed":0.0,"max_hp_gain":5.0,"max_hp_loss":0.0,"gold_gain":0.0,"event_name":"Big Fish","player_choice":"Donut","floor":2.0,"gold_loss":0.0,"damage_taken":0.0},{"damage_healed":0.0,"max_hp_gain":0.0,"max_hp_loss":0.0,"gold_gain":50.0,"event_name":"Golden Shrine","player_choice":"Pray","floor":5.0,"gold_loss":0.0,"damage_taken":0.0}],"is_beta":true,"boss_relics":[],"items_purged_floors":[],"is_endless":false,"potions_floor_spawned":[4,7],"killed_by":"Hexaghost","ascension_level":20}