{"gold_per_floor":[119,119,119,136,151,177,177,105,105,125,200,226,226,191,191,286,286,286,286,286,286,286,286,286,286,286,286,286,286,286,286,286,286,286,286,286,286,286,286,286,286,0,0,0,0,0,0,0,0,0],"floor_reached":50,"playtime":2914,"items_purged":[],"score":546,"play_id":"0ea8e8b3-91f4-4fd9-8afe-56a4f7616f7a","local_time":"20190628034802","is_ascension_mode":false,"campfire_choices":[{"floor":7,"key":"REST"},{"floor":13,"key":"REST"},{"floor":15,"key":"REST"},{"floor":24,"key":"REST"},{"floor":32,"key":"REST"},{"floor":41,"key":"REST"},{"floor":49,"key":"REST"}],"neow_cost":"NONE","seed_source_timestamp":148984627659000,"circlet_count":0,"master_deck":["Defend_G+1","Defend_G+1","Defend_G+1","Defend_G+1","Defend_G+1","Strike_G+1","Strike_G+1","Strike_G+1","Strike_G+1","Strike_G+1","Survivor","Neutralize+1","Glass Knife","Terror","Blade Dance","Flying Knee","Flying Knee","All Out Attack","Phantasmal Killer","After Image+1","Outmaneuver+1","Well Laid Plans+1","Quick Slash+1","Adrenaline","Finisher","Infinite Blades+1","Blade Dance","Adrenaline","Flying Knee+1","Prepared","Madness","Madness","Escape Plan","Dagger Throw+1","Heel Hook","Burst"],"relics":["Ring of the Snake","Dodecahedron","Sundial","Frozen Egg 2","Ectoplasm","Blood Vial","Letter Opener","Bottled Flame","Runic Pyramid","WingedGreaves","Meat on the Bone","Red Mask","Peace Pipe"],"potions_floor_usage":[33,40,40,46,46],"damage_taken":[{"damage":0,"enemies":"Jaw Worm","floor":1,"turns":3},{"damage":0,"enemies":"Small Slimes","floor":4,"turns":3},{"damage":5,"enemies":"2 Louse","floor":5,"turns":2},{"damage":21,"enemies":"Gremlin Nob","floor":6,"turns":4},{"damage":0,"enemies":"Looter","floor":10,"turns":2},{"damage":18,"enemies":"Lagavulin","floor":12,"turns":4},{"damage":44,"enemies":"Slime Boss","floor":16,"turns":9},{"damage":14,"enemies":"3 Byrds","floor":18,"turns":3},{"damage":2,"enemies":"Chosen","floor":20,"turns":3},{"damage":15,"enemies":"Snecko","floor":22,"turns":5},{"damage":13,"enemies":"Book of Stabbing","floor":23,"turns":5},{"damage":6,"enemies":"Centurion and Healer","floor":28,"turns":3},{"damage":11,"enemies":"Shelled Parasite and Fungi","floor":29,"turns":3},{"damage":11,"enemies":"Snecko","floor":30,"turns":6},{"damage":23,"enemies":"Collector","floor":33,"turns":7},{"damage":14,"enemies":"3 Darklings","floor":35,"turns":4},{"damage":25,"enemies":"Mind Bloom Boss Battle","floor":36,"turns":7},{"damage":0,"enemies":"Orb Walker","floor":39,"turns":3},{"damage":22,"enemies":"Reptomancer","floor":40,"turns":4},{"damage":6,"enemies":"Jaw Worm Horde","floor":45,"turns":4},{"damage":20,"enemies":"2 Orb Walkers","floor":46,"turns":4},{"damage":66,"enemies":"Donu and Deca","floor":50,"turns":6}],"seed_played":"1138102399192338548","potions_obtained":[{"floor":1,"key":"PowerPotion"},{"floor":4,"key":"Regen Potion"},{"floor":18,"key":"Fire Potion"},{"floor":35,"key":"GamblersBrew"},{"floor":39,"key":"Explosive Potion"},{"floor":40,"key":"Block Potion"}],"is_trial":false,"path_per_floor":["M","?","?","M","M","E","R","$","T","M","?","E","R","?","R","B",null,"M","?","M","?","M","E","R","?","T","T","M","M","M","?","R","B",null,"M","?","?","?","M","E","R","?","T","$","M","?","?","$","R","B"],"character_chosen":"THE_SILENT","items_purchased":["Expertise"],"campfire_rested":7,"item_purchase_floors":[8],"current_hp_per_floor":[70,70,56,56,51,30,51,51,51,51,40,22,43,60,70,26,70,56,56,54,54,39,26,47,47,47,47,43,34,25,25,46,25,70,56,33,33,24,26,15,36,36,36,36,44,38,38,38,59,0],"gold":0,"neow_bonus":"ONE_RANDOM_RARE_CARD","is_prod":false,"is_daily":false,"chose_seed":false,"campfire_upgraded":0,"win_rate":0.0,"timestamp":1561661282,"path_taken":["M","?","?","M","M","E","R","?","T","?","?","E","R","?","R","BOSS","M","?","M","?","?","E","R","?","T","?","M","?","M","?","R","BOSS","M","?","?","?","M","E","R","?","T","?","?","?","?","$","R","BOSS"],"build_version":"2019-01-23","purchased_purges":0,"victory":false,"max_hp_per_floor":[70,70,70,70,70,70,70,70,70,70,70,70,70,70,70,70,70,70,70,70,70,70,70,70,70,70,70,70,70,70,70,70,70,70,70,70,70,70,70,70,70,70,70,70,70,70,70,70,70,70],"card_choices":[{"not_picked":["Outmaneuver","Deadly Poison"],"picked":"Terror","floor":1},{"not_picked":["Deflect","Calculated Gamble"],"picked":"Blade Dance","floor":4},{"not_picked":["Poisoned Stab","Dodge and Roll"],"picked":"Flying Knee","floor":5},{"not_picked":["Endless Agony","Slice"],"picked":"Flying Knee","floor":6},{"not_picked":["Blur","Bane"],"picked":"All Out Attack","floor":10},{"not_picked":["Flying Knee","Heel Hook"],"picked":"Phantasmal Killer","floor":12},{"not_picked":["Bullet Time","Doppelganger"],"picked":"After Image+1","floor":16},{"not_picked":["Noxious Fumes+1","Underhanded Strike"],"picked":"Outmaneuver+1","floor":18},{"not_picked":["Bane","Acrobatics+1"],"picked":"Well Laid Plans+1","floor":20},{"not_picked":["Poisoned Stab","Finisher"],"picked":"Quick Slash+1","floor":22},{"not_picked":["All Out Attack+1","Dodge and Roll"],"picked":"Adrenaline","floor":23},{"not_picked":["Prepared","Eviscerate"],"picked":"Finisher","floor":28},{"not_picked":["Bouncing Flask","Sucker Punch","Poisoned Stab"],"picked":"SKIP","floor":29},{"not_picked":["Flying Knee+1","Dodge and Roll+1"],"picked":"Infinite Blades+1","floor":30},{"not_picked":["Wraith Form v2+1","Bullet Time"],"picked":"Adrenaline","floor":33},{"not_picked":["Bane+1","Blur+1"],"picked":"Flying Knee+1","floor":35},{"not_picked":["Slice","Dagger Throw"],"picked":"Prepared","floor":36},{"not_picked":["Bane","Noxious Fumes+1"],"picked":"Escape Plan","floor":39},{"not_picked":["Terror+1","Poisoned Stab"],"picked":"Dagger Throw+1","floor":40},{"not_picked":["Skewer","Underhanded Strike"],"picked":"Heel Hook","floor":45},{"not_picked":["Eviscerate+1","Flying Knee"],"picked":"Burst","floor":46}],"player_experience":7370,"relics_obtained":[{"floor":6,"key":"Dodecahedron"},{"floor":9,"key":"Sundial"},{"floor":12,"key":"Frozen Egg 2"},{"floor":23,"key":"Blood Vial"},{"floor":26,"key":"Letter Opener"},{"floor":27,"key":"Bottled Flame"},{"floor":36,"key":"WingedGreaves"},{"floor":40,"key":"Meat on the Bone"},{"floor":46,"key":"Peace Pipe"}],"event_choices":[{"damage_healed":0,"gold_gain":0,"player_choice":"Ignored","damage_taken":0,"max_hp_gain":0,"max_hp_loss":0,"event_name":"Golden Wing","floor":2,"gold_loss":0},{"damage_healed":0,"gold_gain":0,"player_choice":"Entered Light","damage_taken":14,"max_hp_gain":0,"max_hp_loss":0,"event_name":"Shining Light","floor":3,"gold_loss":0,"cards_upgraded":["Neutralize","Defend_G"]},{"damage_healed":0,"gold_gain":75,"player_choice":"Gather Gold","damage_taken":11,"max_hp_gain":0,"max_hp_loss":0,"event_name":"World of Goop","floor":11,"gold_loss":0},{"damage_healed":17,"gold_gain":0,"player_choice":"Healed","damage_taken":0,"max_hp_gain":0,"max_hp_loss":0,"event_name":"The Cleric","floor":14,"gold_loss":35},{"damage_healed":0,"gold_gain":0,"player_choice":"Simplicity","damage_taken":0,"max_hp_gain":0,"max_hp_loss":0,"event_name":"Back to Basics","floor":19,"gold_loss":0,"cards_upgraded":["Defend_G","Defend_G","Defend_G","Defend_G","Strike_G","Strike_G","Strike_G","Strike_G","Strike_G"]},{"damage_healed":0,"gold_gain":0,"player_choice":"Ignored","damage_taken":0,"max_hp_gain":0,"max_hp_loss":0,"event_name":"Beggar","floor":21,"gold_loss":0},{"damage_healed":0,"gold_gain":0,"player_choice":"Ignored","damage_taken":0,"max_hp_gain":0,"max_hp_loss":0,"event_name":"Vampires","floor":25,"gold_loss":0},{"damage_healed":0,"gold_gain":0,"player_choice":"Read","damage_taken":0,"max_hp_gain":0,"max_hp_loss":0,"event_name":"The Library","floor":31,"gold_loss":0,"cards_obtained":["Blade Dance"]},{"damage_healed":0,"gold_gain":0,"player_choice":"Fight","damage_taken":0,"max_hp_gain":0,"max_hp_loss":0,"event_name":"MindBloom","floor":36,"gold_loss":0},{"damage_healed":0,"gold_gain":0,"player_choice":"Ignored","damage_taken":0,"max_hp_gain":0,"max_hp_loss":0,"event_name":"The Moai Head","floor":37,"gold_loss":0},{"damage_healed":0,"gold_gain":0,"player_choice":"Embrace Madness","damage_taken":9,"max_hp_gain":0,"max_hp_loss":0,"event_name":"Winding Halls","floor":38,"gold_loss":0,"cards_obtained":["Madness","Madness"]},{"damage_healed":0,"gold_gain":0,"player_choice":"Paid","damage_taken":0,"relics_obtained":["Red Mask"],"max_hp_gain":0,"max_hp_loss":0,"event_name":"Tomb of Lord Red Mask","floor":42,"gold_loss":286},{"damage_healed":0,"gold_gain":0,"player_choice":"Fight","damage_taken":0,"max_hp_gain":0,"max_hp_loss":0,"event_name":"Mysterious Sphere","floor":46,"gold_loss":0},{"cards_removed":["Expertise"],"damage_healed":0,"gold_gain":0,"player_choice":"Removed Skill","damage_taken":0,"max_hp_gain":0,"max_hp_loss":0,"event_name":"Falling","floor":47,"gold_loss":0}],"is_beta":false,"boss_relics":[{"not_picked":["Empty Cage","HoveringKite"],"picked":"Ectoplasm"},{"not_picked":["Astrolabe","Orrery"],"picked":"Runic Pyramid"}],"items_purged_floors":[],"is_endless":false,"potions_floor_spawned":[1,4,18,20,29,35,39,40],"killed_by":"Donu and Deca","ascension_level":0}