{"gold_per_floor":[13,13,13,13,27,27,40,65,65,86,86,125,150,170,170,291,291,311,311,329,347,400,400,421,421,448,484,502,517,561,577,577,702,702,718,90,106,127,146,146,177,177,177,196,214,0,0,15,15,15],"floor_reached":51,"playtime":4585,"items_purged":[],"score":852,"play_id":"e07ed880-4cd5-4860-8fdc-3b05e7e1a698","local_time":"20190810190811","is_ascension_mode":false,"campfire_choices":[{"data":"1","floor":6,"key":"LIFT"},{"data":"2","floor":11,"key":"LIFT"},{"data":"Whirlwind","floor":15,"key":"SMITH"},{"data":"3","floor":23,"key":"LIFT"},{"data":"Double Tap","floor":25,"key":"SMITH"},{"data":"Fiend Fire","floor":32,"key":"SMITH"},{"floor":40,"key":"REST"},{"data":"Enlightenment","floor":42,"key":"SMITH"},{"data":"Berserk","floor":49,"key":"SMITH"}],"neow_cost":"NO_GOLD","seed_source_timestamp":1703259116326200,"circlet_count":0,"master_deck":["Strike_R","Strike_R","Strike_R","Strike_R","Strike_R","Defend_R","Defend_R","Defend_R","Defend_R","Bash","Whirlwind+1","Regret","Power Through","Clothesline","Perfected Strike","Clash","Double Tap+1","Thunderclap","Infernal Blade","Reaper","Pommel Strike+1","Writhe","Pommel Strike","Whirlwind","Shame","Shrug It Off+1","Clumsy","Shockwave","Fiend Fire+1","Ghostly Armor+1","Heavy Blade+1","Perfected Strike+1","Berserk+1","Sword Boomerang+1","Transmutation","Enlightenment+1","Metallicize","Hemokinesis+1","Parasite","Clothesline+1","Bloodletting","Pummel+1","Parasite","Armaments+1","Feed","Intimidate"],"relics":["Burning Blood","Girya","Golden Idol","Darkstone Periapt","Smiling Mask","PreservedInsect","Cursed Key","Centennial Puzzle","Strawberry","Blood Vial","Thread and Needle","Ornamental Fan","Lizard Tail","Incense Burner","Ancient Tea Set","Magic Flower","Red Mask"],"potions_floor_usage":[33],"damage_taken":[{"damage":4,"enemies":"Small Slimes","floor":1,"turns":3},{"damage":3,"enemies":"2 Louse","floor":5,"turns":2},{"damage":8,"enemies":"Jaw Worm","floor":7,"turns":3},{"damage":6,"enemies":"2 Fungi Beasts","floor":8,"turns":5},{"damage":8,"enemies":"Exordium Wildlife","floor":10,"turns":6},{"damage":28,"enemies":"Lagavulin","floor":12,"turns":6},{"damage":10,"enemies":"Exordium Thugs","floor":13,"turns":4},{"damage":4,"enemies":"Gremlin Gang","floor":14,"turns":2},{"damage":14,"enemies":"Slime Boss","floor":16,"turns":6},{"damage":0,"enemies":"Spheric Guardian","floor":18,"turns":3},{"damage":18,"enemies":"Chosen","floor":20,"turns":5},{"damage":26,"enemies":"Shelled Parasite and Fungi","floor":21,"turns":4},{"damage":7,"enemies":"3 Cultists","floor":24,"turns":3},{"damage":38,"enemies":"Gremlin Leader","floor":27,"turns":5},{"damage":4,"enemies":"Centurion and Healer","floor":28,"turns":3},{"damage":11,"enemies":"Snecko","floor":29,"turns":3},{"damage":22,"enemies":"Book of Stabbing","floor":30,"turns":4},{"damage":23,"enemies":"Shelled Parasite and Fungi","floor":31,"turns":3},{"damage":61,"enemies":"Collector","floor":33,"turns":9},{"damage":5,"enemies":"Orb Walker","floor":35,"turns":3},{"damage":25,"enemies":"3 Shapes","floor":37,"turns":3},{"damage":41,"enemies":"Writhing Mass","floor":38,"turns":8},{"damage":11,"enemies":"4 Shapes","floor":39,"turns":3},{"damage":34,"enemies":"Reptomancer","floor":41,"turns":4},{"damage":31,"enemies":"Sphere and 2 Shapes","floor":44,"turns":4},{"damage":2,"enemies":"Transient","floor":45,"turns":5},{"damage":10,"enemies":"3 Darklings","floor":48,"turns":5},{"damage":104,"enemies":"Donu and Deca","floor":50,"turns":11}],"seed_played":"-3138093261649272408","potions_obtained":[{"floor":1,"key":"Regen Potion"},{"floor":10,"key":"FearPotion"},{"floor":12,"key":"Explosive Potion"},{"floor":13,"key":"BloodPotion"},{"floor":14,"key":"Energy Potion"},{"floor":28,"key":"PowerPotion"},{"floor":33,"key":"Swift Potion"}],"is_trial":false,"path_per_floor":["M","?","?","$","M","R","M","M","T","M","R","E","M","M","R","B",null,"M","?","M","M","T","R","M","R","T","E","M","M","E","M","R","B",null,"M","$","M","M","M","R","E","R","T","M","M","?","$","M","R","B",null],"character_chosen":"IRONCLAD","items_purchased":["Transmutation","Enlightenment","Metallicize","Incense Burner"],"campfire_rested":1,"item_purchase_floors":[36,36,36,36],"current_hp_per_floor":[80,60,66,66,69,69,67,67,67,65,65,43,39,41,41,33,86,86,92,80,66,79,79,78,78,84,68,86,83,79,71,71,21,111,111,111,92,65,62,97,99,99,105,86,107,107,107,122,122,44],"gold":15,"neow_bonus":"ONE_RARE_RELIC","is_prod":false,"is_daily":false,"chose_seed":false,"campfire_upgraded":5,"win_rate":0.0,"timestamp":1565489291,"path_taken":["M","?","?","?","M","R","M","M","T","M","R","E","M","M","R","BOSS","M","?","M","M","?","R","M","R","T","E","M","M","E","?","R","BOSS","M","$","?","?","M","R","E","R","T","M","?","?","$","M","R","BOSS"],"build_version":"2019-07-17","purchased_purges":0,"victory":true,"max_hp_per_floor":[80,80,86,86,86,86,86,86,86,86,86,86,86,86,86,86,86,86,92,92,92,105,105,105,105,111,111,111,111,111,111,111,111,111,111,111,111,117,117,117,117,117,123,123,123,123,123,123,123,126],"card_choices":[{"not_picked":["Entrench","Second Wind"],"picked":"Whirlwind","floor":1},{"not_picked":["Twin Strike","True Grit"],"picked":"Power Through","floor":5},{"not_picked":["True Grit","Flex"],"picked":"Clothesline","floor":7},{"not_picked":["Second Wind","Dark Embrace"],"picked":"Perfected Strike","floor":8},{"not_picked":["Body Slam","True Grit"],"picked":"Clash","floor":10},{"not_picked":["Cleave","Headbutt"],"picked":"Double Tap","floor":12},{"not_picked":["Armaments","Uppercut"],"picked":"Thunderclap","floor":13},{"not_picked":["Power Through","Twin Strike"],"picked":"Infernal Blade","floor":14},{"not_picked":["Bludgeon","Impervious"],"picked":"Reaper","floor":16},{"not_picked":["Ghostly Armor","Clash"],"picked":"Pommel Strike+1","floor":18},{"not_picked":["Warcry","Perfected Strike"],"picked":"Pommel Strike","floor":20},{"not_picked":["Clash","Thunderclap"],"picked":"Whirlwind","floor":21},{"not_picked":["Pommel Strike+1","Rupture"],"picked":"Shrug It Off+1","floor":24},{"not_picked":["Fire Breathing+1","Flex"],"picked":"Shockwave","floor":27},{"not_picked":["Iron Wave","Dropkick"],"picked":"Fiend Fire","floor":28},{"not_picked":["Clash+1","Iron Wave+1"],"picked":"Ghostly Armor+1","floor":29},{"not_picked":["Sword Boomerang","Body Slam"],"picked":"Heavy Blade+1","floor":30},{"not_picked":["Pommel Strike+1","Warcry"],"picked":"Perfected Strike+1","floor":31},{"not_picked":["Feed","Brutality"],"picked":"Berserk","floor":33},{"not_picked":["Shockwave+1","Clash+1"],"picked":"Sword Boomerang+1","floor":35},{"not_picked":["Body Slam","Iron Wave"],"picked":"Hemokinesis+1","floor":37},{"not_picked":["Clash+1","Searing Blow"],"picked":"Clothesline+1","floor":38},{"not_picked":["Intimidate","Spot Weakness"],"picked":"Bloodletting","floor":39},{"not_picked":["Warcry+1","Headbutt+1"],"picked":"Pummel+1","floor":41},{"not_picked":["Heavy Blade","Burning Pact"],"picked":"Armaments+1","floor":44},{"not_picked":["Body Slam+1","Sever Soul"],"picked":"Feed","floor":45},{"not_picked":["Shrug It Off","Sword Boomerang"],"picked":"Intimidate","floor":48}],"player_experience":18131,"relics_obtained":[{"floor":9,"key":"Smiling Mask"},{"floor":12,"key":"PreservedInsect"},{"floor":22,"key":"Strawberry"},{"floor":26,"key":"Blood Vial"},{"floor":27,"key":"Thread and Needle"},{"floor":30,"key":"Ornamental Fan"},{"floor":41,"key":"Ancient Tea Set"},{"floor":43,"key":"Magic Flower"}],"event_choices":[{"damage_healed":0,"gold_gain":0,"player_choice":"Take Damage","damage_taken":20,"relics_obtained":["Golden Idol"],"max_hp_gain":0,"max_hp_loss":0,"event_name":"Golden Idol","floor":2,"gold_loss":0},{"damage_healed":0,"gold_gain":0,"player_choice":"Box","damage_taken":0,"relics_obtained":["Darkstone Periapt"],"max_hp_gain":0,"max_hp_loss":0,"event_name":"Big Fish","floor":3,"gold_loss":0,"cards_obtained":["Regret"]},{"damage_healed":0,"gold_gain":0,"player_choice":"Opened","damage_taken":0,"relics_obtained":["Centennial Puzzle"],"max_hp_gain":0,"max_hp_loss":0,"event_name":"The Mausoleum","floor":19,"gold_loss":0,"cards_obtained":["Writhe"]},{"damage_healed":0,"gold_gain":0,"player_choice":"Paid","damage_taken":0,"relics_obtained":["Red Mask"],"max_hp_gain":0,"max_hp_loss":0,"event_name":"Tomb of Lord Red Mask","floor":46,"gold_loss":214}],"is_beta":false,"boss_relics":[{"not_picked":["Ectoplasm","Philosopher\u0027s Stone"],"picked":"Cursed Key"},{"not_picked":["Runic Dome","Snecko Eye"],"picked":"Lizard Tail"}],"items_purged_floors":[],"is_endless":false,"potions_floor_spawned":[1,10,12,13,14,21,28,30,33,35,39,48],"ascension_level":0}