{"gold_per_floor":[111,111,127,146,146,146,158,158,212,247,266,291,306,322,322,322],"floor_reached":16,"playtime":408,"items_purged":[],"score":228,"play_id":"67bd926e-6fab-4cc4-b377-25bd5362f3a4","local_time":"20190328154738","is_ascension_mode":true,"campfire_choices":[{"data":"Neutralize","floor":6,"key":"SMITH"},{"data":"Strike_G","floor":8,"key":"SMITH"},{"floor":15,"key":"REST"}],"neow_cost":"NONE","seed_source_timestamp":1276414502865064,"circlet_count":0,"master_deck":["AscendersBane","Defend_G","Defend_G","Defend_G","Defend_G","Defend_G","Strike_G","Strike_G","Strike_G+1","Strike_G","Strike_G","Survivor","Neutralize+1","Dagger Spray+1","Dash","Terror","PiercingWail","Flying Knee","After Image"],"relics":["Ring of the Snake","NeowsBlessing","Ancient Tea Set","Happy Flower","Bronze Scales"],"potions_floor_usage":[7,10,10,12,16],"damage_taken":[{"damage":0,"enemies":"2 Louse","floor":1,"turns":1},{"damage":0,"enemies":"Cultist","floor":3,"turns":1},{"damage":0,"enemies":"Jaw Worm","floor":4,"turns":1},{"damage":0,"enemies":"2 Fungi Beasts","floor":7,"turns":4},{"damage":6,"enemies":"Gremlin Nob","floor":10,"turns":3},{"damage":1,"enemies":"Looter","floor":11,"turns":3},{"damage":22,"enemies":"Lagavulin","floor":12,"turns":6},{"damage":9,"enemies":"3 Louse","floor":13,"turns":3},{"damage":0,"enemies":"Lots of Slimes","floor":14,"turns":1},{"damage":48,"enemies":"Slime Boss","floor":16,"turns":9}],"seed_played":"-9124873192537965365","potions_obtained":[{"floor":2,"key":"SteroidPotion"},{"floor":2,"key":"Fruit Juice"},{"floor":7,"key":"AttackPotion"},{"floor":11,"key":"SteroidPotion"},{"floor":14,"key":"Block Potion"}],"is_trial":false,"path_per_floor":["M","?","M","M","?","R","M","R","T","E","M","E","M","M","R","B"],"character_chosen":"THE_SILENT","items_purchased":[],"campfire_rested":1,"item_purchase_floors":[],"current_hp_per_floor":[59,59,59,59,59,59,64,64,64,58,57,35,26,26,47,0],"gold":322,"neow_bonus":"THREE_ENEMY_KILL","is_prod":false,"is_daily":false,"chose_seed":false,"campfire_upgraded":2,"win_rate":0,"timestamp":1553788058,"path_taken":["M","?","M","?","?","R","M","R","T","E","M","E","M","M","R","BOSS"],"build_version":"2019-03-15","purchased_purges":0,"victory":false,"max_hp_per_floor":[66,66,66,66,66,66,71,71,71,71,71,71,71,71,71,71],"card_choices":[{"not_picked":["Outmaneuver","Poisoned Stab"],"picked":"Dagger Spray","floor":1},{"not_picked":["Cloak And Dagger","Deflect","Sucker Punch"],"picked":"SKIP","floor":3},{"not_picked":["Acrobatics","Prepared","Bane"],"picked":"SKIP","floor":4},{"not_picked":["Outmaneuver","Phantasmal Killer","Dodge and Roll"],"picked":"SKIP","floor":7},{"not_picked":["Flying Knee","Tactician"],"picked":"Dash","floor":10},{"not_picked":["Deflect","Underhanded Strike"],"picked":"Terror","floor":11},{"not_picked":["Deflect","Blur"],"picked":"PiercingWail","floor":12},{"not_picked":["Backflip","Concentrate"],"picked":"Flying Knee","floor":13},{"not_picked":["Deflect","Flying Knee"],"picked":"After Image","floor":14}],"player_experience":1967944,"relics_obtained":[{"floor":9,"key":"Ancient Tea Set"},{"floor":10,"key":"Happy Flower"},{"floor":12,"key":"Bronze Scales"}],"event_choices":[{"damage_healed":0,"gold_gain":0,"player_choice":"Got Potions","damage_taken":0,"max_hp_gain":0,"max_hp_loss":0,"event_name":"Lab","floor":2,"gold_loss":0},{"damage_healed":0,"gold_gain":0,"player_choice":"Grow","damage_taken":0,"max_hp_gain":0,"max_hp_loss":0,"event_name":"Living Wall","floor":5,"gold_loss":0,"cards_upgraded":["Dagger Spray"]}],"is_beta":true,"boss_relics":[],"items_purged_floors":[],"is_endless":false,"potions_floor_spawned":[7,11,14],"killed_by":"Slime Boss","ascension_level":20}