{"gold_per_floor":[117,129,50,50,50,81,81,112,112,112,131,141,141,176,176,253,253,270,284,209,209,209,243,243,269,269,269,298,298,309,323,323,398,398,410,457,470,484,494,528,528,562,562,574,594,594,594,594,594,594,594],"floor_reached":51,"playtime":2410,"items_purged":[],"score":1616,"play_id":"0140844a-fb4f-42ba-b069-20dedcbf3530","local_time":"20190620034452","is_ascension_mode":true,"campfire_choices":[{"data":"Bash","floor":13,"key":"SMITH"},{"data":"True Grit","floor":15,"key":"SMITH"},{"data":"J.A.X.","floor":24,"key":"SMITH"},{"floor":27,"key":"REST"},{"data":"Limit Break","floor":32,"key":"SMITH"},{"data":"Feel No Pain","floor":41,"key":"SMITH"},{"floor":47,"key":"RECALL"},{"floor":49,"key":"REST"}],"neow_cost":"NONE","seed_source_timestamp":206080746238828,"circlet_count":0,"master_deck":["AscendersBane","Bash+1","Carnage","Feel No Pain+1","Pummel","True Grit+1","Inflame+1","Shrug It Off","Feed","Blood for Blood","Carnage","Ghostly Armor","Thunderclap","Reaper","Barricade+1","Flame Barrier","J.A.X.+1","Anger","Shrug It Off","Limit Break+1","Havoc","Immolate","Spot Weakness","Sword Boomerang+1","True Grit+1","Ghostly Armor+1","Heavy Blade+1","Violence"],"relics":["Burning Blood","NeowsBlessing","Happy Flower","Red Skull","Frozen Egg 2","Dodecahedron","Ornamental Fan","Lantern","Pandora\u0027s Box","Orichalcum","Kunai","Omamori","Bag of Preparation","Gremlin Horn","Calling Bell","Juzu Bracelet","Molten Egg 2","Du-Vu Doll","Incense Burner","Anchor","Bottled Tornado"],"potions_floor_usage":[16,23,28,39,39,39,39,50,51],"damage_taken":[{"damage":0,"enemies":"Cultist","floor":1,"turns":1},{"damage":0,"enemies":"Jaw Worm","floor":2,"turns":1},{"damage":0,"enemies":"Gremlin Nob","floor":6,"turns":1},{"damage":16,"enemies":"3 Sentries","floor":8,"turns":7},{"damage":5,"enemies":"Small Slimes","floor":11,"turns":5},{"damage":6,"enemies":"Exordium Wildlife","floor":12,"turns":4},{"damage":8,"enemies":"Lagavulin","floor":14,"turns":7},{"damage":9,"enemies":"Hexaghost","floor":16,"turns":9},{"damage":20,"enemies":"Spheric Guardian","floor":18,"turns":5},{"damage":15,"enemies":"Shell Parasite","floor":19,"turns":10},{"damage":30,"enemies":"Slavers","floor":23,"turns":5},{"damage":27,"enemies":"Book of Stabbing","floor":25,"turns":4},{"damage":53,"enemies":"Slavers","floor":28,"turns":7},{"damage":6,"enemies":"3 Cultists","floor":30,"turns":6},{"damage":11,"enemies":"Snecko","floor":31,"turns":5},{"damage":52,"enemies":"Collector","floor":33,"turns":9},{"damage":0,"enemies":"3 Shapes","floor":35,"turns":9},{"damage":41,"enemies":"2 Orb Walkers","floor":36,"turns":5},{"damage":51,"enemies":"3 Darklings","floor":37,"turns":4},{"damage":16,"enemies":"Sphere and 2 Shapes","floor":38,"turns":2},{"damage":9,"enemies":"Writhing Mass","floor":39,"turns":6},{"damage":0,"enemies":"Reptomancer","floor":40,"turns":2},{"damage":87,"enemies":"Giant Head","floor":42,"turns":8},{"damage":22,"enemies":"4 Shapes","floor":44,"turns":2},{"damage":4,"enemies":"Sphere and 2 Shapes","floor":45,"turns":5},{"damage":86,"enemies":"Awakened One","floor":50,"turns":9},{"damage":42,"enemies":"Time Eater","floor":51,"turns":6}],"seed_played":"9134792284506015266","potions_obtained":[{"floor":1,"key":"PowerPotion"},{"floor":6,"key":"Explosive Potion"},{"floor":18,"key":"Dexterity Potion"},{"floor":23,"key":"EntropicBrew"},{"floor":30,"key":"SpeedPotion"},{"floor":36,"key":"PowerPotion"},{"floor":42,"key":"Weak Potion"},{"floor":44,"key":"Block Potion"}],"is_trial":false,"path_per_floor":["M","M","$","?","?","E","T","E","T","?","M","M","R","E","R","B",null,"M","M","?","?","?","E","R","E","T","R","E","T","M","M","R","B",null,"M","?","M","M","M","E","R","E","T","M","M","?","R","?","R","B","B"],"character_chosen":"IRONCLAD","items_purchased":["Feel No Pain"],"campfire_rested":2,"item_purchase_floors":[3],"current_hp_per_floor":[74,75,75,49,42,48,48,38,38,43,44,44,44,42,42,39,70,56,60,60,60,60,49,49,28,28,53,48,48,51,61,61,62,89,101,75,33,23,49,55,55,18,18,69,74,74,74,64,97,17,0],"gold":594,"neow_bonus":"THREE_ENEMY_KILL","is_prod":false,"is_daily":false,"chose_seed":false,"campfire_upgraded":5,"win_rate":0,"timestamp":1560998692,"path_taken":["M","M","$","?","?","E","?","E","T","?","M","M","R","E","R","BOSS","M","M","?","?","?","E","R","E","T","R","E","?","M","M","R","BOSS","M","?","M","M","M","E","R","E","T","M","M","?","R","?","R","BOSS","BOSS"],"build_version":"2019-06-18","purchased_purges":0,"victory":false,"max_hp_per_floor":[75,75,75,75,75,75,75,75,75,80,80,80,80,80,80,80,80,80,83,83,83,83,86,86,86,86,86,89,89,92,95,95,98,98,101,101,104,104,107,107,107,107,107,110,113,110,110,110,110,110,110],"card_choices":[{"not_picked":["Seeing Red","Flex","Havoc"],"picked":"SKIP","floor":1},{"not_picked":["Sword Boomerang","Perfected Strike"],"picked":"Carnage","floor":2},{"not_picked":["Warcry","Rupture"],"picked":"Pummel","floor":6},{"not_picked":["Armaments","Evolve+1"],"picked":"True Grit","floor":8},{"not_picked":["Entrench","Warcry","Clash"],"picked":"SKIP","floor":11},{"not_picked":["Hemokinesis","Carnage"],"picked":"Inflame+1","floor":12},{"not_picked":["Uppercut","Thunderclap"],"picked":"Shrug It Off","floor":14},{"not_picked":["Impervious","Demon Form+1"],"picked":"Feed","floor":16},{"not_picked":["Heavy Blade","Clash","Clothesline+1"],"picked":"SKIP","floor":18},{"not_picked":["Perfected Strike","Wild Strike","Clash"],"picked":"SKIP","floor":19},{"not_picked":["Havoc","Clothesline","Perfected Strike"],"picked":"SKIP","floor":23},{"not_picked":["Bludgeon","Iron Wave"],"picked":"Anger","floor":25},{"not_picked":["Thunderclap","Clothesline"],"picked":"Shrug It Off","floor":28},{"not_picked":["Heavy Blade","Anger"],"picked":"Limit Break","floor":30},{"not_picked":["Rage","Entrench"],"picked":"Havoc","floor":31},{"not_picked":["Demon Form+1","Dark Embrace+1"],"picked":"Immolate","floor":33},{"not_picked":["Flex","Combust+1"],"picked":"Spot Weakness","floor":35},{"not_picked":["Intimidate+1","Flame Barrier"],"picked":"Sword Boomerang+1","floor":36},{"not_picked":["Evolve+1","Heavy Blade+1"],"picked":"True Grit+1","floor":37},{"not_picked":["Cleave+1","Heavy Blade+1"],"picked":"Ghostly Armor+1","floor":38},{"not_picked":["Rupture+1","Warcry","Twin Strike+1"],"picked":"SKIP","floor":39},{"not_picked":["Thunderclap+1","Bludgeon+1","Whirlwind+1"],"picked":"SKIP","floor":40},{"not_picked":["Fire Breathing+1","Pommel Strike+1","Clash+1"],"picked":"SKIP","floor":42},{"not_picked":["True Grit","Pommel Strike+1"],"picked":"Heavy Blade+1","floor":44},{"not_picked":["Armaments+1","Twin Strike+1","Sentinel"],"picked":"SKIP","floor":45},{"not_picked":["Good Instincts","The Bomb"],"picked":"Violence","floor":48}],"player_experience":2122994,"relics_obtained":[{"floor":6,"key":"Red Skull"},{"floor":7,"key":"Frozen Egg 2"},{"floor":8,"key":"Dodecahedron"},{"floor":9,"key":"Ornamental Fan"},{"floor":14,"key":"Lantern"},{"floor":23,"key":"Orichalcum"},{"floor":25,"key":"Kunai"},{"floor":26,"key":"Omamori"},{"floor":28,"key":"Bag of Preparation"},{"floor":29,"key":"Gremlin Horn"},{"floor":34,"key":"Juzu Bracelet"},{"floor":34,"key":"Molten Egg 2"},{"floor":34,"key":"Du-Vu Doll"},{"floor":36,"key":"Incense Burner"},{"floor":40,"key":"Anchor"},{"floor":42,"key":"Bottled Tornado"}],"event_choices":[{"damage_healed":0,"gold_gain":0,"player_choice":"Success","damage_taken":26,"relics_obtained":["Happy Flower"],"max_hp_gain":0,"max_hp_loss":0,"event_name":"Scrap Ooze","floor":4,"gold_loss":0},{"cards_removed":["Strike_R"],"damage_healed":0,"gold_gain":0,"player_choice":"Card Removal","damage_taken":7,"max_hp_gain":0,"max_hp_loss":0,"event_name":"Golden Wing","floor":5,"gold_loss":0},{"damage_healed":0,"gold_gain":0,"player_choice":"Donut","damage_taken":0,"max_hp_gain":5,"max_hp_loss":0,"event_name":"Big Fish","floor":10,"gold_loss":0},{"cards_removed":["Clash"],"damage_healed":0,"gold_gain":0,"player_choice":"Gave Gold","damage_taken":0,"max_hp_gain":0,"max_hp_loss":0,"event_name":"Beggar","floor":20,"gold_loss":75},{"damage_healed":0,"gold_gain":0,"player_choice":"Obtain J.A.X.","damage_taken":0,"max_hp_gain":0,"max_hp_loss":0,"event_name":"Drug Dealer","floor":21,"gold_loss":0,"cards_obtained":["J.A.X."]},{"damage_healed":0,"gold_gain":0,"player_choice":"Ignored","damage_taken":0,"max_hp_gain":0,"max_hp_loss":0,"event_name":"The Mausoleum","floor":22,"gold_loss":0},{"damage_healed":0,"gold_gain":0,"player_choice":"Fight","damage_taken":0,"max_hp_gain":0,"max_hp_loss":0,"event_name":"Mysterious Sphere","floor":36,"gold_loss":0},{"cards_removed":["Parasite","Injury"],"damage_healed":0,"gold_gain":0,"player_choice":"Removed Curses","damage_taken":0,"max_hp_gain":0,"max_hp_loss":0,"event_name":"Fountain of Cleansing","floor":46,"gold_loss":0},{"damage_healed":0,"gold_gain":0,"player_choice":"Memory 3","damage_taken":10,"max_hp_gain":0,"max_hp_loss":0,"event_name":"SensoryStone","floor":48,"gold_loss":0}],"is_beta":true,"boss_relics":[{"not_picked":["Lizard Tail","Coffee Dripper"],"picked":"Pandora\u0027s Box"},{"not_picked":["Runic Pyramid","Busted Crown"],"picked":"Calling Bell"}],"items_purged_floors":[],"is_endless":false,"potions_floor_spawned":[1,6,11,18,23,30,36,37,42,44],"killed_by":"Time Eater","ascension_level":20}