{"gold_per_floor":[116,41,41,56,67,101,112,125,148,148,180,180,180,195,195,267,267,285,305,118,118,129,129],"floor_reached":23,"playtime":1245,"items_purged":["Strike_G"],"score":406,"play_id":"e29c6046-1d79-4675-bc1b-26cb9c1f6283","local_time":"20190316143635","is_ascension_mode":true,"campfire_choices":[{"data":"Cloak And Dagger","floor":10.0,"key":"SMITH"},{"data":"Well Laid Plans","floor":13.0,"key":"SMITH"},{"data":"Choke","floor":15.0,"key":"SMITH"}],"neow_cost":"NONE","seed_source_timestamp":0,"circlet_count":0,"master_deck":["AscendersBane","Defend_G","Defend_G","Defend_G","Defend_G","Defend_G","Strike_G","Survivor","Neutralize+1","Choke+1","Well Laid Plans+1","Grand Finale","Cloak And Dagger+1","Dodge and Roll","After Image","Dagger Throw+1","Footwork","Deadly Poison","RitualDagger","Cloak And Dagger"],"special_seed":0,"relics":["Ring of the Snake","Thread and Needle","Omamori","Boot","Oddly Smooth Stone","Empty Cage"],"potions_floor_usage":[23],"damage_taken":[{"damage":1.0,"enemies":"Small Slimes","floor":1.0,"turns":5.0},{"damage":0.0,"enemies":"2 Louse","floor":4.0,"turns":3.0},{"damage":2.0,"enemies":"Jaw Worm","floor":5.0,"turns":4.0},{"damage":26.0,"enemies":"Gremlin Nob","floor":6.0,"turns":4.0},{"damage":0.0,"enemies":"3 Louse","floor":7.0,"turns":5.0},{"damage":1.0,"enemies":"Large Slime","floor":8.0,"turns":11.0},{"damage":7.0,"enemies":"3 Sentries","floor":11.0,"turns":10.0},{"damage":0.0,"enemies":"Blue Slaver","floor":14.0,"turns":4.0},{"damage":19.0,"enemies":"Hexaghost","floor":16.0,"turns":13.0},{"damage":0,"enemies":"Chosen","floor":18,"turns":3},{"damage":2,"enemies":"3 Byrds","floor":19,"turns":3},{"damage":0,"enemies":"Centurion and Healer","floor":22,"turns":6},{"damage":45,"enemies":"Slavers","floor":23,"turns":5}],"seed_played":"-1644072668849773546","potions_obtained":[{"floor":1.0,"key":"Ancient Potion"},{"floor":5.0,"key":"FearPotion"},{"floor":6.0,"key":"PowerPotion"},{"floor":14.0,"key":"AttackPotion"},{"floor":19,"key":"SkillPotion"}],"is_trial":false,"path_per_floor":["M","?","?","M","M","E","M","M","T","R","E","T","R","M","R","B",null,"M","M","$","?","M","E"],"character_chosen":"THE_SILENT","items_purchased":["Footwork","Deadly Poison"],"campfire_rested":0,"item_purchase_floors":[20,20],"current_hp_per_floor":[58,58,58,58,56,30,30,29,29,29,22,22,22,22,22,3,50,50,48,48,42,42,0],"gold":129,"neow_bonus":"UPGRADE_CARD","is_prod":false,"is_daily":false,"chose_seed":false,"campfire_upgraded":3,"win_rate":0,"timestamp":1552746995,"path_taken":["M","?","?","M","M","E","M","M","T","R","E","?","R","M","R","BOSS","M","M","$","?","M","E"],"build_version":"2019-03-15","purchased_purges":1,"victory":false,"max_hp_per_floor":[66,66,66,66,66,66,66,66,66,66,66,66,66,66,66,66,66,66,66,66,66,66,66],"card_choices":[{"not_picked":["Slice","Concentrate"],"picked":"Choke","floor":1.0},{"not_picked":["Deflect","Riddle With Holes"],"picked":"Well Laid Plans","floor":4.0},{"not_picked":["Reflex","Outmaneuver","Choke"],"picked":"SKIP","floor":5.0},{"not_picked":["Tactician","Deflect"],"picked":"Grand Finale","floor":6.0},{"not_picked":["Dodge and Roll","Underhanded Strike"],"picked":"Cloak And Dagger","floor":7.0},{"not_picked":["Sucker Punch","Heel Hook","Prepared"],"picked":"SKIP","floor":8.0},{"not_picked":["Blade Dance","Storm of Steel"],"picked":"Dodge and Roll","floor":11.0},{"not_picked":["Dagger Spray","Reflex","Blade Dance"],"picked":"SKIP","floor":14.0},{"not_picked":["Wraith Form v2","Adrenaline"],"picked":"After Image","floor":16.0},{"not_picked":["Blade Dance","Accuracy"],"picked":"Dagger Throw+1","floor":18},{"not_picked":["Terror","Flechettes","Dodge and Roll"],"picked":"SKIP","floor":19},{"not_picked":["Finisher+1","Predator"],"picked":"Cloak And Dagger","floor":22}],"player_experience":1936426,"relics_obtained":[{"floor":6.0,"key":"Thread and Needle"},{"floor":9.0,"key":"Omamori"},{"floor":11.0,"key":"Boot"},{"floor":12.0,"key":"Oddly Smooth Stone"}],"event_choices":[{"cards_removed":["Strike_G"],"damage_healed":0.0,"max_hp_gain":0.0,"max_hp_loss":0.0,"gold_gain":0.0,"event_name":"The Cleric","player_choice":"Card Removal","floor":2.0,"gold_loss":75.0,"damage_taken":0.0},{"damage_healed":0.0,"max_hp_gain":0.0,"max_hp_loss":0.0,"gold_gain":0.0,"event_name":"Liars Game","player_choice":"Ignored","floor":3.0,"gold_loss":0.0,"damage_taken":0.0},{"damage_healed":0,"gold_gain":0,"player_choice":"Joined the Cult","damage_taken":6,"max_hp_gain":0,"max_hp_loss":0,"event_name":"Nest","floor":21,"gold_loss":0,"cards_obtained":["RitualDagger"]}],"is_beta":true,"boss_relics":[{"not_picked":["Tiny House","Orrery"],"picked":"Empty Cage"}],"items_purged_floors":[20],"is_endless":false,"potions_floor_spawned":[1,5,6,14,19],"killed_by":"Slavers","ascension_level":20}