{"gold_per_floor":[12,12,12,12,32,65,65,81,104,104,179,199,124,145,145,145],"floor_reached":16,"playtime":419,"items_purged":["Strike_R"],"score":130,"play_id":"a0d37b0f-b544-4d8b-853f-49c6e176f307","local_time":"20190721110403","is_ascension_mode":true,"campfire_choices":[{"floor":7,"key":"REST"},{"data":"Armaments","floor":15,"key":"SMITH"}],"neow_cost":"NO_GOLD","seed_source_timestamp":346815960127900,"circlet_count":0,"master_deck":["Strike_R","Strike_R","Strike_R","Strike_R","Defend_R","Defend_R","Defend_R","Defend_R","Bash","Limit Break","Sword Boomerang","Limit Break","Armaments+1","Whirlwind"],"relics":["Burning Blood","Golden Idol","Orichalcum","Oddly Smooth Stone","Letter Opener"],"potions_floor_usage":[6,14,16],"damage_taken":[{"damage":18,"enemies":"Jaw Worm","floor":1,"turns":4},{"damage":12,"enemies":"Small Slimes","floor":5,"turns":3},{"damage":30,"enemies":"Lagavulin","floor":6,"turns":4},{"damage":0,"enemies":"Cultist","floor":8,"turns":3},{"damage":6,"enemies":"Exordium Wildlife","floor":12,"turns":5},{"damage":2,"enemies":"2 Fungi Beasts","floor":14,"turns":4},{"damage":54,"enemies":"Slime Boss","floor":16,"turns":6}],"seed_played":"-7770719344368684574","potions_obtained":[{"floor":5,"key":"SteroidPotion"},{"floor":6,"key":"Weak Potion"},{"floor":12,"key":"EssenceOfSteel"}],"is_trial":false,"path_per_floor":["M","?","?","?","M","E","R","M","T","T","?","M","$","M","R","B"],"character_chosen":"IRONCLAD","items_purchased":[],"campfire_rested":1,"item_purchase_floors":[],"current_hp_per_floor":[60,40,40,40,34,10,34,40,40,40,32,32,32,36,36,0],"gold":145,"neow_bonus":"THREE_RARE_CARDS","is_prod":false,"is_daily":false,"chose_seed":false,"campfire_upgraded":1,"win_rate":0,"timestamp":1563674643,"path_taken":["M","?","?","?","?","E","R","M","T","?","?","M","$","?","R","BOSS"],"build_version":"2019-07-17","purchased_purges":1,"victory":false,"max_hp_per_floor":[80,80,80,80,80,80,80,80,80,80,80,80,80,80,80,80],"card_choices":[{"not_picked":["Demon Form","Double Tap"],"picked":"Limit Break","floor":0},{"not_picked":["Warcry","Havoc","Ghostly Armor"],"picked":"SKIP","floor":1},{"not_picked":["Clash","Thunderclap"],"picked":"Sword Boomerang","floor":5},{"not_picked":["Perfected Strike","Pommel Strike"],"picked":"Limit Break","floor":6},{"not_picked":["Carnage","Perfected Strike"],"picked":"Armaments","floor":8},{"not_picked":["True Grit","Entrench","Pommel Strike"],"picked":"SKIP","floor":12},{"not_picked":["Corruption","Havoc"],"picked":"Whirlwind","floor":14}],"player_experience":119987,"relics_obtained":[{"floor":6,"key":"Orichalcum"},{"floor":9,"key":"Oddly Smooth Stone"},{"floor":10,"key":"Letter Opener"}],"event_choices":[{"damage_healed":0,"gold_gain":0,"player_choice":"Take Damage","damage_taken":20,"relics_obtained":["Golden Idol"],"max_hp_gain":0,"max_hp_loss":0,"event_name":"Golden Idol","floor":2,"gold_loss":0},{"damage_healed":0,"gold_gain":0,"player_choice":"Ignored","damage_taken":0,"max_hp_gain":0,"max_hp_loss":0,"event_name":"Liars Game","floor":3,"gold_loss":0},{"damage_healed":0,"gold_gain":0,"player_choice":"Ignored","damage_taken":0,"max_hp_gain":0,"max_hp_loss":0,"event_name":"WeMeetAgain","floor":4,"gold_loss":0},{"damage_healed":0,"gold_gain":75,"player_choice":"Touch","damage_taken":8,"max_hp_gain":0,"max_hp_loss":0,"event_name":"FaceTrader","floor":11,"gold_loss":0}],"is_beta":false,"boss_relics":[],"items_purged_floors":[13],"is_endless":false,"potions_floor_spawned":[5,6,12],"killed_by":"Slime Boss","ascension_level":6}