{"gold_per_floor":[112,112,131,60,75,105,105,126,126,81,81,97,111,125,125,224,224,243,262,262,262,262,292,292,303,374,392,423,423],"floor_reached":29,"playtime":1674,"items_purged":[],"score":245,"play_id":"2af1fbfe-8ef0-4a1e-98da-cc8d2c188dd8","local_time":"20190629062504","is_ascension_mode":false,"campfire_choices":[{"data":"Noxious Fumes","floor":7,"key":"SMITH"},{"floor":11,"key":"RECALL"},{"data":"Caltrops","floor":15,"key":"SMITH"},{"data":"Crippling Poison","floor":24,"key":"SMITH"}],"neow_cost":"NONE","seed_source_timestamp":246048123051800,"circlet_count":0,"master_deck":["Defend_G","Defend_G","Defend_G","Defend_G","Defend_G","Strike_G","Strike_G","Strike_G","Survivor","Neutralize","Poisoned Stab","Noxious Fumes+1","Bouncing Flask","Caltrops+1","Cloak And Dagger","Glass Knife","Backflip","Backflip","Prepared","Wraith Form v2","Noxious Fumes","Crippling Poison+1","Leg Sweep","Prepared","Crippling Poison+1","Leg Sweep","Dagger Throw"],"relics":["Coffee Dripper","Bird Faced Urn","Odd Mushroom","Mango","Snecko Eye","Dodecahedron","Red Mask"],"potions_floor_usage":[6,8,27,27,28],"damage_taken":[{"damage":0,"enemies":"2 Louse","floor":1,"turns":3},{"damage":0,"enemies":"Cultist","floor":3,"turns":4},{"damage":0,"enemies":"Small Slimes","floor":5,"turns":3},{"damage":42,"enemies":"3 Sentries","floor":6,"turns":6},{"damage":8,"enemies":"The Mushroom Lair","floor":8,"turns":5},{"damage":0,"enemies":"Exordium Wildlife","floor":12,"turns":3},{"damage":0,"enemies":"Exordium Thugs","floor":13,"turns":4},{"damage":2,"enemies":"Blue Slaver","floor":14,"turns":3},{"damage":31,"enemies":"Slime Boss","floor":16,"turns":8},{"damage":3,"enemies":"Chosen","floor":18,"turns":5},{"damage":26,"enemies":"2 Thieves","floor":19,"turns":4},{"damage":46,"enemies":"Gremlin Leader","floor":23,"turns":8},{"damage":6,"enemies":"Snake Plant","floor":25,"turns":4},{"damage":12,"enemies":"Shelled Parasite and Fungi","floor":27,"turns":5},{"damage":36,"enemies":"Masked Bandits","floor":28,"turns":4},{"damage":7,"enemies":"Centurion and Healer","floor":29,"turns":1}],"seed_played":"5042920051265894827","potions_obtained":[{"floor":1,"key":"Energy Potion"},{"floor":5,"key":"LiquidBronze"},{"floor":6,"key":"SpeedPotion"},{"floor":14,"key":"Regen Potion"},{"floor":18,"key":"Regen Potion"},{"floor":28,"key":"Strength Potion"}],"is_trial":false,"path_per_floor":["M","?","M","$","M","E","R","?","T","$","R","M","M","M","R","B",null,"M","M","$","?","?","E","R","M","T","M","?","M"],"character_chosen":"THE_SILENT","items_purchased":["Bouncing Flask","Backflip"],"campfire_rested":0,"item_purchase_floors":[4,10],"current_hp_per_floor":[70,70,70,70,70,28,28,24,38,38,38,40,42,42,42,15,84,81,57,57,57,57,19,19,13,13,39,7,0],"gold":423,"neow_bonus":"BOSS_RELIC","is_prod":false,"is_daily":false,"chose_seed":false,"campfire_upgraded":3,"win_rate":0,"timestamp":1561757104,"path_taken":["M","?","?","$","M","E","R","?","T","?","R","M","M","M","R","BOSS","M","M","$","?","?","E","R","M","T","?","?","M"],"build_version":"2019-01-23","purchased_purges":0,"victory":false,"max_hp_per_floor":[70,70,70,70,70,70,70,70,84,84,84,84,84,84,84,84,84,84,84,84,84,84,84,84,84,84,84,84,84],"card_choices":[{"not_picked":["Predator","Dodge and Roll"],"picked":"Poisoned Stab","floor":1},{"not_picked":["Acrobatics","Slice"],"picked":"Noxious Fumes","floor":3},{"not_picked":["Dagger Throw","Skewer"],"picked":"Caltrops","floor":5},{"not_picked":["Acrobatics","Skewer"],"picked":"Cloak And Dagger","floor":6},{"not_picked":["Cloak And Dagger","Endless Agony"],"picked":"Glass Knife","floor":8},{"not_picked":["Blade Dance","Flying Knee"],"picked":"Backflip","floor":12},{"not_picked":["Deflect","Endless Agony"],"picked":"Prepared","floor":13},{"not_picked":["Sucker Punch","Dodge and Roll","Reflex"],"picked":"SKIP","floor":14},{"not_picked":["Night Terror","Doppelganger"],"picked":"Wraith Form v2","floor":16},{"not_picked":["Underhanded Strike","PiercingWail"],"picked":"Noxious Fumes","floor":18},{"not_picked":["Outmaneuver+1","Underhanded Strike"],"picked":"Crippling Poison","floor":19},{"not_picked":["Burst","Prepared"],"picked":"Crippling Poison+1","floor":23},{"not_picked":["Prepared","Backflip"],"picked":"Leg Sweep","floor":25},{"not_picked":["Deflect","Cloak And Dagger+1"],"picked":"Dagger Throw","floor":27}],"player_experience":49870,"relics_obtained":[{"floor":6,"key":"Bird Faced Urn"},{"floor":8,"key":"Odd Mushroom"},{"floor":9,"key":"Mango"},{"floor":23,"key":"Dodecahedron"},{"floor":28,"key":"Red Mask"}],"event_choices":[{"cards_removed":["Strike_G"],"damage_healed":0,"gold_gain":0,"player_choice":"Purged","damage_taken":0,"max_hp_gain":0,"max_hp_loss":0,"event_name":"Purifier","floor":2,"gold_loss":0},{"damage_healed":0,"gold_gain":0,"player_choice":"Fought Mushrooms","damage_taken":0,"max_hp_gain":0,"max_hp_loss":0,"event_name":"Mushrooms","floor":8,"gold_loss":0},{"damage_healed":0,"gold_gain":0,"player_choice":"Read","damage_taken":0,"max_hp_gain":0,"max_hp_loss":0,"event_name":"The Library","floor":21,"gold_loss":0,"cards_obtained":["Leg Sweep"]},{"damage_healed":0,"gold_gain":0,"cards_transformed":["Strike_G"],"player_choice":"Transformed","damage_taken":0,"max_hp_gain":0,"max_hp_loss":0,"event_name":"Transmorgrifier","floor":22,"gold_loss":0,"cards_obtained":["Prepared"]},{"damage_healed":0,"gold_gain":0,"player_choice":"Fought Bandits","damage_taken":0,"max_hp_gain":0,"max_hp_loss":0,"event_name":"Masked Bandits","floor":28,"gold_loss":0}],"is_beta":false,"boss_relics":[{"not_picked":["Empty Cage","Lizard Tail"],"picked":"Snecko Eye"}],"items_purged_floors":[],"is_endless":false,"potions_floor_spawned":[1,5,6,14,18,28],"killed_by":"Centurion and Healer","ascension_level":0}