{"gold_per_floor":[217,292,304,314,51,51,65,95,95,114,114,33,33,33,33,112,112,132,159,1,1,1,31,31,57,128,128,28,47,47,62,62,140,190,209,209,209,226,40,40,74,129,129,154,154,169,169,186,186,186,186],"floor_reached":52,"playtime":2372,"items_purged":["Strike_R","Strike_R","Strike_R"],"score":1863,"play_id":"e52e38ae-1e95-4e19-86c4-2f39c27602ba","local_time":"20180920030053","is_ascension_mode":true,"campfire_choices":[{"data":"Uppercut","floor":6,"key":"SMITH"},{"data":"Disarm","floor":13,"key":"SMITH"},{"data":"Bash","floor":15,"key":"SMITH"},{"data":"Demon Form","floor":24,"key":"SMITH"},{"data":"Clothesline","floor":27,"key":"SMITH"},{"data":"Shockwave","floor":30,"key":"SMITH"},{"data":"Flame Barrier","floor":32,"key":"SMITH"},{"data":"True Grit","floor":40,"key":"SMITH"},{"data":"Demon Form","floor":45,"key":"SMITH"},{"data":"Whirlwind","floor":47,"key":"SMITH"},{"data":"Flame Barrier","floor":49,"key":"SMITH"}],"neow_cost":"NONE","seed_source_timestamp":191181218502120,"circlet_count":0,"master_deck":["Strike_R+1","Strike_R+1","Defend_R","Defend_R","Defend_R","Bash+1","AscendersBane","Uppercut+1","Shrug It Off","Impervious","Reaper","Sword Boomerang+1","Feed","Inflame+1","Disarm+1","Demon Form+1","Clothesline+1","Flame Barrier+1","Ghostly Armor","Shockwave+1","Flame Barrier+1","Demon Form+1","Whirlwind+1","Pommel Strike+1","True Grit+1","Battle Trance","Shrug It Off","Impervious"],"relics":["Burning Blood","Vajra","Whetstone","Letter Opener","Snecko Eye","Red Mask","Torii","Bag of Marbles","Self Forming Clay","Tiny House","Bag of Preparation","Unceasing Top","Boot","Blue Candle"],"potions_floor_usage":[19,25,31,50,51],"damage_taken":[{"damage":9,"enemies":"Small Slimes","floor":1,"turns":5},{"damage":7,"enemies":"2 Louse","floor":3,"turns":3},{"damage":4,"enemies":"Jaw Worm","floor":4,"turns":4},{"damage":17,"enemies":"Large Slime","floor":7,"turns":5},{"damage":49,"enemies":"3 Sentries","floor":8,"turns":12},{"damage":6,"enemies":"3 Louse","floor":10,"turns":5},{"damage":23,"enemies":"Hexaghost","floor":16,"turns":9},{"damage":0,"enemies":"Chosen","floor":18,"turns":4},{"damage":18,"enemies":"Masked Bandits","floor":19,"turns":5},{"damage":7,"enemies":"Gremlin Leader","floor":23,"turns":7},{"damage":51,"enemies":"Slavers","floor":25,"turns":6},{"damage":12,"enemies":"Spheric Guardian","floor":29,"turns":4},{"damage":20,"enemies":"3 Cultists","floor":31,"turns":5},{"damage":21,"enemies":"Champ","floor":33,"turns":9},{"damage":7,"enemies":"Orb Walker","floor":35,"turns":3},{"damage":10,"enemies":"3 Shapes","floor":38,"turns":7},{"damage":16,"enemies":"Giant Head","floor":41,"turns":7},{"damage":25,"enemies":"Mysterious Sphere","floor":42,"turns":7},{"damage":39,"enemies":"2 Orb Walkers","floor":44,"turns":5},{"damage":14,"enemies":"Spire Growth","floor":46,"turns":4},{"damage":1,"enemies":"3 Darklings","floor":48,"turns":3},{"damage":54,"enemies":"Awakened One","floor":50,"turns":9},{"damage":54,"enemies":"Time Eater","floor":51,"turns":10}],"seed_played":"-4193196528116437570","potions_obtained":[{"floor":7,"key":"Poison Potion"},{"floor":10,"key":"GamblersBrew"},{"floor":19,"key":"SpeedPotion"},{"floor":25,"key":"BloodPotion"},{"floor":34,"key":"Explosive Potion"},{"floor":42,"key":"Weak Potion"}],"is_trial":false,"path_per_floor":["M","?","M","M","$","R","M","E","T","M","?","$","R","?","R","B",null,"M","?","$","?","$","E","R","E","T","R","$","M","R","M","R","B",null,"M","?","?","M","$","R","E","?","T","E","R","M","R","M","R","B","B"],"character_chosen":"IRONCLAD","items_purchased":["Reaper","Vajra","Disarm","LiquidBronze","True Grit"],"campfire_rested":0,"item_purchase_floors":[5,5,12,20,39],"current_hp_per_floor":[65,54,53,55,55,55,54,21,21,24,24,24,24,29,29,20,67,81,72,72,72,72,86,86,55,55,55,55,49,49,89,89,89,94,96,96,96,100,100,100,90,74,74,77,77,82,82,106,106,100,76],"gold":186,"neow_bonus":"HUNDRED_GOLD","is_prod":false,"is_daily":false,"chose_seed":false,"campfire_upgraded":11,"win_rate":0,"timestamp":1537408853,"path_taken":["M","?","M","M","$","R","M","E","T","M","?","$","R","?","R","BOSS","M","?","?","?","?","E","R","E","T","R","$","M","R","M","R","BOSS","M","?","?","M","$","R","E","?","T","E","R","M","R","M","R","BOSS","BOSS"],"build_version":"2018-09-18v3","purchased_purges":3,"victory":true,"max_hp_per_floor":[75,75,75,75,75,75,75,75,75,78,78,78,78,83,83,83,83,83,86,86,86,86,86,86,89,89,89,89,89,89,89,89,89,94,97,97,97,100,100,100,100,103,103,106,106,106,106,106,106,109,109],"card_choices":[{"not_picked":["Sword Boomerang","Anger"],"picked":"Uppercut","floor":1},{"not_picked":["Flex","Clash"],"picked":"Shrug It Off","floor":3},{"not_picked":["Warcry","Perfected Strike"],"picked":"Impervious","floor":4},{"not_picked":["Clash","Evolve"],"picked":"Sword Boomerang","floor":7},{"not_picked":["Iron Wave","Warcry"],"picked":"Feed","floor":8},{"not_picked":["Clothesline","Shrug It Off"],"picked":"Inflame","floor":10},{"not_picked":["Immolate","Juggernaut"],"picked":"Demon Form","floor":16},{"not_picked":["Dropkick","Rampage"],"picked":"Clothesline","floor":18},{"not_picked":["Clash","Cleave"],"picked":"Flame Barrier","floor":19},{"not_picked":["Clash","Thunderclap"],"picked":"Ghostly Armor","floor":23},{"not_picked":["Second Wind","Iron Wave","Rampage"],"picked":"SKIP","floor":25},{"not_picked":["Thunderclap","Twin Strike"],"picked":"Shockwave","floor":29},{"not_picked":["Disarm","Burning Pact"],"picked":"Flame Barrier","floor":31},{"not_picked":["Bludgeon","Limit Break"],"picked":"Demon Form","floor":33},{"not_picked":["Second Wind","Clash+1"],"picked":"Whirlwind","floor":34},{"not_picked":["Feel No Pain","Seeing Red","Clothesline"],"picked":"SKIP","floor":35},{"not_picked":["Havoc","Second Wind"],"picked":"Pommel Strike+1","floor":38},{"not_picked":["Sever Soul","Perfected Strike","Inflame"],"picked":"SKIP","floor":41},{"not_picked":["Reckless Charge+1","Armaments"],"picked":"Battle Trance","floor":44},{"not_picked":["Iron Wave","Cleave"],"picked":"Shrug It Off","floor":46},{"not_picked":["Sword Boomerang","Perfected Strike"],"picked":"Impervious","floor":48}],"player_experience":1332023,"relics_obtained":[{"floor":8,"key":"Whetstone"},{"floor":9,"key":"Letter Opener"},{"floor":19,"key":"Red Mask"},{"floor":23,"key":"Torii"},{"floor":25,"key":"Bag of Marbles"},{"floor":26,"key":"Self Forming Clay"},{"floor":41,"key":"Bag of Preparation"},{"floor":42,"key":"Unceasing Top"},{"floor":43,"key":"Boot"},{"floor":44,"key":"Blue Candle"}],"event_choices":[{"event_name":"World of Goop","player_choice":"Gather Gold","floor":2,"damage_taken":0},{"event_name":"Living Wall","player_choice":"Grow","floor":11,"damage_taken":0},{"event_name":"Big Fish","player_choice":"Donut","floor":14,"damage_taken":0},{"event_name":"Masked Bandits","player_choice":"Fought Bandits","floor":19,"damage_taken":0},{"event_name":"Ghosts","player_choice":"Ignored","floor":21,"damage_taken":0},{"event_name":"SecretPortal","player_choice":"Rejected Portal.","floor":36,"damage_taken":0},{"event_name":"Falling","player_choice":"Removed Skill","floor":37,"damage_taken":0},{"event_name":"Mysterious Sphere","player_choice":"Fight","floor":42,"damage_taken":0}],"is_beta":true,"boss_relics":[{"not_picked":["Cursed Key","Busted Crown"],"picked":"Snecko Eye"},{"not_picked":["Lizard Tail","Black Star"],"picked":"Tiny House"}],"items_purged_floors":[20,28,39],"is_endless":false,"potions_floor_spawned":[7,10,19,25,29,42,46],"ascension_level":20}