{"gold_per_floor":[114,130,130,55,74,74,104,104,181,181,215,227,48,78,78,150,150,168,183,233,233,246,246,44,44,68,87,105,105,105,135,135,209,209,221,221,221,276,276,276,301,301,301,191,225,240,240,270,270,270,270,270,270,41,41],"floor_reached":55,"playtime":2403,"items_purged":["Strike_B","Strike_B","Strike_B"],"score":2024,"play_id":"4d2d1452-c889-4dfd-aba9-b82171edeab6","local_time":"20190814223852","is_ascension_mode":true,"campfire_choices":[{"data":"Doom and Gloom","floor":6.0,"key":"SMITH"},{"data":"Zap","floor":8.0,"key":"SMITH"},{"floor":10.0,"key":"REST"},{"data":"Defragment","floor":15.0,"key":"SMITH"},{"data":"Go for the Eyes","floor":23.0,"key":"SMITH"},{"data":"Defragment","floor":25.0,"key":"SMITH"},{"data":"Self Repair","floor":29.0,"key":"SMITH"},{"data":"Coolheaded","floor":32.0,"key":"SMITH"},{"data":"Buffer","floor":40.0,"key":"SMITH"},{"floor":42.0,"key":"RECALL"},{"data":"Loop","floor":49,"key":"SMITH"},{"floor":53,"key":"REST"}],"neow_cost":"NONE","seed_source_timestamp":493290843279100,"circlet_count":0,"master_deck":["AscendersBane","Strike_B","Defend_B","Defend_B","Defend_B","Zap+1","Dualcast","Doom and Gloom+1","Ball Lightning","Compile Driver","Go for the Eyes+1","Self Repair+1","Defragment+1","Electrodynamics","Rainbow","Cold Snap+1","Coolheaded+1","Defragment+1","White Noise+1","Hologram","Force Field+1","Buffer+1","BootSequence","Genetic Algorithm+1","Leap+1","Loop+1","Hologram","Tempest+1"],"special_seed":0,"relics":["Cracked Core","Anchor","Bag of Marbles","Mercury Hourglass","Dead Branch","Pear","Velvet Choker","Boot","Art of War","Juzu Bracelet","Cursed Key","Ice Cream","Ancient Tea Set","Girya","Lantern","ClockworkSouvenir"],"potions_floor_usage":[45,45,45,50,50],"damage_taken":[{"damage":1.0,"enemies":"Cultist","floor":1.0,"turns":3.0},{"damage":14.0,"enemies":"Small Slimes","floor":2.0,"turns":3.0},{"damage":0.0,"enemies":"Jaw Worm","floor":5.0,"turns":3.0},{"damage":15.0,"enemies":"3 Sentries","floor":7.0,"turns":4.0},{"damage":8.0,"enemies":"Gremlin Nob","floor":11.0,"turns":3.0},{"damage":4.0,"enemies":"Red Slaver","floor":12.0,"turns":2.0},{"damage":22.0,"enemies":"3 Sentries","floor":14.0,"turns":5.0},{"damage":21.0,"enemies":"Hexaghost","floor":16.0,"turns":9.0},{"damage":6.0,"enemies":"Spheric Guardian","floor":18.0,"turns":3.0},{"damage":23.0,"enemies":"Shell Parasite","floor":19.0,"turns":4.0},{"damage":0.0,"enemies":"Snake Plant","floor":22.0,"turns":2.0},{"damage":9.0,"enemies":"Cultist and Chosen","floor":27.0,"turns":4.0},{"damage":0.0,"enemies":"3 Cultists","floor":28.0,"turns":3.0},{"damage":8.0,"enemies":"Gremlin Leader","floor":31.0,"turns":4.0},{"damage":21.0,"enemies":"Automaton","floor":33.0,"turns":9.0},{"damage":0.0,"enemies":"3 Darklings","floor":35.0,"turns":3.0},{"damage":26.0,"enemies":"2 Orb Walkers","floor":38.0,"turns":4.0},{"damage":27.0,"enemies":"Nemesis","floor":41.0,"turns":7.0},{"damage":0,"enemies":"Giant Head","floor":45,"turns":9},{"damage":0,"enemies":"Orb Walker","floor":46,"turns":3},{"damage":0,"enemies":"Nemesis","floor":48,"turns":7},{"damage":60,"enemies":"Awakened One","floor":50,"turns":13},{"damage":12,"enemies":"Time Eater","floor":51,"turns":11},{"damage":84,"enemies":"Shield and Spear","floor":55,"turns":5}],"seed_played":"9133350569343918074","potions_obtained":[{"floor":0.0,"key":"PowerPotion"},{"floor":0.0,"key":"PowerPotion"},{"floor":7.0,"key":"FocusPotion"},{"floor":18.0,"key":"SteroidPotion"},{"floor":22.0,"key":"LiquidBronze"},{"floor":38.0,"key":"PowerPotion"},{"floor":41.0,"key":"EntropicBrew"},{"floor":45,"key":"SneckoOil"}],"is_trial":false,"path_per_floor":["M","M","?","$","M","R","E","R","T","R","E","M","$","E","R","B",null,"M","M","?","?","M","R","$","R","T","M","M","R","?","E","R","B",null,"M","?","?","?","$","R","E","R","T","?","E","M","?","E","R","B","B",null,"R","$","E"],"character_chosen":"DEFECT","items_purchased":["Defragment","Defragment","ClockworkSouvenir"],"campfire_rested":2,"item_purchase_floors":[13,24,54],"current_hp_per_floor":[63,49,38,38,38,38,23,23,23,44,36,32,32,27,27,13,64,65,49,49,49,49,49,49,49,49,47,61,61,38,40,40,29,72,72,72,72,56,56,56,39,39,39,39,49,59,59,69,69,19,7,64,83,83,0],"gold":41,"neow_bonus":"THREE_SMALL_POTIONS","is_prod":false,"is_daily":false,"chose_seed":false,"campfire_upgraded":9,"win_rate":0,"timestamp":1565818732,"path_taken":["M","M","?","$","M","R","E","R","T","R","E","M","$","E","R","BOSS","M","M","?","?","?","R","$","R","T","M","M","R","?","E","R","BOSS","M","?","?","?","$","R","E","R","T","?","E","M","?","E","R","BOSS","BOSS","R","$","E"],"build_version":"2019-07-18","purchased_purges":3,"victory":false,"max_hp_per_floor":[71,71,71,71,71,71,71,71,71,71,71,71,71,81,81,81,81,81,81,81,81,81,81,81,81,81,81,81,81,86,86,86,86,86,86,86,86,86,86,86,86,86,86,83,83,83,83,83,83,83,83,83,83,83,83],"card_choices":[{"not_picked":["Fusion","FTL"],"picked":"Doom and Gloom","floor":1.0},{"not_picked":["Hologram","Beam Cell"],"picked":"Ball Lightning","floor":2.0},{"not_picked":["Sunder","FTL"],"picked":"Compile Driver","floor":5.0},{"not_picked":["Steam","Compile Driver"],"picked":"Go for the Eyes","floor":7.0},{"not_picked":["Amplify","Beam Cell","Go for the Eyes"],"picked":"SKIP","floor":11.0},{"not_picked":["Redo","Gash"],"picked":"Self Repair","floor":12.0},{"not_picked":["Turbo","Reprogram"],"picked":"Electrodynamics","floor":14.0},{"not_picked":["Reboot","Thunder Strike"],"picked":"Rainbow","floor":16.0},{"not_picked":["Gash","Melter"],"picked":"Cold Snap","floor":18.0},{"not_picked":["Heatsinks","Storm","Chaos"],"picked":"SKIP","floor":19.0},{"not_picked":["Capacitor","Conserve Battery"],"picked":"Coolheaded","floor":22.0},{"not_picked":["Lockon","Beam Cell"],"picked":"White Noise+1","floor":27.0},{"not_picked":["Redo","Gash"],"picked":"Hologram","floor":28.0},{"not_picked":["Ball Lightning","Turbo"],"picked":"Force Field+1","floor":31.0},{"not_picked":["Hyperbeam","Reboot"],"picked":"Buffer","floor":33.0},{"not_picked":["Steam","Ball Lightning+1"],"picked":"BootSequence","floor":35.0},{"not_picked":["Stack+1","Reprogram"],"picked":"Genetic Algorithm+1","floor":38.0},{"not_picked":["Streamline","Rip and Tear"],"picked":"Leap+1","floor":41.0},{"not_picked":["BootSequence","Reinforced Body"],"picked":"Loop","floor":45},{"not_picked":["Leap","Loop"],"picked":"Hologram","floor":46},{"not_picked":["Redo","Barrage"],"picked":"Tempest+1","floor":48}],"player_experience":2318725,"relics_obtained":[{"floor":7.0,"key":"Bag of Marbles"},{"floor":9.0,"key":"Mercury Hourglass"},{"floor":11.0,"key":"Dead Branch"},{"floor":14.0,"key":"Pear"},{"floor":26.0,"key":"Art of War"},{"floor":31.0,"key":"Juzu Bracelet"},{"floor":38.0,"key":"Ice Cream"},{"floor":41.0,"key":"Ancient Tea Set"},{"floor":45,"key":"Girya"},{"floor":48,"key":"Lantern"}],"event_choices":[{"damage_healed":0.0,"max_hp_gain":0.0,"max_hp_loss":0.0,"gold_gain":0.0,"event_name":"Scrap Ooze","player_choice":"Success","floor":3.0,"gold_loss":0.0,"damage_taken":11.0,"relics_obtained":["Anchor"]},{"damage_healed":0.0,"max_hp_gain":0.0,"max_hp_loss":0.0,"gold_gain":50.0,"event_name":"Nest","player_choice":"Stole From Cult","floor":20.0,"gold_loss":0.0,"damage_taken":0.0},{"damage_healed":0.0,"max_hp_gain":0.0,"max_hp_loss":0.0,"gold_gain":0.0,"event_name":"WeMeetAgain","player_choice":"Gave Potion","floor":21.0,"gold_loss":0.0,"damage_taken":0.0,"relics_obtained":["Boot"]},{"damage_healed":0.0,"max_hp_gain":5.0,"max_hp_loss":0.0,"gold_gain":0.0,"event_name":"Forgotten Altar","player_choice":"Shed Blood","floor":30.0,"gold_loss":0.0,"damage_taken":28.0},{"cards_removed":["Defend_B"],"damage_healed":0.0,"max_hp_gain":0.0,"max_hp_loss":0.0,"gold_gain":0.0,"event_name":"Falling","player_choice":"Removed Skill","floor":36.0,"gold_loss":0.0,"damage_taken":0.0},{"damage_healed":0.0,"max_hp_gain":0.0,"max_hp_loss":0.0,"gold_gain":0.0,"event_name":"Tomb of Lord Red Mask","player_choice":"Ignored","floor":37.0,"gold_loss":0.0,"damage_taken":0.0},{"damage_healed":0.0,"max_hp_gain":0.0,"max_hp_loss":0.0,"gold_gain":0.0,"event_name":"Mysterious Sphere","player_choice":"Fight","floor":38.0,"gold_loss":0.0,"damage_taken":0.0},{"cards_removed":["Parasite"],"damage_healed":0.0,"max_hp_gain":0.0,"max_hp_loss":0.0,"gold_gain":0.0,"event_name":"Designer","player_choice":"Upgrade and Remove","floor":44.0,"gold_loss":110.0,"damage_taken":0.0,"cards_upgraded":["Cold Snap"]},{"damage_healed":0,"gold_gain":0,"player_choice":"Memory 1","damage_taken":0,"max_hp_gain":0,"max_hp_loss":0,"event_name":"SensoryStone","floor":47,"gold_loss":0}],"is_beta":true,"boss_relics":[{"not_picked":["Philosopher\u0027s Stone","Runic Dome"],"picked":"Velvet Choker"},{"not_picked":["Calling Bell","Eternal Feather"],"picked":"Cursed Key"}],"items_purged_floors":[4,13,24],"is_endless":false,"potions_floor_spawned":[1,2,7,12,18,22,38,41,45],"killed_by":"Shield and Spear","ascension_level":20}