{"gold_per_floor":[111,124,124,124,142,172,185,185,263,275,275,290,304,337,337,409,409,422,434,42,56,56],"floor_reached":22,"playtime":897,"items_purged":["Strike_R"],"score":400,"play_id":"03babee1-89dd-4f5e-b7c6-4e7b0db5b947","local_time":"20190524013317","is_ascension_mode":true,"campfire_choices":[{"data":"Cleave","floor":8.0,"key":"SMITH"},{"data":"Bash","floor":11.0,"key":"SMITH"},{"data":"Sword Boomerang","floor":15.0,"key":"SMITH"}],"neow_cost":"NONE","seed_source_timestamp":281497510343244,"circlet_count":0,"master_deck":["AscendersBane","Strike_R","Strike_R","Strike_R","Strike_R","Defend_R","Defend_R","Defend_R","Defend_R","Bash+1","Uppercut+1","Feel No Pain","Impervious","Cleave+1","Headbutt","Feel No Pain","Spot Weakness","Sword Boomerang+1","Spot Weakness","Immolate","Rage","Shrug It Off","True Grit","Chrysalis"],"special_seed":0,"relics":["Burning Blood","Gambling Chip","Pear","Smiling Mask","Black Star","Membership Card"],"potions_floor_usage":[16],"damage_taken":[{"damage":21.0,"enemies":"Jaw Worm","floor":1.0,"turns":5.0},{"damage":6.0,"enemies":"Small Slimes","floor":2.0,"turns":4.0},{"damage":0.0,"enemies":"Cultist","floor":5.0,"turns":4.0},{"damage":26.0,"enemies":"Gremlin Nob","floor":6.0,"turns":5.0},{"damage":27.0,"enemies":"Gremlin Gang","floor":7.0,"turns":5.0},{"damage":2.0,"enemies":"2 Fungi Beasts","floor":10.0,"turns":3.0},{"damage":0.0,"enemies":"Exordium Wildlife","floor":12.0,"turns":3.0},{"damage":2.0,"enemies":"3 Louse","floor":13.0,"turns":2.0},{"damage":20.0,"enemies":"Lagavulin","floor":14.0,"turns":6.0},{"damage":26,"enemies":"Hexaghost","floor":16,"turns":9},{"damage":28,"enemies":"3 Byrds","floor":18,"turns":4},{"damage":27,"enemies":"Spheric Guardian","floor":19,"turns":4},{"damage":15,"enemies":"Centurion and Healer","floor":21,"turns":6},{"damage":21,"enemies":"Snecko","floor":22,"turns":6}],"seed_played":"-8534856966646179565","potions_obtained":[{"floor":0.0,"key":"Strength Potion"},{"floor":0.0,"key":"Fire Potion"},{"floor":2.0,"key":"Fruit Juice"},{"floor":7.0,"key":"SteroidPotion"},{"floor":10.0,"key":"Block Potion"},{"floor":16,"key":"FearPotion"},{"floor":18,"key":"SteroidPotion"}],"is_trial":false,"path_per_floor":["M","M","?","?","M","E","M","R","T","M","R","M","M","E","R","B",null,"M","M","$","M","M"],"character_chosen":"IRONCLAD","items_purchased":["Membership Card","True Grit","Chrysalis"],"campfire_rested":0,"item_purchase_floors":[20,20,20],"current_hp_per_floor":[53,53,53,53,59,39,18,18,28,37,37,43,47,33,33,13,71,49,28,28,19,0],"gold":56,"neow_bonus":"THREE_SMALL_POTIONS","is_prod":false,"is_daily":false,"chose_seed":false,"campfire_upgraded":3,"win_rate":0,"timestamp":1558657997,"path_taken":["M","M","?","?","?","E","M","R","T","M","R","M","M","E","R","BOSS","M","?","$","M","M"],"build_version":"2019-05-22","purchased_purges":1,"victory":false,"max_hp_per_floor":[75,75,75,75,75,75,75,75,85,90,90,90,90,90,90,90,90,90,90,90,90,90],"card_choices":[{"not_picked":["Heavy Blade","Fire Breathing"],"picked":"Uppercut","floor":1.0},{"not_picked":["True Grit","Havoc"],"picked":"Feel No Pain","floor":2.0},{"not_picked":["Pummel","Heavy Blade"],"picked":"Impervious","floor":5.0},{"not_picked":["Carnage","Flex"],"picked":"Cleave","floor":6.0},{"not_picked":["Clothesline","Body Slam"],"picked":"Headbutt","floor":7.0},{"not_picked":["Warcry","Blood for Blood"],"picked":"Feel No Pain","floor":10.0},{"not_picked":["Second Wind","Heavy Blade"],"picked":"Spot Weakness","floor":12.0},{"not_picked":["Bloodletting","Perfected Strike"],"picked":"Sword Boomerang","floor":13.0},{"not_picked":["Fire Breathing","Seeing Red"],"picked":"Spot Weakness","floor":14.0},{"not_picked":["Feed","Impervious"],"picked":"Immolate","floor":16},{"not_picked":["Pommel Strike","Spot Weakness"],"picked":"Rage","floor":18},{"not_picked":["Infernal Blade","Anger"],"picked":"Shrug It Off","floor":19},{"not_picked":["Rampage","Twin Strike+1","Perfected Strike"],"picked":"SKIP","floor":21}],"player_experience":2064593,"relics_obtained":[{"floor":6.0,"key":"Gambling Chip"},{"floor":9.0,"key":"Pear"},{"floor":14.0,"key":"Smiling Mask"}],"event_choices":[{"damage_healed":0.0,"max_hp_gain":0.0,"max_hp_loss":0.0,"gold_gain":0.0,"event_name":"Liars Game","player_choice":"Ignored","floor":3.0,"gold_loss":0.0,"damage_taken":0.0},{"damage_healed":0.0,"max_hp_gain":0.0,"max_hp_loss":0.0,"gold_gain":0.0,"event_name":"Upgrade Shrine","player_choice":"Upgraded","floor":4.0,"gold_loss":0.0,"damage_taken":0.0,"cards_upgraded":["Uppercut"]}],"is_beta":true,"boss_relics":[{"not_picked":["Orrery","Eternal Feather"],"picked":"Black Star"}],"items_purged_floors":[20],"is_endless":false,"potions_floor_spawned":[2,7,10,12,16,18],"killed_by":"Snecko","ascension_level":20}