{"gold_per_floor":[116,130,305,162,162,162,187,206,206,220,255,272,285,303,303,380,380,380,77,77,77,77,77,77,77,77,77,77,77,77,77,77,77],"floor_reached":33,"playtime":1405,"items_purged":["Doubt"],"score":434,"play_id":"8aecf669-761b-4bfc-8015-feb819b4aada","local_time":"20190823072138","is_ascension_mode":true,"campfire_choices":[{"data":"Armaments","floor":6,"key":"SMITH"},{"data":"Limit Break","floor":15,"key":"SMITH"},{"data":"Limit Break","floor":24,"key":"SMITH"},{"floor":30,"key":"REST"},{"floor":32,"key":"REST"}],"neow_cost":"NONE","seed_source_timestamp":95246419924100,"circlet_count":0,"master_deck":["AscendersBane","Strike_R+1","Strike_R+1","Strike_R+1","Strike_R+1","Defend_R+1","Defend_R+1","Defend_R+1","Defend_R+1","Bash","Armaments+1","Pommel Strike","Metallicize","Second Wind","Metallicize","Inflame","Disarm","Limit Break+1","Flex","Juggernaut","Pommel Strike","Limit Break+1","Spot Weakness"],"relics":["Burning Blood","Bag of Marbles","Mercury Hourglass","Dodecahedron","Bronze Scales","Ectoplasm","Incense Burner","Kunai"],"potions_floor_usage":[16,27,31,33],"damage_taken":[{"damage":1,"enemies":"Cultist","floor":1,"turns":3},{"damage":5,"enemies":"Small Slimes","floor":2,"turns":6},{"damage":21,"enemies":"3 Sentries","floor":7,"turns":9},{"damage":3,"enemies":"2 Louse","floor":8,"turns":3},{"damage":7,"enemies":"Lots of Slimes","floor":10,"turns":3},{"damage":25,"enemies":"Lagavulin","floor":11,"turns":8},{"damage":1,"enemies":"Exordium Thugs","floor":12,"turns":4},{"damage":8,"enemies":"3 Louse","floor":13,"turns":3},{"damage":1,"enemies":"2 Fungi Beasts","floor":14,"turns":4},{"damage":23,"enemies":"Slime Boss","floor":16,"turns":9},{"damage":5,"enemies":"Shell Parasite","floor":18,"turns":4},{"damage":6,"enemies":"3 Byrds","floor":20,"turns":3},{"damage":18,"enemies":"Snake Plant","floor":21,"turns":4},{"damage":26,"enemies":"Sentry and Sphere","floor":23,"turns":6},{"damage":27,"enemies":"Shelled Parasite and Fungi","floor":25,"turns":5},{"damage":12,"enemies":"Centurion and Healer","floor":27,"turns":5},{"damage":0,"enemies":"Snake Plant","floor":31,"turns":4},{"damage":68,"enemies":"Automaton","floor":33,"turns":8}],"seed_played":"-1730621117886465717","potions_obtained":[{"floor":7,"key":"Weak Potion"},{"floor":12,"key":"Dexterity Potion"},{"floor":14,"key":"Strength Potion"},{"floor":20,"key":"Weak Potion"},{"floor":27,"key":"Block Potion"}],"is_trial":false,"path_per_floor":["M","M","?","$","?","R","E","M","T","M","E","M","M","M","R","B",null,"M","$","M","M","?","M","R","M","T","M","?","?","R","M","R","B"],"character_chosen":"IRONCLAD","items_purchased":["Metallicize","Incense Burner"],"campfire_rested":2,"item_purchase_floors":[4,19],"current_hp_per_floor":[77,78,78,78,78,78,63,66,66,65,46,51,49,54,54,37,69,70,70,70,58,58,38,38,17,17,11,11,11,35,41,65,0],"gold":77,"neow_bonus":"RANDOM_COMMON_RELIC","is_prod":false,"is_daily":false,"chose_seed":false,"campfire_upgraded":3,"win_rate":0,"timestamp":1566512498,"path_taken":["M","?","?","$","?","R","E","M","T","M","E","M","M","?","R","BOSS","M","$","?","M","?","M","R","M","T","M","?","?","R","M","R","BOSS"],"build_version":"2019-07-17","purchased_purges":1,"victory":false,"max_hp_per_floor":[80,80,80,80,80,80,80,80,80,80,80,80,80,80,80,80,80,80,80,80,80,80,80,80,80,80,80,80,80,80,80,80,80],"card_choices":[{"not_picked":["True Grit","Iron Wave"],"picked":"Armaments","floor":1},{"not_picked":["Ghostly Armor","Wild Strike"],"picked":"Pommel Strike","floor":2},{"not_picked":["True Grit","Rupture"],"picked":"Metallicize","floor":7},{"not_picked":["Intimidate","Thunderclap"],"picked":"Inflame","floor":8},{"not_picked":["Sword Boomerang","Ghostly Armor","Heavy Blade"],"picked":"SKIP","floor":10},{"not_picked":["Armaments","Rampage"],"picked":"Disarm","floor":11},{"not_picked":["Feel No Pain","Second Wind"],"picked":"Limit Break","floor":12},{"not_picked":["Rampage","Warcry","Corruption"],"picked":"SKIP","floor":13},{"not_picked":["Uppercut","Reckless Charge"],"picked":"Flex","floor":14},{"not_picked":["Brutality","Demon Form"],"picked":"Juggernaut","floor":16},{"not_picked":["Perfected Strike+1","Thunderclap"],"picked":"Pommel Strike","floor":18},{"not_picked":["Flex","Thunderclap","Entrench"],"picked":"SKIP","floor":20},{"not_picked":["Bloodletting","Clothesline","Combust"],"picked":"SKIP","floor":21},{"not_picked":["Heavy Blade","Armaments","Reckless Charge"],"picked":"SKIP","floor":23},{"not_picked":["Shrug It Off","Dark Embrace","Bloodletting"],"picked":"SKIP","floor":25},{"not_picked":["Sword Boomerang","Wild Strike","Hemokinesis+1"],"picked":"SKIP","floor":27},{"not_picked":["Power Through","Clothesline"],"picked":"Spot Weakness","floor":31}],"player_experience":181848,"relics_obtained":[{"floor":7,"key":"Mercury Hourglass"},{"floor":9,"key":"Dodecahedron"},{"floor":11,"key":"Bronze Scales"},{"floor":26,"key":"Kunai"}],"event_choices":[{"damage_healed":0,"gold_gain":175,"player_choice":"AGREE","damage_taken":0,"max_hp_gain":0,"max_hp_loss":0,"event_name":"Liars Game","floor":3,"gold_loss":0,"cards_obtained":["Doubt"]},{"damage_healed":0,"gold_gain":0,"cards_transformed":["Strike_R"],"player_choice":"Transformed","damage_taken":0,"max_hp_gain":0,"max_hp_loss":0,"event_name":"Transmorgrifier","floor":5,"gold_loss":0,"cards_obtained":["Second Wind"]},{"damage_healed":0,"gold_gain":0,"player_choice":"Read","damage_taken":0,"max_hp_gain":0,"max_hp_loss":0,"event_name":"The Library","floor":22,"gold_loss":0,"cards_obtained":["Limit Break"]},{"damage_healed":0,"gold_gain":0,"player_choice":"Simplicity","damage_taken":0,"max_hp_gain":0,"max_hp_loss":0,"event_name":"Back to Basics","floor":28,"gold_loss":0,"cards_upgraded":["Strike_R","Strike_R","Strike_R","Strike_R","Defend_R","Defend_R","Defend_R","Defend_R"]},{"damage_healed":0,"gold_gain":0,"player_choice":"Ignored","damage_taken":0,"max_hp_gain":0,"max_hp_loss":0,"event_name":"Cursed Tome","floor":29,"gold_loss":0}],"is_beta":false,"boss_relics":[{"not_picked":["Snecko Eye","Astrolabe"],"picked":"Ectoplasm"}],"items_purged_floors":[4],"is_endless":false,"potions_floor_spawned":[7,12,13,14,20,21,27],"killed_by":"Automaton","ascension_level":13}