{"gold_per_floor":[119,119,137,137,212,246,246,274,274,274,284,284,297,14,14,91,91,11,11,11,11,11,11,11,11,11,11,11,11,11,11,11,11],"floor_reached":33,"playtime":1558,"items_purged":[],"score":648,"play_id":"9afa437c-97d8-4ac2-81d4-6bc628524b47","local_time":"20190717004049","is_ascension_mode":true,"campfire_choices":[{"data":"Sword Boomerang","floor":7.0,"key":"SMITH"},{"data":"Clothesline","floor":10.0,"key":"SMITH"},{"data":"Armaments","floor":15.0,"key":"SMITH"},{"data":"Inflame","floor":23.0,"key":"SMITH"},{"floor":27.0,"key":"REST"},{"floor":32.0,"key":"REST"}],"neow_cost":"NONE","seed_source_timestamp":30955410743367,"circlet_count":0,"master_deck":["AscendersBane","Strike_R","Strike_R","Strike_R","Strike_R","Strike_R","Defend_R","Defend_R","Defend_R","Defend_R","Bash+1","Shrug It Off","Sword Boomerang+1","Clothesline+1","Disarm","Armaments+1","Reaper","Rampage","Flame Barrier+1","Inflame+1","Havoc+1","Exhume+1","Offering+1","Feel No Pain"],"special_seed":0,"relics":["Burning Blood","NeowsBlessing","Gambling Chip","Calipers","Incense Burner","StoneCalendar","Toxic Egg 2","Ectoplasm","Nunchaku","Question Card"],"potions_floor_usage":[33,33],"damage_taken":[{"damage":0.0,"enemies":"Jaw Worm","floor":1.0,"turns":1.0},{"damage":0.0,"enemies":"Cultist","floor":3.0,"turns":1.0},{"damage":0.0,"enemies":"Lagavulin","floor":6.0,"turns":1.0},{"damage":32.0,"enemies":"Gremlin Nob","floor":8.0,"turns":4.0},{"damage":0.0,"enemies":"2 Louse","floor":11.0,"turns":3.0},{"damage":0.0,"enemies":"Red Slaver","floor":13.0,"turns":5.0},{"damage":27.0,"enemies":"Slime Boss","floor":16.0,"turns":9.0},{"damage":2.0,"enemies":"2 Thieves","floor":18.0,"turns":4.0},{"damage":1.0,"enemies":"Chosen","floor":20.0,"turns":4.0},{"damage":34.0,"enemies":"Sentry and Sphere","floor":21.0,"turns":7.0},{"damage":20.0,"enemies":"Snecko","floor":22.0,"turns":6.0},{"damage":16.0,"enemies":"3 Cultists","floor":24.0,"turns":6.0},{"damage":40.0,"enemies":"Slavers","floor":25.0,"turns":6.0},{"damage":21.0,"enemies":"Book of Stabbing","floor":28.0,"turns":5.0},{"damage":13.0,"enemies":"Snake Plant","floor":29.0,"turns":4.0},{"damage":32.0,"enemies":"Chosen and Byrds","floor":30.0,"turns":7.0},{"damage":17.0,"enemies":"Centurion and Healer","floor":31.0,"turns":7.0},{"damage":88,"enemies":"Champ","floor":33,"turns":12}],"seed_played":"802216858254205635","potions_obtained":[{"floor":1.0,"key":"Fire Potion"},{"floor":12.0,"key":"Weak Potion"},{"floor":18.0,"key":"SkillPotion"},{"floor":22.0,"key":"LiquidBronze"},{"floor":24.0,"key":"PowerPotion"},{"floor":30.0,"key":"Dexterity Potion"},{"floor":31.0,"key":"Swift Potion"}],"is_trial":false,"path_per_floor":["M","?","M","T","?","E","R","E","T","R","M","?","M","$","R","B",null,"M","?","M","M","M","R","M","E","T","R","E","M","M","M","R","B"],"character_chosen":"IRONCLAD","items_purchased":["Toxic Egg 2"],"campfire_rested":2,"item_purchase_floors":[14],"current_hp_per_floor":[74,74,75,75,64,70,70,44,44,44,50,50,56,56,56,35,65,75,75,75,47,40,40,44,32,32,54,39,44,38,47,69,0],"gold":11,"neow_bonus":"THREE_ENEMY_KILL","is_prod":false,"is_daily":false,"chose_seed":false,"campfire_upgraded":4,"win_rate":0,"timestamp":1563320449,"path_taken":["M","?","?","?","?","E","R","E","T","R","M","?","M","$","R","BOSS","M","?","M","M","M","R","M","E","T","R","E","M","M","M","R","BOSS"],"build_version":"2019-07-10","purchased_purges":0,"victory":false,"max_hp_per_floor":[75,75,75,75,75,75,75,75,75,75,75,75,75,75,75,75,75,75,75,75,75,75,75,75,75,75,75,75,75,75,75,75,75],"card_choices":[{"not_picked":["Ghostly Armor","Body Slam"],"picked":"Shrug It Off","floor":1.0},{"not_picked":["Heavy Blade","Sentinel"],"picked":"Sword Boomerang","floor":3.0},{"not_picked":["Sever Soul","Heavy Blade","True Grit"],"picked":"SKIP","floor":6.0},{"not_picked":["Sever Soul","Anger"],"picked":"Clothesline","floor":8.0},{"not_picked":["Bloodletting","Dropkick"],"picked":"Disarm","floor":11.0},{"not_picked":["Pommel Strike","Body Slam"],"picked":"Armaments","floor":13.0},{"not_picked":["Bludgeon","Brutality"],"picked":"Reaper","floor":16.0},{"not_picked":["Combust","Shrug It Off+1"],"picked":"Rampage","floor":18.0},{"not_picked":["True Grit+1","Clash"],"picked":"Flame Barrier+1","floor":20.0},{"not_picked":["Clash","Iron Wave"],"picked":"Inflame","floor":21.0},{"not_picked":["Clash+1","Body Slam+1"],"picked":"Havoc+1","floor":22.0},{"not_picked":["Havoc+1","Perfected Strike+1","Bloodletting+1"],"picked":"SKIP","floor":24.0},{"not_picked":["Iron Wave","Perfected Strike"],"picked":"Exhume+1","floor":25.0},{"not_picked":["Anger","Clash"],"picked":"Offering+1","floor":28.0},{"not_picked":["Headbutt","Wild Strike","Twin Strike","Heavy Blade"],"picked":"SKIP","floor":29.0},{"not_picked":["Uppercut+1","Clash","Fire Breathing","Evolve"],"picked":"SKIP","floor":30.0},{"not_picked":["Clash","Twin Strike","Headbutt"],"picked":"Feel No Pain","floor":31.0}],"player_experience":2206091,"relics_obtained":[{"floor":4.0,"key":"Gambling Chip"},{"floor":6.0,"key":"Calipers"},{"floor":8.0,"key":"Incense Burner"},{"floor":9.0,"key":"StoneCalendar"},{"floor":25.0,"key":"Nunchaku"},{"floor":28.0,"key":"Question Card"}],"event_choices":[{"damage_healed":0.0,"max_hp_gain":0.0,"max_hp_loss":0.0,"gold_gain":0.0,"event_name":"Upgrade Shrine","player_choice":"Upgraded","floor":2.0,"gold_loss":0.0,"damage_taken":0.0,"cards_upgraded":["Bash"]},{"damage_healed":0.0,"max_hp_gain":0.0,"max_hp_loss":0.0,"gold_gain":75.0,"event_name":"World of Goop","player_choice":"Gather Gold","floor":5.0,"gold_loss":0.0,"damage_taken":11.0},{"damage_healed":0.0,"max_hp_gain":0.0,"max_hp_loss":0.0,"gold_gain":0.0,"event_name":"Lab","player_choice":"Got Potions","floor":12.0,"gold_loss":0.0,"damage_taken":0.0}],"is_beta":true,"boss_relics":[{"not_picked":["Calling Bell","Runic Cube"],"picked":"Ectoplasm"}],"items_purged_floors":[],"is_endless":false,"potions_floor_spawned":[1,18,22,24,30,31],"killed_by":"Champ","ascension_level":20}