{"gold_per_floor":[116,116,131,131,131,131,166,166,189,219,231,231,263,280,280,377,377,392,405,179,179,191,191,218,235,235,235,28,28,53,65,77,193,205,229,241,269,301,89,119,119,138,138,138,166,186,204,32,32,32,32,32,32,58,58],"floor_reached":55,"playtime":5358,"items_purged":["Pain","Parasite"],"score":846,"play_id":"565f1a56-383f-4007-ae97-53bd1da4c1e8","local_time":"20190412215627","is_ascension_mode":true,"campfire_choices":[{"data":"Shockwave","floor":6,"key":"SMITH"},{"data":"Armaments","floor":8,"key":"SMITH"},{"data":"Fire Breathing","floor":15,"key":"SMITH"},{"floor":23,"key":"REST"},{"data":"True Grit","floor":27,"key":"SMITH"},{"data":"Flex","floor":29,"key":"SMITH"},{"data":"Metallicize","floor":32,"key":"SMITH"},{"floor":41,"key":"REST"},{"floor":44,"key":"RECALL"},{"floor":49,"key":"REST"},{"data":"Metallicize","floor":52,"key":"SMITH"}],"neow_cost":"NONE","seed_source_timestamp":89965941716688,"circlet_count":0,"master_deck":["Strike_R+1","Strike_R+1","Strike_R","Strike_R","Defend_R","Defend_R","Defend_R","Bash","Shockwave+1","Barricade+1","Twin Strike+1","Armaments+1","Fire Breathing+1","Headbutt+1","Rampage+1","Headbutt+1","Feed+1","Heavy Blade+1","Twin Strike+1","Reaper+1","Thunderclap+1","Metallicize+1","True Grit+1","Flex+1","Pommel Strike+1","Offering","Flame Barrier+1","Flex+1","Heavy Blade+1","Bloodletting","Spot Weakness","Sword Boomerang+1","Flame Barrier+1","Metallicize+1","Perfected Strike+1"],"relics":["Black Blood","NeowsBlessing","Incense Burner","Vajra","Molten Egg 2","WarpedTongs","Paper Frog","Boot","Red Skull","Happy Flower","MawBank","Velvet Choker","Bag of Preparation","Orichalcum","Whetstone","Strawberry"],"potions_floor_usage":[16,33,37,42,50,50],"damage_taken":[{"damage":0,"enemies":"2 Louse","floor":1,"turns":1},{"damage":0,"enemies":"Jaw Worm","floor":3,"turns":1},{"damage":0,"enemies":"3 Sentries","floor":7,"turns":2},{"damage":20,"enemies":"Gremlin Nob","floor":10,"turns":4},{"damage":3,"enemies":"Small Slimes","floor":11,"turns":3},{"damage":33,"enemies":"Lagavulin","floor":13,"turns":8},{"damage":3,"enemies":"Gremlin Gang","floor":14,"turns":4},{"damage":23,"enemies":"The Guardian","floor":16,"turns":7},{"damage":12,"enemies":"Shell Parasite","floor":18,"turns":4},{"damage":35,"enemies":"3 Byrds","floor":19,"turns":6},{"damage":34,"enemies":"Sentry and Sphere","floor":22,"turns":5},{"damage":23,"enemies":"Slavers","floor":24,"turns":6},{"damage":25,"enemies":"3 Cultists","floor":25,"turns":6},{"damage":17,"enemies":"Book of Stabbing","floor":30,"turns":4},{"damage":37,"enemies":"Collector","floor":33,"turns":8},{"damage":1,"enemies":"Orb Walker","floor":35,"turns":2},{"damage":32,"enemies":"3 Shapes","floor":37,"turns":4},{"damage":8,"enemies":"Maw","floor":38,"turns":7},{"damage":66,"enemies":"Giant Head","floor":40,"turns":8},{"damage":13,"enemies":"3 Darklings","floor":42,"turns":3},{"damage":27,"enemies":"Nemesis","floor":45,"turns":3},{"damage":11,"enemies":"Writhing Mass","floor":46,"turns":4},{"damage":12,"enemies":"Maw","floor":47,"turns":5},{"damage":45,"enemies":"Time Eater","floor":50,"turns":11},{"damage":43,"enemies":"Shield and Spear","floor":54,"turns":7},{"damage":96,"enemies":"The Heart","floor":55,"turns":6}],"seed_played":"-4752614303458771788","potions_obtained":[{"floor":7,"key":"AttackPotion"},{"floor":14,"key":"Explosive Potion"},{"floor":16,"key":"GamblersBrew"},{"floor":22,"key":"FearPotion"},{"floor":24,"key":"Block Potion"},{"floor":38,"key":"Regen Potion"},{"floor":42,"key":"EssenceOfSteel"},{"floor":45,"key":"Ancient Potion"},{"floor":47,"key":"Dexterity Potion"}],"is_trial":false,"path_per_floor":["M","?","M","?","?","R","E","R","T","E","M","?","E","M","R","B",null,"M","M","$","?","M","R","E","M","T","R","$","R","E","?","R","B",null,"M","?","M","M","$","E","R","M","T","R","E","M","M","$","R","B",null,"R","$","E","B"],"character_chosen":"IRONCLAD","items_purchased":["Reaper+1","Happy Flower","Flex","Bloodletting","Bag of Preparation","Metallicize"],"campfire_rested":3,"item_purchase_floors":[20,28,28,39,39,48],"current_hp_per_floor":[80,80,80,73,73,73,79,79,79,65,68,68,41,44,44,27,80,78,57,57,57,33,58,75,72,72,72,72,72,69,69,69,46,92,96,96,78,90,90,38,69,71,71,71,54,53,51,51,81,61,101,101,101,75,0],"gold":58,"neow_bonus":"THREE_ENEMY_KILL","is_prod":false,"is_daily":false,"chose_seed":false,"campfire_upgraded":7,"win_rate":0,"timestamp":1555095387,"path_taken":["M","?","M","?","?","R","E","R","T","E","?","?","E","M","R","BOSS","M","?","$","?","M","R","E","M","T","R","?","R","E","?","R","BOSS","M","?","?","M","$","E","R","M","T","R","E","M","M","?","R","BOSS","R","$","E","BOSS"],"build_version":"2019-01-23","purchased_purges":2,"victory":false,"max_hp_per_floor":[80,80,80,80,80,80,80,80,80,80,80,80,80,80,80,80,80,80,84,84,84,84,84,84,84,84,84,84,84,88,88,88,92,92,96,96,100,100,100,104,104,104,104,104,104,104,104,101,101,101,101,101,101,108,108],"card_choices":[{"not_picked":["Cleave","Combust"],"picked":"Shockwave","floor":1},{"not_picked":["Uppercut","Hemokinesis"],"picked":"Twin Strike","floor":3},{"not_picked":["Sword Boomerang","Flex"],"picked":"Armaments","floor":7},{"not_picked":["Power Through","Ghostly Armor"],"picked":"Fire Breathing","floor":10},{"not_picked":["Thunderclap+1","Pommel Strike+1"],"picked":"Headbutt+1","floor":11},{"not_picked":["Fire Breathing","Headbutt+1"],"picked":"Rampage+1","floor":13},{"not_picked":["Shockwave","Cleave+1"],"picked":"Headbutt+1","floor":14},{"not_picked":["Reaper+1","Fiend Fire+1"],"picked":"Feed+1","floor":16},{"not_picked":["Armaments","Flex"],"picked":"Heavy Blade+1","floor":18},{"not_picked":["Clash+1","Perfected Strike+1"],"picked":"Twin Strike+1","floor":19},{"not_picked":["Warcry","Body Slam+1"],"picked":"Thunderclap+1","floor":22},{"not_picked":["Sword Boomerang+1","Carnage+1"],"picked":"Metallicize","floor":24},{"not_picked":["Brutality","Shockwave"],"picked":"True Grit","floor":25},{"not_picked":["Sword Boomerang+1","Body Slam+1"],"picked":"Pommel Strike+1","floor":30},{"not_picked":["Fiend Fire+1","Bludgeon+1"],"picked":"Offering","floor":33},{"not_picked":["Perfected Strike+1","Seeing Red+1"],"picked":"Flame Barrier+1","floor":35},{"not_picked":["Warcry","Clash+1","Body Slam+1"],"picked":"SKIP","floor":37},{"not_picked":["True Grit","Thunderclap+1"],"picked":"Heavy Blade+1","floor":38},{"not_picked":["Reckless Charge+1","Thunderclap+1"],"picked":"Spot Weakness","floor":40},{"not_picked":["Twin Strike+1","Sever Soul+1","Berserk"],"picked":"SKIP","floor":42},{"not_picked":["True Grit","Barricade","Body Slam+1"],"picked":"SKIP","floor":45},{"not_picked":["Reckless Charge+1","Intimidate"],"picked":"Sword Boomerang+1","floor":46},{"not_picked":["True Grit+1","Anger+1"],"picked":"Flame Barrier+1","floor":47},{"not_picked":["Carnage+1","Burning Pact"],"picked":"Perfected Strike+1","floor":54}],"player_experience":83388,"relics_obtained":[{"floor":7,"key":"Incense Burner"},{"floor":9,"key":"Vajra"},{"floor":10,"key":"Molten Egg 2"},{"floor":13,"key":"Paper Frog"},{"floor":24,"key":"Boot"},{"floor":26,"key":"Red Skull"},{"floor":30,"key":"MawBank"},{"floor":40,"key":"Orichalcum"},{"floor":45,"key":"Whetstone"},{"floor":54,"key":"Strawberry"}],"event_choices":[{"damage_healed":0,"gold_gain":0,"cards_transformed":["Strike_R"],"player_choice":"Change","damage_taken":0,"max_hp_gain":0,"max_hp_loss":0,"event_name":"Living Wall","floor":2,"gold_loss":0,"cards_obtained":["Barricade"]},{"cards_removed":["Defend_R"],"damage_healed":0,"gold_gain":0,"player_choice":"Card Removal","damage_taken":7,"max_hp_gain":0,"max_hp_loss":0,"event_name":"Golden Wing","floor":4,"gold_loss":0},{"damage_healed":0,"gold_gain":0,"player_choice":"Upgraded","damage_taken":0,"max_hp_gain":0,"max_hp_loss":0,"event_name":"Upgrade Shrine","floor":5,"gold_loss":0,"cards_upgraded":["Barricade"]},{"damage_healed":0,"gold_gain":0,"player_choice":"Rummage","damage_taken":0,"relics_obtained":["WarpedTongs"],"max_hp_gain":0,"max_hp_loss":0,"event_name":"Accursed Blacksmith","floor":12,"gold_loss":0,"cards_obtained":["Pain"]},{"damage_healed":0,"gold_gain":0,"player_choice":"Upgraded","damage_taken":0,"max_hp_gain":0,"max_hp_loss":0,"event_name":"Upgrade Shrine","floor":21,"gold_loss":0,"cards_upgraded":["Twin Strike"]},{"damage_healed":0,"gold_gain":0,"player_choice":"Ignored","damage_taken":0,"max_hp_gain":0,"max_hp_loss":0,"event_name":"Vampires","floor":31,"gold_loss":0},{"damage_healed":0,"gold_gain":0,"player_choice":"Copied","damage_taken":0,"max_hp_gain":0,"max_hp_loss":0,"event_name":"Duplicator","floor":36,"gold_loss":0,"cards_obtained":["Flex"]}],"is_beta":false,"boss_relics":[{"not_picked":["Snecko Eye","Tiny House"],"picked":"Black Blood"},{"not_picked":["Calling Bell","Empty Cage"],"picked":"Velvet Choker"}],"items_purged_floors":[20,48],"is_endless":false,"potions_floor_spawned":[7,14,16,22,24,30,38,42,45,47],"killed_by":"The Heart","ascension_level":1}