{"gold_per_floor":[109,109,109,41,66,100,100,100,147,170,79,94,128,149,149,277,277,297,290,290,315,333,333,372,297,366,0,0,0,18,18,18,139,139,152,165,90,90,108,233,233,248,248,248,264,6,6,6,6,6],"floor_reached":50,"playtime":2872,"items_purged":["Defend_R","Parasite"],"score":743,"play_id":"f94b85fe-f016-4951-9c30-364980666796","local_time":"20190725223348","is_ascension_mode":true,"campfire_choices":[{"data":"Armaments","floor":7,"key":"SMITH"},{"floor":15,"key":"REST"},{"data":"Barricade","floor":23,"key":"SMITH"},{"floor":29,"key":"REST"},{"floor":32,"key":"REST"},{"data":"Entrench","floor":44,"key":"SMITH"},{"data":"Battle Trance","floor":47,"key":"SMITH"},{"data":"Juggernaut","floor":49,"key":"SMITH"}],"neow_cost":"NONE","seed_source_timestamp":731344707016600,"circlet_count":0,"master_deck":["Defend_R","Defend_R","Shockwave+1","Metallicize","Armaments+1","Barricade+1","Blind","Immolate","Bite","Bite","Bite","Bite","Bite","Pommel Strike+1","Juggernaut+1","Entrench+1","Necronomicurse","Impervious","Shrug It Off+1","Battle Trance+1","Shrug It Off+1","Flash of Steel","Flame Barrier","Warcry+1","Bludgeon"],"relics":["Black Blood","NeowsBlessing","Golden Idol","Bottled Lightning","Regal Pillow","Lantern","Sozu","Centennial Puzzle","Question Card","Necronomicon","Du-Vu Doll","Dead Branch"],"potions_floor_usage":[12,13,14],"damage_taken":[{"damage":0,"enemies":"2 Louse","floor":1,"turns":1},{"damage":0,"enemies":"Small Slimes","floor":5,"turns":1},{"damage":0,"enemies":"Lagavulin","floor":6,"turns":1},{"damage":10,"enemies":"Cultist","floor":10,"turns":4},{"damage":21,"enemies":"Lots of Slimes","floor":12,"turns":5},{"damage":49,"enemies":"Gremlin Nob","floor":13,"turns":6},{"damage":18,"enemies":"Exordium Thugs","floor":14,"turns":8},{"damage":41,"enemies":"Slime Boss","floor":16,"turns":31},{"damage":10,"enemies":"Shell Parasite","floor":18,"turns":9},{"damage":11,"enemies":"2 Thieves","floor":19,"turns":4},{"damage":33,"enemies":"Shelled Parasite and Fungi","floor":21,"turns":9},{"damage":15,"enemies":"Chosen and Byrds","floor":22,"turns":6},{"damage":72,"enemies":"Book of Stabbing","floor":24,"turns":8},{"damage":34,"enemies":"Cultist and Chosen","floor":30,"turns":8},{"damage":19,"enemies":"Automaton","floor":33,"turns":16},{"damage":20,"enemies":"Orb Walker","floor":35,"turns":4},{"damage":20,"enemies":"3 Shapes","floor":36,"turns":3},{"damage":0,"enemies":"Maw","floor":39,"turns":9},{"damage":27,"enemies":"Mind Bloom Boss Battle","floor":40,"turns":12},{"damage":39,"enemies":"4 Shapes","floor":42,"turns":4},{"damage":14,"enemies":"Writhing Mass","floor":45,"turns":14},{"damage":75,"enemies":"Awakened One","floor":50,"turns":17}],"seed_played":"-2353098608216839605","potions_obtained":[{"floor":5,"key":"PowerPotion"},{"floor":12,"key":"PowerPotion"},{"floor":13,"key":"BloodPotion"}],"is_trial":false,"path_per_floor":["M","?","?","$","M","E","R","?","T","M","$","M","E","M","R","B",null,"M","M","?","M","M","R","E","?","T","?","$","R","M","?","R","B",null,"M","M","$","?","M","?","?","M","T","R","M","$","R","?","R","B"],"character_chosen":"IRONCLAD","items_purchased":["Metallicize","Blind","Bludgeon"],"campfire_rested":3,"item_purchase_floors":[4,11,46],"current_hp_per_floor":[78,58,58,58,64,70,70,70,70,66,66,51,8,16,55,20,65,61,56,56,49,56,56,8,8,8,8,8,39,35,19,50,56,56,53,50,50,50,56,56,46,25,25,25,56,53,53,50,50,0],"gold":6,"neow_bonus":"THREE_ENEMY_KILL","is_prod":false,"is_daily":false,"chose_seed":false,"campfire_upgraded":5,"win_rate":0,"timestamp":1564061628,"path_taken":["M","?","?","$","M","E","R","?","T","M","$","?","E","M","R","BOSS","M","?","?","M","M","R","E","?","T","?","?","R","?","?","R","BOSS","M","M","$","?","M","?","?","M","T","R","?","$","R","?","R","BOSS"],"build_version":"2019-07-17","purchased_purges":2,"victory":false,"max_hp_per_floor":[80,80,80,80,80,80,80,80,80,80,80,80,80,80,80,80,80,80,80,56,56,56,56,56,56,56,56,56,56,56,56,56,56,56,56,56,56,56,56,56,56,56,56,56,56,53,53,50,50,50],"card_choices":[{"not_picked":["Twin Strike","Sentinel"],"picked":"Shockwave","floor":1},{"not_picked":["Cleave","Sword Boomerang"],"picked":"Armaments","floor":5},{"not_picked":["Twin Strike","Carnage","Perfected Strike"],"picked":"SKIP","floor":6},{"not_picked":["Wild Strike","Twin Strike","Thunderclap"],"picked":"SKIP","floor":10},{"not_picked":["Flex","Twin Strike","Spot Weakness"],"picked":"SKIP","floor":12},{"not_picked":["Blood for Blood","Armaments","Bloodletting"],"picked":"SKIP","floor":13},{"not_picked":["Second Wind","Bloodletting","Thunderclap"],"picked":"SKIP","floor":14},{"not_picked":["Bludgeon","Exhume"],"picked":"Immolate","floor":16},{"not_picked":["Flex","Iron Wave+1","Rage"],"picked":"SKIP","floor":18},{"not_picked":["Second Wind+1","Twin Strike","Flex"],"picked":"SKIP","floor":19},{"not_picked":["Headbutt","Thunderclap"],"picked":"Pommel Strike+1","floor":21},{"not_picked":["Armaments+1","Dropkick+1","Iron Wave"],"picked":"SKIP","floor":22},{"not_picked":["Shockwave","Dark Embrace"],"picked":"Juggernaut","floor":24},{"not_picked":["Infernal Blade","Perfected Strike","Spot Weakness"],"picked":"Entrench","floor":30},{"not_picked":["Fiend Fire","Double Tap","Demon Form"],"picked":"Impervious","floor":33},{"not_picked":["Twin Strike+1","Thunderclap+1","Armaments+1"],"picked":"Shrug It Off+1","floor":35},{"not_picked":["Uppercut","Iron Wave","Sentinel+1"],"picked":"Battle Trance","floor":36},{"not_picked":["True Grit","Clothesline+1","Bloodletting"],"picked":"Shrug It Off+1","floor":39},{"not_picked":["Mind Blast","Madness","Impatience"],"picked":"Flash of Steel","floor":41},{"not_picked":["Anger","Pommel Strike+1","Twin Strike+1"],"picked":"Flame Barrier","floor":42},{"not_picked":["Iron Wave","Flex","Combust+1"],"picked":"Warcry+1","floor":45}],"player_experience":130098,"relics_obtained":[{"floor":6,"key":"Bottled Lightning"},{"floor":9,"key":"Regal Pillow"},{"floor":13,"key":"Lantern"},{"floor":24,"key":"Centennial Puzzle"},{"floor":26,"key":"Question Card"},{"floor":31,"key":"Necronomicon"},{"floor":40,"key":"Du-Vu Doll"},{"floor":43,"key":"Dead Branch"}],"event_choices":[{"damage_healed":0,"gold_gain":0,"player_choice":"Take Damage","damage_taken":20,"relics_obtained":["Golden Idol"],"max_hp_gain":0,"max_hp_loss":0,"event_name":"Golden Idol","floor":2,"gold_loss":0},{"damage_healed":0,"gold_gain":0,"player_choice":"Grow","damage_taken":0,"max_hp_gain":0,"max_hp_loss":0,"event_name":"Living Wall","floor":3,"gold_loss":0,"cards_upgraded":["Shockwave"]},{"damage_healed":0,"gold_gain":0,"player_choice":"1 cards matched","damage_taken":0,"max_hp_gain":0,"max_hp_loss":0,"event_name":"Match and Keep!","floor":8,"gold_loss":0,"cards_obtained":["Barricade"]},{"damage_healed":0,"gold_gain":0,"player_choice":"Became a vampire","damage_taken":0,"max_hp_gain":0,"max_hp_loss":24,"event_name":"Vampires","floor":20,"gold_loss":0,"cards_obtained":["Bite","Bite","Bite","Bite","Bite"]},{"cards_removed":["Bash"],"damage_healed":0,"gold_gain":0,"player_choice":"Gave Gold","damage_taken":0,"max_hp_gain":0,"max_hp_loss":0,"event_name":"Beggar","floor":25,"gold_loss":75},{"damage_healed":0,"gold_gain":0,"player_choice":"Paid Fearfully","damage_taken":0,"max_hp_gain":0,"max_hp_loss":0,"event_name":"Masked Bandits","floor":27,"gold_loss":366},{"damage_healed":0,"gold_gain":0,"player_choice":"Obtained Book","damage_taken":16,"max_hp_gain":0,"max_hp_loss":0,"event_name":"Cursed Tome","floor":31,"gold_loss":0},{"cards_removed":["Defend_R"],"damage_healed":0,"gold_gain":0,"player_choice":"Removed Skill","damage_taken":0,"max_hp_gain":0,"max_hp_loss":0,"event_name":"Falling","floor":38,"gold_loss":0},{"damage_healed":0,"gold_gain":0,"player_choice":"Fight","damage_taken":0,"max_hp_gain":0,"max_hp_loss":0,"event_name":"MindBloom","floor":40,"gold_loss":0},{"damage_healed":0,"gold_gain":0,"player_choice":"Memory 3","damage_taken":10,"max_hp_gain":0,"max_hp_loss":0,"event_name":"SensoryStone","floor":41,"gold_loss":0},{"damage_healed":0,"gold_gain":0,"player_choice":"Max HP","damage_taken":0,"max_hp_gain":0,"max_hp_loss":3,"event_name":"Winding Halls","floor":48,"gold_loss":0}],"is_beta":false,"boss_relics":[{"not_picked":["Ectoplasm","Cursed Key"],"picked":"Sozu"},{"not_picked":["Black Star","Calling Bell"],"picked":"Black Blood"}],"items_purged_floors":[37,46],"is_endless":false,"potions_floor_spawned":[5,12,13,22,24,30,33,39,42,45],"killed_by":"Awakened One","ascension_level":8}