{"gold_per_floor":[114,189,189,204,219,249,249,249,299,314,329,504,569,584,584,584],"floor_reached":16,"playtime":362,"items_purged":[],"score":127,"play_id":"d689438c-def1-4790-b9dc-1da4f3328eba","local_time":"20190820022701","daily_mods":["Draft","Colorless Cards","Lethality"],"is_ascension_mode":false,"campfire_choices":[{"data":"Blade Dance","floor":7,"key":"SMITH"},{"data":"Bouncing Flask","floor":15,"key":"SMITH"}],"neow_cost":"","seed_source_timestamp":378228884755900,"circlet_count":0,"master_deck":["Slice","Quick Slash","Distraction","Leg Sweep","Backflip","Poisoned Stab","PiercingWail","Quick Slash","Cloak And Dagger","Quick Slash","Quick Slash","Escape Plan","Slice","Underhanded Strike","Deep Breath","Blade Dance+1","Slice","Bouncing Flask+1","Dagger Spray","Doubt"],"special_seed":18127,"relics":["Ring of the Snake","Snake Skull","Orichalcum"],"potions_floor_usage":[16,16,16],"damage_taken":[{"damage":0,"enemies":"Small Slimes","floor":1,"turns":2},{"damage":0,"enemies":"Cultist","floor":4,"turns":2},{"damage":8,"enemies":"Jaw Worm","floor":5,"turns":2},{"damage":15,"enemies":"Gremlin Nob","floor":6,"turns":3},{"damage":0,"enemies":"3 Louse","floor":10,"turns":1},{"damage":0,"enemies":"Exordium Wildlife","floor":11,"turns":1},{"damage":0,"enemies":"Lots of Slimes","floor":14,"turns":1},{"damage":24,"enemies":"Hexaghost","floor":16,"turns":4}],"seed_played":"-1712421257355705167","potions_obtained":[{"floor":4,"key":"Ancient Potion"},{"floor":5,"key":"Block Potion"},{"floor":11,"key":"Block Potion"},{"floor":14,"key":"Fire Potion"}],"is_trial":false,"path_per_floor":["M","?","?","M","M","E","R","$","T","M","M","?","?","M","R","B"],"character_chosen":"THE_SILENT","items_purchased":[],"campfire_rested":0,"item_purchase_floors":[],"current_hp_per_floor":[70,59,52,52,44,29,29,29,29,29,29,29,29,29,29,5],"gold":584,"neow_bonus":"","is_prod":false,"is_daily":true,"chose_seed":false,"campfire_upgraded":2,"win_rate":0,"timestamp":1566235621,"path_taken":["M","?","?","M","?","E","R","$","T","M","M","?","?","M","R","BOSS"],"build_version":"2019-07-17","purchased_purges":0,"victory":false,"max_hp_per_floor":[70,70,70,70,70,70,70,70,70,70,70,70,70,70,70,70],"card_choices":[{"not_picked":["Expertise","Flying Knee"],"picked":"Slice","floor":0},{"not_picked":["Sucker Punch","All Out Attack"],"picked":"Quick Slash","floor":0},{"not_picked":["Expertise","Outmaneuver"],"picked":"Distraction","floor":0},{"not_picked":["Poisoned Stab","Deflect"],"picked":"Leg Sweep","floor":0},{"not_picked":["Outmaneuver","Deflect"],"picked":"Backflip","floor":0},{"not_picked":["Masterful Stab","PiercingWail"],"picked":"Poisoned Stab","floor":0},{"not_picked":["Deflect","Flying Knee"],"picked":"PiercingWail","floor":0},{"not_picked":["Blur","Catalyst"],"picked":"Quick Slash","floor":0},{"not_picked":["Dodge and Roll","Deflect"],"picked":"Cloak And Dagger","floor":0},{"not_picked":["Dagger Throw","Deflect"],"picked":"Quick Slash","floor":0},{"not_picked":["Bane","Deadly Poison"],"picked":"Quick Slash","floor":0},{"not_picked":["Poisoned Stab","Underhanded Strike"],"picked":"Escape Plan","floor":0},{"not_picked":["PiercingWail","Expertise"],"picked":"Slice","floor":0},{"not_picked":["Bane","Deadly Poison"],"picked":"Underhanded Strike","floor":0},{"not_picked":["Deadly Poison","Expertise"],"picked":"Deep Breath","floor":0},{"not_picked":["Sucker Punch","Backstab"],"picked":"Blade Dance","floor":1},{"not_picked":["Deadly Poison","Underhanded Strike","Sucker Punch"],"picked":"SKIP","floor":4},{"not_picked":["Underhanded Strike","Poisoned Stab"],"picked":"Slice","floor":5},{"not_picked":["Prepared","Panacea"],"picked":"Bouncing Flask","floor":6},{"not_picked":["Acrobatics","Riddle With Holes"],"picked":"Dagger Spray","floor":10},{"not_picked":["Leg Sweep","Calculated Gamble","Blur"],"picked":"SKIP","floor":11},{"not_picked":["Enlightenment","Dagger Throw","PiercingWail"],"picked":"SKIP","floor":14}],"player_experience":152203,"relics_obtained":[{"floor":6,"key":"Snake Skull"},{"floor":9,"key":"Orichalcum"}],"event_choices":[{"damage_healed":0,"gold_gain":75,"player_choice":"Gather Gold","damage_taken":11,"max_hp_gain":0,"max_hp_loss":0,"event_name":"World of Goop","floor":2,"gold_loss":0},{"damage_healed":0,"gold_gain":0,"player_choice":"Damaged","damage_taken":7,"max_hp_gain":0,"max_hp_loss":0,"event_name":"Wheel of Change","floor":3,"gold_loss":0},{"damage_healed":0,"gold_gain":175,"player_choice":"AGREE","damage_taken":0,"max_hp_gain":0,"max_hp_loss":0,"event_name":"Liars Game","floor":12,"gold_loss":0,"cards_obtained":["Doubt"]},{"damage_healed":0,"gold_gain":65,"player_choice":"Gained Gold","damage_taken":0,"max_hp_gain":0,"max_hp_loss":0,"event_name":"Golden Wing","floor":13,"gold_loss":0}],"is_beta":false,"boss_relics":[],"items_purged_floors":[],"is_endless":false,"potions_floor_spawned":[4,5,11,14],"killed_by":"Hexaghost","ascension_level":0}