{"gold_per_floor":[116,191,203,219,90,90,119,119,187,215,52,52],"floor_reached":12,"playtime":360,"items_purged":["Strike_B"],"score":172,"play_id":"85e67a5f-6fe1-437c-b03c-77b7955f5863","local_time":"20181029193237","is_ascension_mode":true,"campfire_choices":[{"data":"Sweeping Beam","floor":6,"key":"SMITH"},{"floor":8,"key":"REST"}],"neow_cost":"NONE","seed_source_timestamp":290596369068058,"circlet_count":0,"master_deck":["Strike_B","Strike_B","Strike_B","Defend_B","Defend_B","Defend_B","Defend_B","Zap","Dualcast","AscendersBane","Ball Lightning","Genetic Algorithm","Melter","Sweeping Beam+1","Auto Shields"],"relics":["Cracked Core","Oddly Smooth Stone","Singing Bowl","Symbiotic Virus","Lantern"],"potions_floor_usage":[7],"damage_taken":[{"damage":10,"enemies":"2 Louse","floor":1,"turns":3},{"damage":7,"enemies":"Jaw Worm","floor":3,"turns":3},{"damage":5,"enemies":"Cultist","floor":4,"turns":3},{"damage":33,"enemies":"Gremlin Nob","floor":7,"turns":4},{"damage":26,"enemies":"3 Sentries","floor":10,"turns":7},{"damage":7,"enemies":"Gremlin Gang","floor":12,"turns":2}],"seed_played":"-2000950466946224281","potions_obtained":[{"floor":1,"key":"PowerPotion"}],"is_trial":false,"path_per_floor":["M","?","M","M","$","R","E","R","T","E","$"],"character_chosen":"DEFECT","items_purchased":["Sweeping Beam","Lantern"],"campfire_rested":1,"item_purchase_floors":[5,11],"current_hp_per_floor":[61,50,43,38,38,38,5,28,28,4,4,0],"gold":52,"neow_bonus":"TEN_PERCENT_HP_BONUS","is_prod":false,"is_daily":false,"chose_seed":false,"campfire_upgraded":1,"win_rate":0,"timestamp":1540841557,"path_taken":["M","?","M","M","?","R","E","R","T","E","$","?"],"build_version":"2018-10-29","purchased_purges":1,"victory":false,"max_hp_per_floor":[78,78,78,78,78,78,78,78,78,80,80,80],"card_choices":[{"not_picked":["Skim","Gash"],"picked":"Ball Lightning","floor":1},{"not_picked":["Barrage","Steam Power"],"picked":"Genetic Algorithm","floor":3},{"not_picked":["Rebound","Lockon"],"picked":"Melter","floor":4},{"not_picked":["Steam","BootSequence"],"picked":"Auto Shields","floor":7},{"not_picked":["Leap","Meteor Strike","Static Discharge"],"picked":"Singing Bowl","floor":10}],"player_experience":1565878,"relics_obtained":[{"floor":7,"key":"Oddly Smooth Stone"},{"floor":9,"key":"Singing Bowl"},{"floor":10,"key":"Symbiotic Virus"}],"event_choices":[{"damage_healed":0,"gold_gain":75,"player_choice":"Gather Gold","damage_taken":11,"max_hp_gain":0,"max_hp_loss":0,"event_name":"World of Goop","floor":2,"gold_loss":0}],"is_beta":true,"boss_relics":[],"items_purged_floors":[5],"is_endless":false,"potions_floor_spawned":[1],"killed_by":"Gremlin Gang","ascension_level":20}