{"gold_per_floor":[117,42,42,42,55,55,90,103,103,137,137,178,178,196,196,285,285,301,108,91,112,22,56,74,117,117,155,155,11,11,44,44,143,206,222,246,246,246,270,308,326,326,378,378,401,442,455,455,455,455,455,455,455,52,83,83],"floor_reached":57,"playtime":3422,"items_purged":["Strike_R"],"score":2801,"play_id":"9bbb4f3e-f177-4427-81fa-45a02180f66c","local_time":"20190725214414","is_ascension_mode":true,"campfire_choices":[{"data":"Wild Strike","floor":6.0,"key":"SMITH"},{"data":"Anger","floor":11.0,"key":"SMITH"},{"data":"Rampage","floor":15.0,"key":"SMITH"},{"floor":28.0,"key":"REST"},{"data":"True Grit","floor":30.0,"key":"SMITH"},{"floor":32.0,"key":"REST"},{"floor":42.0,"key":"RECALL"},{"data":"Disarm","floor":44.0,"key":"SMITH"},{"floor":49,"key":"REST"},{"data":"Shockwave","floor":53,"key":"SMITH"}],"neow_cost":"NONE","seed_source_timestamp":0,"circlet_count":0,"master_deck":["AscendersBane","Strike_R+1","Defend_R","Defend_R","Defend_R","Defend_R","Impervious","Rampage+1","Shrug It Off+1","Anger+1","Juggernaut+1","Feel No Pain+1","Reaper","Spot Weakness","True Grit+1","Shockwave+1","Power Through+1","Feel No Pain+1","Disarm+1","Metallicize+1","Shrug It Off","Demon Form+1","Burning Pact","Shrug It Off+1","Dark Embrace+1","Battle Trance","Barricade+1","Shrug It Off","Corruption+1","Heavy Blade+1","Reaper","Battle Trance"],"special_seed":0,"relics":["Burning Blood","Whetstone","Golden Idol","Ornamental Fan","Art of War","Frozen Egg 2","Kunai","Empty Cage","Happy Flower","Question Card","Red Skull","Mummified Hand","Red Mask","Turnip","Tiny House","StoneCalendar","Pear","Bronze Scales","DollysMirror","Orichalcum"],"potions_floor_usage":[56],"damage_taken":[{"damage":4.0,"enemies":"Jaw Worm","floor":1.0,"turns":4.0},{"damage":0.0,"enemies":"Small Slimes","floor":5.0,"turns":4.0},{"damage":8.0,"enemies":"Gremlin Nob","floor":7.0,"turns":3.0},{"damage":0.0,"enemies":"Cultist","floor":8.0,"turns":2.0},{"damage":26.0,"enemies":"3 Sentries","floor":10.0,"turns":10.0},{"damage":18.0,"enemies":"Lagavulin","floor":12.0,"turns":5.0},{"damage":0.0,"enemies":"Looter","floor":14.0,"turns":2.0},{"damage":26.0,"enemies":"The Guardian","floor":16.0,"turns":12.0},{"damage":0.0,"enemies":"Chosen","floor":18.0,"turns":4.0},{"damage":16.0,"enemies":"2 Thieves","floor":20.0,"turns":5.0},{"damage":2.0,"enemies":"Snecko","floor":21.0,"turns":5.0},{"damage":48.0,"enemies":"Gremlin Leader","floor":23.0,"turns":9.0},{"damage":32.0,"enemies":"3 Cultists","floor":24.0,"turns":7.0},{"damage":14.0,"enemies":"Book of Stabbing","floor":25.0,"turns":6.0},{"damage":24.0,"enemies":"Masked Bandits","floor":27.0,"turns":5.0},{"damage":46.0,"enemies":"Gremlin Leader","floor":31.0,"turns":9.0},{"damage":34.0,"enemies":"Automaton","floor":33.0,"turns":10.0},{"damage":19.0,"enemies":"3 Shapes","floor":35.0,"turns":5.0},{"damage":28.0,"enemies":"Orb Walker","floor":36.0,"turns":5.0},{"damage":14.0,"enemies":"Writhing Mass","floor":39.0,"turns":8.0},{"damage":64.0,"enemies":"Reptomancer","floor":40.0,"turns":10.0},{"damage":14.0,"enemies":"Maw","floor":41.0,"turns":9.0},{"damage":33.0,"enemies":"Transient","floor":45.0,"turns":6.0},{"damage":53.0,"enemies":"Giant Head","floor":46.0,"turns":10.0},{"damage":52,"enemies":"Sphere and 2 Shapes","floor":47,"turns":5},{"damage":35,"enemies":"Donu and Deca","floor":50,"turns":6},{"damage":18,"enemies":"Time Eater","floor":51,"turns":11},{"damage":81,"enemies":"Shield and Spear","floor":55,"turns":11},{"damage":50,"enemies":"The Heart","floor":56,"turns":8}],"seed_played":"567097169495346130","potions_obtained":[{"floor":1.0,"key":"GamblersBrew"},{"floor":12.0,"key":"FearPotion"},{"floor":16.0,"key":"Poison Potion"},{"floor":20.0,"key":"Energy Potion"},{"floor":23.0,"key":"Weak Potion"},{"floor":24.0,"key":"AttackPotion"},{"floor":31.0,"key":"GamblersBrew"},{"floor":34.0,"key":"SteroidPotion"},{"floor":35.0,"key":"BloodPotion"},{"floor":47,"key":"Poison Potion"},{"floor":48,"key":"FairyPotion"}],"is_trial":false,"path_per_floor":["M","$","?","?","M","R","E","M","T","E","R","E","?","M","R","B",null,"M","$","M","M","$","E","M","E","T","?","R","$","R","E","R","B",null,"M","M","?","?","M","E","M","R","T","R","M","E","M","?","R","B","B",null,"R","$","E","B",null],"character_chosen":"IRONCLAD","items_purchased":["True Grit","Happy Flower","Feel No Pain+1","Shrug It Off","EssenceOfSteel","Bronze Scales","DollysMirror"],"campfire_rested":3,"item_purchase_floors":[19,19,22,29,29,54,54],"current_hp_per_floor":[70,70,44,44,50,50,48,54,54,34,34,22,22,28,28,8,58,68,68,65,73,73,33,19,17,17,23,45,45,45,18,40,33,70,73,51,51,51,57,42,65,65,65,65,66,59,28,28,55,70,89,90,90,90,86,81],"gold":83,"neow_bonus":"RANDOM_COMMON_RELIC","is_prod":false,"is_daily":false,"chose_seed":false,"campfire_upgraded":6,"win_rate":0,"timestamp":1564087454,"path_taken":["M","$","?","?","M","R","E","?","T","E","R","E","?","M","R","BOSS","M","$","?","M","$","E","?","E","T","?","R","$","R","E","R","BOSS","M","M","?","?","?","E","M","R","T","R","M","E","M","?","R","BOSS","BOSS","R","$","E","BOSS"],"build_version":"2019-07-18","purchased_purges":1,"victory":true,"max_hp_per_floor":[75,75,75,75,75,75,75,75,75,75,75,75,75,75,75,75,75,75,75,75,75,75,75,75,75,75,75,75,75,75,75,75,75,80,80,80,80,80,80,80,80,80,80,80,80,90,90,90,90,90,90,90,90,90,90,90],"card_choices":[{"not_picked":["Burning Pact","Seeing Red"],"picked":"Wild Strike","floor":1.0},{"not_picked":["Wild Strike","Shrug It Off"],"picked":"Rampage","floor":5.0},{"not_picked":["Rampage","Dark Embrace"],"picked":"Shrug It Off","floor":7.0},{"not_picked":["Iron Wave","Heavy Blade"],"picked":"Anger","floor":8.0},{"not_picked":["Twin Strike","Intimidate","Sever Soul"],"picked":"SKIP","floor":10.0},{"not_picked":["Perfected Strike","Shockwave"],"picked":"Juggernaut+1","floor":12.0},{"not_picked":["Cleave","Warcry"],"picked":"Feel No Pain+1","floor":14.0},{"not_picked":["Offering","Double Tap"],"picked":"Reaper","floor":16.0},{"not_picked":["Infernal Blade+1","Armaments"],"picked":"Spot Weakness","floor":18.0},{"not_picked":["Twin Strike","Entrench"],"picked":"Shockwave","floor":20.0},{"not_picked":["Armaments","Spot Weakness"],"picked":"Power Through+1","floor":21.0},{"not_picked":["Heavy Blade","Uppercut","Hemokinesis+1"],"picked":"SKIP","floor":23.0},{"not_picked":["Burning Pact","Battle Trance","Heavy Blade"],"picked":"Disarm","floor":24.0},{"not_picked":["True Grit","Heavy Blade","Combust+1","Thunderclap"],"picked":"SKIP","floor":25.0},{"not_picked":["Fire Breathing+1","Dropkick","Carnage"],"picked":"Metallicize+1","floor":27.0},{"not_picked":["Dual Wield","Sword Boomerang","Twin Strike+1","Perfected Strike"],"picked":"SKIP","floor":31.0},{"not_picked":["Barricade+1","Bludgeon","Double Tap"],"picked":"Demon Form+1","floor":33.0},{"not_picked":["Clash","Perfected Strike","Dropkick"],"picked":"Burning Pact","floor":34.0},{"not_picked":["Body Slam","Heavy Blade","Rampage","Armaments"],"picked":"SKIP","floor":35.0},{"not_picked":["Headbutt+1","Pommel Strike","Twin Strike"],"picked":"Shrug It Off+1","floor":36.0},{"not_picked":["Dropkick+1","Blood for Blood","Clothesline"],"picked":"Battle Trance","floor":39.0},{"not_picked":["Headbutt+1","Wild Strike+1","Burning Pact","Warcry"],"picked":"SKIP","floor":40.0},{"not_picked":["Body Slam+1","Sword Boomerang+1","Reckless Charge"],"picked":"Barricade+1","floor":41.0},{"not_picked":["Anger+1","Flex","Warcry"],"picked":"Shrug It Off","floor":45.0},{"not_picked":["Hemokinesis+1","True Grit","Impervious"],"picked":"Corruption+1","floor":46.0},{"not_picked":["Spot Weakness","Iron Wave","Clothesline"],"picked":"Heavy Blade+1","floor":47},{"not_picked":["Clash","Hemokinesis+1","Iron Wave+1"],"picked":"Battle Trance","floor":55}],"player_experience":2246743,"relics_obtained":[{"floor":7.0,"key":"Ornamental Fan"},{"floor":9.0,"key":"Art of War"},{"floor":10.0,"key":"Frozen Egg 2"},{"floor":12.0,"key":"Kunai"},{"floor":23.0,"key":"Question Card"},{"floor":25.0,"key":"Red Skull"},{"floor":26.0,"key":"Mummified Hand"},{"floor":27.0,"key":"Red Mask"},{"floor":31.0,"key":"Turnip"},{"floor":40.0,"key":"StoneCalendar"},{"floor":46.0,"key":"Pear"},{"floor":55,"key":"Orichalcum"}],"event_choices":[{"damage_healed":0.0,"max_hp_gain":0.0,"max_hp_loss":0.0,"gold_gain":0.0,"event_name":"Golden Idol","player_choice":"Take Damage","floor":3.0,"gold_loss":0.0,"damage_taken":26.0,"relics_obtained":["Golden Idol"]},{"damage_healed":0.0,"max_hp_gain":0.0,"max_hp_loss":0.0,"gold_gain":0.0,"event_name":"Match and Keep!","player_choice":"1 cards matched","floor":4.0,"gold_loss":0.0,"damage_taken":0.0,"cards_obtained":["Impervious"]},{"cards_removed":["Strike_R"],"damage_healed":0.0,"max_hp_gain":0.0,"max_hp_loss":0.0,"gold_gain":0.0,"event_name":"Bonfire Elementals","player_choice":"Offered Basic","floor":13.0,"gold_loss":0.0,"damage_taken":0.0},{"damage_healed":0.0,"max_hp_gain":0.0,"max_hp_loss":0.0,"gold_gain":0.0,"event_name":"Masked Bandits","player_choice":"Fought Bandits","floor":27.0,"gold_loss":0.0,"damage_taken":0.0},{"cards_removed":["Bash"],"damage_healed":0.0,"max_hp_gain":0.0,"max_hp_loss":0.0,"gold_gain":0.0,"event_name":"Falling","player_choice":"Removed Attack","floor":37.0,"gold_loss":0.0,"damage_taken":0.0},{"damage_healed":0.0,"max_hp_gain":0.0,"max_hp_loss":0.0,"gold_gain":0.0,"cards_transformed":["Wild Strike"],"event_name":"Transmorgrifier","player_choice":"Transformed","floor":38.0,"gold_loss":0.0,"damage_taken":0.0,"cards_obtained":["Dark Embrace"]},{"damage_healed":0,"gold_gain":0,"player_choice":"Got Potions","damage_taken":0,"max_hp_gain":0,"max_hp_loss":0,"event_name":"Lab","floor":48,"gold_loss":0}],"is_beta":true,"boss_relics":[{"not_picked":["Runic Dome","White Beast Statue"],"picked":"Empty Cage"},{"not_picked":["Orrery","Philosopher\u0027s Stone"],"picked":"Tiny House"}],"items_purged_floors":[2],"is_endless":false,"potions_floor_spawned":[1,12,16,20,23,24,31,35,36,47,55],"ascension_level":20}