{"gold_per_floor":[10,60,72,83,8,39,39,66,66,66],"floor_reached":10,"playtime":343,"items_purged":[],"score":152,"play_id":"c1585df4-ffc3-4ba6-922a-84a3ff73e841","local_time":"20190809232518","is_ascension_mode":true,"campfire_choices":[{"data":"Bash","floor":7.0,"key":"SMITH"}],"neow_cost":"NO_GOLD","seed_source_timestamp":66314870890700,"circlet_count":0,"master_deck":["AscendersBane","Strike_R","Strike_R","Strike_R","Strike_R","Defend_R","Defend_R","Defend_R","Defend_R","Bash+1","Juggernaut","Rampage","Pommel Strike","Shrug It Off","Anger"],"special_seed":0,"relics":["Burning Blood","Smiling Mask","Sundial","Potion Belt"],"potions_floor_usage":[],"damage_taken":[{"damage":14.0,"enemies":"Small Slimes","floor":1.0,"turns":5.0},{"damage":6.0,"enemies":"Cultist","floor":3.0,"turns":3.0},{"damage":12.0,"enemies":"2 Louse","floor":4.0,"turns":3.0},{"damage":30.0,"enemies":"Gremlin Nob","floor":6.0,"turns":5.0},{"damage":27,"enemies":"3 Sentries","floor":8,"turns":9},{"damage":32,"enemies":"Gremlin Nob","floor":10,"turns":3}],"seed_played":"2730199542660796348","potions_obtained":[{"floor":1.0,"key":"Block Potion"},{"floor":3.0,"key":"Weak Potion"},{"floor":8,"key":"SpeedPotion"}],"is_trial":false,"path_per_floor":["M","?","M","M","?","E","R","E","T","E"],"character_chosen":"IRONCLAD","items_purchased":[],"campfire_rested":0,"item_purchase_floors":[],"current_hp_per_floor":[60,60,60,54,54,30,30,9,9,0],"gold":66,"neow_bonus":"THREE_RARE_CARDS","is_prod":false,"is_daily":false,"chose_seed":false,"campfire_upgraded":1,"win_rate":0,"timestamp":1565389518,"path_taken":["M","?","M","?","?","E","R","E","T","E"],"build_version":"2019-07-18","purchased_purges":0,"victory":false,"max_hp_per_floor":[75,75,75,75,75,75,75,75,75,75],"card_choices":[{"not_picked":["Limit Break","Brutality"],"picked":"Juggernaut","floor":0.0},{"not_picked":["Rage","Iron Wave"],"picked":"Rampage","floor":1.0},{"not_picked":["Fire Breathing","Havoc","Intimidate"],"picked":"SKIP","floor":3.0},{"not_picked":["Flex","Havoc"],"picked":"Pommel Strike","floor":4.0},{"not_picked":["Fire Breathing","Infernal Blade"],"picked":"Shrug It Off","floor":6.0},{"not_picked":["Sword Boomerang","Bloodletting"],"picked":"Anger","floor":8}],"player_experience":2298705,"relics_obtained":[{"floor":6.0,"key":"Smiling Mask"},{"floor":8,"key":"Sundial"},{"floor":9,"key":"Potion Belt"}],"event_choices":[{"damage_healed":0.0,"max_hp_gain":0.0,"max_hp_loss":0.0,"gold_gain":50.0,"event_name":"Golden Shrine","player_choice":"Pray","floor":2.0,"gold_loss":0.0,"damage_taken":0.0},{"cards_removed":["Strike_R"],"damage_healed":0.0,"max_hp_gain":0.0,"max_hp_loss":0.0,"gold_gain":0.0,"event_name":"The Cleric","player_choice":"Card Removal","floor":5.0,"gold_loss":75.0,"damage_taken":0.0}],"is_beta":true,"boss_relics":[],"items_purged_floors":[],"is_endless":false,"potions_floor_spawned":[1,3,8],"killed_by":"Gremlin Nob","ascension_level":20}