{"path_per_floor":["M","M","?","M","?","R","M","R","T","M","?","M","M","$","R","B",null,"M","$","?","M","M","R","?","M","T","?","R","M","?","M","R","B",null,"M","?","?"],"character_chosen":"IRONCLAD","items_purchased":["Feel No Pain","Warcry"],"gold_per_floor":[118,130,80,90,90,90,104,104,104,115,115,126,137,62,62,136,136,155,33,33,46,65,65,65,84,84,84,84,97,12,29,29,103,103,119,119,0,0],"floor_reached":38,"campfire_rested":1,"playtime":1726,"item_purchase_floors":[19,19],"current_hp_per_floor":[68,68,68,68,61,61,49,49,49,50,32,37,33,33,33,21,56,42,42,42,44,49,49,49,51,51,39,39,41,41,31,52,26,61,40,30,30,0],"items_purged":["Strike_R"],"gold":0,"score":626,"play_id":"10f1a0b1-b663-49e2-b3d5-64c3915cc9ca","local_time":"20180527175545","is_prod":false,"is_daily":false,"chose_seed":false,"is_ascension_mode":true,"campfire_upgraded":5,"win_rate":0,"timestamp":1527440145,"campfire_choices":[{"data":"Rampage","floor":6.0,"key":"SMITH"},{"data":"True Grit","floor":8.0,"key":"SMITH"},{"data":"Pommel Strike","floor":15.0,"key":"SMITH"},{"data":"Offering","floor":23,"key":"SMITH"},{"data":"Havoc","floor":28,"key":"SMITH"},{"floor":32,"key":"REST"}],"path_taken":["M","M","?","M","?","R","M","R","T","M","?","M","?","?","R","BOSS","M","?","?","M","M","R","?","M","T","?","R","M","?","M","R","BOSS","M","?","?","M"],"build_version":"2018-05-25","seed_source_timestamp":0,"purchased_purges":1,"victory":false,"master_deck":["Strike_R","Defend_R","Defend_R","Defend_R","Defend_R","AscendersBane","Pummel","Reckless Charge","True Grit+1","Rampage+1","Havoc+1","Pommel Strike+1","Thunderclap","Offering+1","Headbutt","Feel No Pain","Warcry","Dropkick","Shrug It Off","Inflame","Shrug It Off","Sentinel","Limit Break","Metallicize+1","Madness","Deep Breath","Apotheosis"],"max_hp_per_floor":[68,68,68,68,68,68,68,68,68,68,68,68,68,68,68,68,68,68,68,68,68,68,68,68,68,68,73,73,73,73,73,73,73,73,73,73,73,73],"relics":["Burning Blood","Mummified Hand","Bag of Preparation","Cursed Key","Juzu Bracelet","Bronze Scales","Runic Dome","Red Mask"],"card_choices":[{"not_picked":["Entrench","Uppercut"],"picked":"True Grit","floor":1.0},{"not_picked":["Dropkick","Clash"],"picked":"Rampage","floor":2.0},{"not_picked":["Second Wind","Flex","Seeing Red"],"picked":"SKIP","floor":4.0},{"not_picked":["Cleave","Pummel"],"picked":"Havoc","floor":7.0},{"not_picked":["Clash","Sever Soul","Dropkick"],"picked":"SKIP","floor":10.0},{"not_picked":["Heavy Blade","Cleave"],"picked":"Pommel Strike","floor":12.0},{"not_picked":["Anger","Clash"],"picked":"Thunderclap","floor":13.0},{"not_picked":["Double Tap","Dark Embrace"],"picked":"Offering","floor":16.0},{"not_picked":["Flex+1","Twin Strike"],"picked":"Headbutt","floor":18},{"not_picked":["Sword Boomerang","Blood for Blood"],"picked":"Dropkick","floor":21},{"not_picked":["Sentinel","Pummel"],"picked":"Shrug It Off","floor":22},{"not_picked":["Dropkick","Wild Strike"],"picked":"Inflame","floor":25},{"not_picked":["Twin Strike","Flex"],"picked":"Shrug It Off","floor":29},{"not_picked":["Thunderclap","Bloodletting"],"picked":"Sentinel","floor":31},{"not_picked":["Double Tap","Reaper"],"picked":"Limit Break","floor":33},{"not_picked":["Body Slam","Sword Boomerang"],"picked":"Metallicize+1","floor":35},{"not_picked":["Deep Breath","Good Instincts"],"picked":"Madness","floor":36},{"not_picked":["Enlightenment","Apotheosis"],"picked":"Deep Breath","floor":36},{"not_picked":["Swift Strike","Transmutation"],"picked":"Apotheosis","floor":36}],"player_experience":631616,"potions_floor_usage":[22,25,33,33,38],"damage_taken":[{"damage":4.0,"enemies":"Small Slimes","floor":1.0,"turns":4.0},{"damage":1.0,"enemies":"2 Louse","floor":2.0,"turns":3.0},{"damage":2.0,"enemies":"Jaw Worm","floor":4.0,"turns":3.0},{"damage":18.0,"enemies":"Large Slime","floor":7.0,"turns":7.0},{"damage":5.0,"enemies":"3 Louse","floor":10.0,"turns":5.0},{"damage":1.0,"enemies":"Exordium Wildlife","floor":12.0,"turns":5.0},{"damage":10.0,"enemies":"Large Slime","floor":13.0,"turns":7.0},{"damage":18.0,"enemies":"Slime Boss","floor":16.0,"turns":8.0},{"damage":20,"enemies":"Spheric Guardian","floor":18,"turns":4},{"damage":4,"enemies":"2 Thieves","floor":21,"turns":4},{"damage":11,"enemies":"Cultist and Chosen","floor":22,"turns":8},{"damage":4,"enemies":"Centurion and Healer","floor":25,"turns":5},{"damage":4,"enemies":"3 Cultists","floor":29,"turns":3},{"damage":16,"enemies":"Snake Plant","floor":31,"turns":3},{"damage":32,"enemies":"Automaton","floor":33,"turns":10},{"damage":27,"enemies":"Orb Walker","floor":35,"turns":4},{"damage":37,"enemies":"3 Darklings","floor":38,"turns":2}],"relics_obtained":[{"floor":9.0,"key":"Mummified Hand"}],"event_choices":[{"event_name":"The Cleric","player_choice":"Card Removal","floor":3.0,"damage_taken":0.0},{"event_name":"Golden Wing","player_choice":"Card Removal","floor":5.0,"damage_taken":0.0},{"event_name":"Scrap Ooze","player_choice":"success","floor":11.0,"damage_taken":18.0},{"event_name":"Drug Dealer","player_choice":"Ignored","floor":20,"damage_taken":0},{"event_name":"The Mausoleum","player_choice":"Yes","floor":24,"damage_taken":0},{"event_name":"Forgotten Altar","player_choice":"Shed Blood","floor":27,"damage_taken":0},{"event_name":"Addict","player_choice":"Obtained Relic","floor":30,"damage_taken":0},{"event_name":"SensoryStone","player_choice":"Memory 3","floor":36,"damage_taken":0},{"event_name":"Tomb of Lord Red Mask","player_choice":"Paid","floor":37,"damage_taken":0}],"boss_relics":[{"not_picked":["Lizard Tail","Snecko Eye"],"picked":"Cursed Key"},{"not_picked":["Runic Pyramid","Orrery"],"picked":"Runic Dome"}],"items_purged_floors":[],"potions_floor_spawned":[1,2,10,12,13,21,22,31],"seed_played":"-4859814695493672876","killed_by":"3 Darklings","ascension_level":14,"potions_obtained":[{"floor":1.0,"key":"SpeedPotion"},{"floor":2.0,"key":"FearPotion"},{"floor":10.0,"key":"BloodPotion"},{"floor":21,"key":"Regen Potion"},{"floor":22,"key":"SkillPotion"},{"floor":31,"key":"SkillPotion"}],"is_trial":false}