{"gold_per_floor":[215,1,18,18,32,58,78,78,102,102,121,147,3,15,15,93,93,106,117,42,60,72,72,97,97,120,139,139,156,156,188,188,188],"floor_reached":33,"playtime":1464,"items_purged":["Strike_R","Strike_R"],"score":598,"play_id":"6bcd85b9-0357-4c79-bc9a-89ee84ca1126","local_time":"20190621004248","is_ascension_mode":true,"campfire_choices":[{"data":"Combust","floor":8,"key":"SMITH"},{"data":"Perfected Strike","floor":10,"key":"SMITH"},{"floor":15,"key":"REST"},{"floor":23,"key":"REST"},{"data":"True Grit","floor":25,"key":"SMITH"},{"floor":28,"key":"REST"},{"data":"Feel No Pain","floor":30,"key":"SMITH"},{"floor":32,"key":"REST"}],"neow_cost":"NONE","seed_source_timestamp":282523448005782,"circlet_count":0,"master_deck":["AscendersBane","Strike_R","Strike_R","Strike_R","Defend_R","Defend_R","Defend_R","Defend_R","Bash","Perfected Strike+1","Combust+1","Shockwave","Perfected Strike","Shrug It Off","Impervious","Thunderclap","Battle Trance","Pummel","Feed","Shrug It Off","Feel No Pain+1","True Grit+1","Pommel Strike","Havoc","Shrug It Off","Corruption","Limit Break"],"relics":["Burning Blood","PreservedInsect","Orichalcum","Smiling Mask","Velvet Choker","Self Forming Clay","Frozen Egg 2"],"potions_floor_usage":[12,12,16,22,31],"damage_taken":[{"damage":21,"enemies":"Jaw Worm","floor":1,"turns":6},{"damage":7,"enemies":"2 Louse","floor":3,"turns":3},{"damage":8,"enemies":"Small Slimes","floor":5,"turns":4},{"damage":34,"enemies":"Gremlin Nob","floor":6,"turns":4},{"damage":8,"enemies":"Exordium Wildlife","floor":7,"turns":4},{"damage":5,"enemies":"Large Slime","floor":11,"turns":3},{"damage":13,"enemies":"3 Sentries","floor":12,"turns":5},{"damage":1,"enemies":"Lots of Slimes","floor":14,"turns":2},{"damage":33,"enemies":"Slime Boss","floor":16,"turns":8},{"damage":21,"enemies":"2 Thieves","floor":18,"turns":4},{"damage":19,"enemies":"Shell Parasite","floor":19,"turns":4},{"damage":17,"enemies":"Centurion and Healer","floor":21,"turns":10},{"damage":18,"enemies":"Snake Plant","floor":22,"turns":4},{"damage":25,"enemies":"Slavers","floor":24,"turns":4},{"damage":14,"enemies":"Cultist and Chosen","floor":27,"turns":6},{"damage":5,"enemies":"Snecko","floor":29,"turns":4},{"damage":21,"enemies":"Book of Stabbing","floor":31,"turns":5},{"damage":59,"enemies":"Automaton","floor":33,"turns":6}],"seed_played":"5664683983493676714","potions_obtained":[{"floor":6,"key":"Weak Potion"},{"floor":11,"key":"PowerPotion"},{"floor":12,"key":"Swift Potion"},{"floor":14,"key":"LiquidBronze"},{"floor":18,"key":"LiquidBronze"}],"is_trial":false,"path_per_floor":["M","$","M","?","M","E","M","R","T","R","M","E","$","M","R","B",null,"M","M","$","M","M","R","E","R","T","M","R","M","R","E","R","B"],"character_chosen":"IRONCLAD","items_purchased":["Combust","SteroidPotion","Battle Trance","SkillPotion","True Grit"],"campfire_rested":4,"item_purchase_floors":[2,2,13,13,20],"current_hp_per_floor":[53,53,52,52,50,22,20,20,20,20,21,14,14,19,41,14,60,45,35,35,27,15,39,20,20,20,12,36,40,40,25,50,0],"gold":188,"neow_bonus":"HUNDRED_GOLD","is_prod":false,"is_daily":false,"chose_seed":false,"campfire_upgraded":4,"win_rate":0,"timestamp":1561074168,"path_taken":["M","$","M","?","M","E","M","R","T","R","M","E","$","M","R","BOSS","M","M","$","M","M","R","E","R","T","M","R","M","R","E","R","BOSS"],"build_version":"2019-06-19","purchased_purges":2,"victory":false,"max_hp_per_floor":[75,75,75,75,75,75,75,75,75,75,75,75,75,75,75,75,75,75,78,78,81,81,81,81,81,81,81,81,84,84,84,84,84],"card_choices":[{"not_picked":["Iron Wave","True Grit"],"picked":"Perfected Strike","floor":1},{"not_picked":["Sword Boomerang","Intimidate"],"picked":"Shockwave","floor":3},{"not_picked":["Blood for Blood","Clothesline"],"picked":"Perfected Strike","floor":5},{"not_picked":["Body Slam","Rage"],"picked":"Shrug It Off","floor":6},{"not_picked":["Carnage","Pommel Strike"],"picked":"Impervious","floor":7},{"not_picked":["True Grit","Infernal Blade"],"picked":"Thunderclap","floor":11},{"not_picked":["True Grit","Perfected Strike","Flex"],"picked":"SKIP","floor":12},{"not_picked":["True Grit","Cleave"],"picked":"Pummel","floor":14},{"not_picked":["Dark Embrace","Berserk"],"picked":"Feed","floor":16},{"not_picked":["Dual Wield","Entrench+1"],"picked":"Shrug It Off","floor":18},{"not_picked":["Power Through","Inflame"],"picked":"Feel No Pain","floor":19},{"not_picked":["Heavy Blade+1","Iron Wave"],"picked":"Pommel Strike","floor":21},{"not_picked":["Flex","Body Slam"],"picked":"Havoc","floor":22},{"not_picked":["Fire Breathing","Perfected Strike"],"picked":"Shrug It Off","floor":24},{"not_picked":["Dual Wield","Thunderclap","Sword Boomerang"],"picked":"SKIP","floor":27},{"not_picked":["Flame Barrier","Twin Strike"],"picked":"Corruption","floor":29},{"not_picked":["Dropkick","Sword Boomerang"],"picked":"Limit Break","floor":31}],"player_experience":2126546,"relics_obtained":[{"floor":6,"key":"PreservedInsect"},{"floor":9,"key":"Orichalcum"},{"floor":12,"key":"Smiling Mask"},{"floor":24,"key":"Self Forming Clay"},{"floor":31,"key":"Frozen Egg 2"}],"event_choices":[{"damage_healed":0,"gold_gain":0,"player_choice":"Ignored","damage_taken":0,"max_hp_gain":0,"max_hp_loss":0,"event_name":"Liars Game","floor":4,"gold_loss":0}],"is_beta":true,"boss_relics":[{"not_picked":["Busted Crown","Runic Dome"],"picked":"Velvet Choker"}],"items_purged_floors":[2,20],"is_endless":false,"potions_floor_spawned":[6,11,12,14,18,19],"killed_by":"Automaton","ascension_level":20}