{"gold_per_floor":[118,118,130,141,156,186,186,186,211,211,238,248,265,265,265,342,342,362,85,135,151,162,162,174,174,174,203,203,203,203,264,264,264],"floor_reached":33,"playtime":1369,"items_purged":["Strike_B"],"score":690,"play_id":"4d388fe3-5d3f-41ab-baca-4153152ca3b0","local_time":"20181107031518","is_ascension_mode":true,"campfire_choices":[{"data":"Zap","floor":7,"key":"SMITH"},{"data":"Streamline","floor":10,"key":"SMITH"},{"floor":15,"key":"REST"},{"data":"Biased Cognition","floor":23,"key":"SMITH"},{"floor":25,"key":"REST"},{"floor":32,"key":"REST"}],"neow_cost":"NONE","seed_source_timestamp":563308214443245,"circlet_count":0,"master_deck":["AscendersBane","Strike_B","Defend_B","Defend_B","Defend_B","Defend_B","Zap+1","Dualcast","Sweeping Beam","Streamline+1","Compile Driver","Hologram","Compile Driver","Cold Snap","Conserve Battery","Seek","Biased Cognition+1","Seek","Sweeping Beam+1","Genetic Algorithm","FTL","Double Energy","White Noise","Go for the Eyes","Biased Cognition+1"],"relics":["Cracked Core","Centennial Puzzle","Dream Catcher","Pen Nib","Nuclear Battery","Lantern","Mango","MutagenicStrength","Blood Vial","Tiny Chest"],"potions_floor_usage":[6,16,31,33],"damage_taken":[{"damage":1,"enemies":"Cultist","floor":1,"turns":3},{"damage":3,"enemies":"2 Louse","floor":3,"turns":2},{"damage":2,"enemies":"Jaw Worm","floor":4,"turns":3},{"damage":4,"enemies":"Red Slaver","floor":5,"turns":4},{"damage":15,"enemies":"Lagavulin","floor":6,"turns":7},{"damage":27,"enemies":"3 Sentries","floor":11,"turns":6},{"damage":5,"enemies":"Looter","floor":12,"turns":3},{"damage":0,"enemies":"Blue Slaver","floor":13,"turns":4},{"damage":0,"enemies":"Slime Boss","floor":16,"turns":8},{"damage":9,"enemies":"Shell Parasite","floor":18,"turns":3},{"damage":11,"enemies":"2 Thieves","floor":21,"turns":2},{"damage":0,"enemies":"Sentry and Sphere","floor":22,"turns":3},{"damage":20,"enemies":"Snecko","floor":24,"turns":6},{"damage":22,"enemies":"Slavers","floor":27,"turns":4},{"damage":8,"enemies":"Book of Stabbing","floor":31,"turns":4},{"damage":73,"enemies":"Champ","floor":33,"turns":10}],"seed_played":"-7239433482616979593","potions_obtained":[{"floor":4,"key":"Block Potion"},{"floor":5,"key":"LiquidBronze"},{"floor":6,"key":"Poison Potion"},{"floor":18,"key":"Dexterity Potion"},{"floor":31,"key":"Regen Potion"}],"is_trial":false,"path_per_floor":["M","?","M","M","M","E","R","?","T","R","E","M","M","?","R","B",null,"M","$","?","M","M","R","M","R","T","E","?","T","?","E","R","B"],"character_chosen":"DEFECT","items_purchased":["Lantern","Genetic Algorithm"],"campfire_rested":3,"item_purchase_floors":[19,19],"current_hp_per_floor":[63,63,60,58,54,39,39,39,39,39,12,7,7,7,28,28,60,51,51,51,40,40,40,20,41,41,33,33,33,33,27,52,0],"gold":264,"neow_bonus":"THREE_CARDS","is_prod":false,"is_daily":false,"chose_seed":false,"campfire_upgraded":3,"win_rate":0,"timestamp":1541560518,"path_taken":["M","?","M","M","?","E","R","?","T","R","E","M","?","?","R","BOSS","M","$","?","M","M","R","M","R","T","E","?","?","?","E","R","BOSS"],"build_version":"2018-11-05","purchased_purges":1,"victory":false,"max_hp_per_floor":[71,71,71,71,71,71,71,71,71,71,71,71,71,71,71,71,71,71,71,71,71,71,71,71,71,71,85,85,85,85,85,85,85],"card_choices":[{"not_picked":["Aggregate","Auto Shields"],"picked":"Sweeping Beam","floor":0},{"not_picked":["Gash","Glacier"],"picked":"Streamline","floor":1},{"not_picked":["Gash","Fusion"],"picked":"Compile Driver","floor":3},{"not_picked":["Skim","BootSequence","Stack"],"picked":"SKIP","floor":4},{"not_picked":["Heatsinks","Scrape"],"picked":"Hologram","floor":5},{"not_picked":["Chaos","Coolheaded"],"picked":"Compile Driver","floor":6},{"not_picked":["Coolheaded","Gash"],"picked":"Cold Snap","floor":11},{"not_picked":["BootSequence","Cold Snap"],"picked":"Conserve Battery","floor":12},{"not_picked":["Force Field","Leap"],"picked":"Seek","floor":13},{"not_picked":["Multi-Cast","Buffer"],"picked":"Seek","floor":16},{"not_picked":["Cold Snap","Blizzard"],"picked":"Sweeping Beam+1","floor":18},{"not_picked":["Scrape","Tempest","Rebound"],"picked":"SKIP","floor":21},{"not_picked":["Gash+1","Leap"],"picked":"FTL","floor":22},{"not_picked":["Hologram","Chill"],"picked":"Double Energy","floor":24},{"not_picked":["Gash","Beam Cell"],"picked":"White Noise","floor":25},{"not_picked":["Streamline","Compile Driver"],"picked":"Go for the Eyes","floor":27},{"not_picked":["Consume+1","Aggregate","Go for the Eyes"],"picked":"SKIP","floor":31}],"player_experience":1625546,"relics_obtained":[{"floor":6,"key":"Centennial Puzzle"},{"floor":9,"key":"Dream Catcher"},{"floor":11,"key":"Pen Nib"},{"floor":27,"key":"Mango"},{"floor":29,"key":"Blood Vial"},{"floor":31,"key":"Tiny Chest"}],"event_choices":[{"cards_removed":["Strike_B"],"damage_healed":0,"gold_gain":0,"player_choice":"Offered Basic","damage_taken":0,"max_hp_gain":0,"max_hp_loss":0,"event_name":"Bonfire Elementals","floor":2,"gold_loss":0},{"cards_removed":["Strike_B"],"damage_healed":0,"gold_gain":0,"player_choice":"Card Removal","damage_taken":0,"max_hp_gain":0,"max_hp_loss":0,"event_name":"Wheel of Change","floor":8,"gold_loss":0},{"damage_healed":0,"gold_gain":0,"player_choice":"1 cards matched","damage_taken":0,"max_hp_gain":0,"max_hp_loss":0,"event_name":"Match and Keep!","floor":14,"gold_loss":0,"cards_obtained":["Biased Cognition"]},{"damage_healed":0,"gold_gain":50,"player_choice":"Stole From Cult","damage_taken":0,"max_hp_gain":0,"max_hp_loss":0,"event_name":"Nest","floor":20,"gold_loss":0},{"damage_healed":0,"gold_gain":0,"player_choice":"Inject Mutagens","damage_taken":0,"relics_obtained":["MutagenicStrength"],"max_hp_gain":0,"max_hp_loss":0,"event_name":"Drug Dealer","floor":28,"gold_loss":0},{"damage_healed":0,"gold_gain":0,"player_choice":"Copied","damage_taken":0,"max_hp_gain":0,"max_hp_loss":0,"event_name":"Duplicator","floor":30,"gold_loss":0,"cards_obtained":["Biased Cognition"]}],"is_beta":true,"boss_relics":[{"not_picked":["Ectoplasm","Astrolabe"],"picked":"Nuclear Battery"}],"items_purged_floors":[19],"is_endless":false,"potions_floor_spawned":[4,5,6,18,22,24,27,31],"killed_by":"Champ","ascension_level":20}