{"path_per_floor":["M","M","M","$","M","E","R","E","T","R","M","E","?","?","R","B",null,"M","M","?","$","?"],"character_chosen":"IRONCLAD","items_purchased":["Bronze Scales","Dead Branch","Body Slam","FearPotion"],"gold_per_floor":[119,136,154,4,23,52,52,84,111,111,122,156,156,231,231,333,333,344,359,359,0,0,0],"floor_reached":23,"campfire_rested":0,"playtime":1691,"item_purchase_floors":[],"current_hp_per_floor":[77,80,80,80,79,48,48,42,42,42,48,35,80,69,69,8,62,70,46,46,46,30,0],"items_purged":[],"gold":0,"score":293,"play_id":"43998f95-69eb-4dc6-954c-3ff1918cfbde","local_time":"20180520081000","is_prod":false,"is_daily":false,"chose_seed":false,"is_ascension_mode":true,"campfire_upgraded":3,"timestamp":1526800200,"campfire_choices":[{"data":"True Grit","floor":7.0,"key":"SMITH"},{"data":"Dark Embrace","floor":10.0,"key":"SMITH"},{"data":"Entrench","floor":15.0,"key":"SMITH"}],"path_taken":["M","M","M","$","M","E","R","E","T","R","M","E","?","?","R","BOSS","M","M","?","$","?","E"],"build_version":"2018-05-18","seed_source_timestamp":0,"purchased_purges":0,"victory":false,"master_deck":["Strike_R","Defend_R","Defend_R","Defend_R","Defend_R","Bash","Cleave","Intimidate","Iron Wave","Wild Strike","True Grit+1","Dark Embrace+1","Entrench+1","Reckless Charge","Barricade","Armaments+1","Dual Wield+1","Pummel+1","Body Slam"],"max_hp_per_floor":[80,80,80,80,80,80,80,80,80,80,80,80,80,80,80,80,80,82,84,84,84,84,84],"relics":["Burning Blood","Vajra","Bronze Scales","Ginger","Boot","Regal Pillow","Singing Bowl","Astrolabe","Dead Branch","Enchiridion"],"card_choices":[{"not_picked":["Dual Wield","Combust"],"picked":"Cleave","floor":1.0},{"not_picked":["Heavy Blade","Flex"],"picked":"Intimidate","floor":2.0},{"not_picked":["Havoc","Clash"],"picked":"Iron Wave","floor":3.0},{"not_picked":["Sentinel","Pommel Strike"],"picked":"Wild Strike","floor":5.0},{"not_picked":["Burning Pact","Twin Strike"],"picked":"True Grit","floor":6.0},{"not_picked":["Flex","Fiend Fire"],"picked":"Dark Embrace","floor":8.0},{"not_picked":["Clash","True Grit"],"picked":"Entrench","floor":11.0},{"not_picked":["Inflame","Blood for Blood"],"picked":"Reckless Charge","floor":12.0},{"not_picked":["Dark Embrace","Exhume"],"picked":"Barricade","floor":16.0},{"not_picked":["Clash+1","Seeing Red","Reckless Charge"],"picked":"Singing Bowl","floor":18},{"not_picked":["Intimidate","Twin Strike","Wild Strike"],"picked":"Singing Bowl","floor":19}],"player_experience":578549,"potions_floor_usage":[23],"damage_taken":[{"damage":1.0,"enemies":"Cultist","floor":1.0,"turns":4.0},{"damage":0.0,"enemies":"Small Slimes","floor":2.0,"turns":3.0},{"damage":4.0,"enemies":"2 Louse","floor":3.0,"turns":2.0},{"damage":7.0,"enemies":"Blue Slaver","floor":5.0,"turns":4.0},{"damage":37.0,"enemies":"Lagavulin","floor":6.0,"turns":7.0},{"damage":12.0,"enemies":"3 Sentries","floor":8.0,"turns":8.0},{"damage":0.0,"enemies":"2 Fungi Beasts","floor":11.0,"turns":3.0},{"damage":19.0,"enemies":"Gremlin Nob","floor":12.0,"turns":4.0},{"damage":75.0,"enemies":"Hexaghost","floor":16.0,"turns":12.0},{"damage":0,"enemies":"3 Byrds","floor":18,"turns":2},{"damage":32,"enemies":"Shell Parasite","floor":19,"turns":9},{"damage":32,"enemies":"Book of Stabbing","floor":23,"turns":3}],"relics_obtained":[{"floor":6.0,"key":"Ginger"},{"floor":8.0,"key":"Boot"},{"floor":9.0,"key":"Regal Pillow"},{"floor":12.0,"key":"Singing Bowl"},{"floor":22,"key":"Enchiridion"}],"event_choices":[{"event_name":"Wheel of Change","player_choice":"Full Heal","floor":13.0,"damage_taken":0.0},{"event_name":"World of Goop","player_choice":"Gather Gold","floor":14.0,"damage_taken":0.0},{"event_name":"Back to Basics","player_choice":"Elegance","floor":20,"damage_taken":0},{"event_name":"Cursed Tome","player_choice":"Obtained Book","floor":22,"damage_taken":0}],"boss_relics":[{"not_picked":["Velvet Choker","Ectoplasm"],"picked":"Astrolabe"}],"items_purged_floors":[],"potions_floor_spawned":[2,3,8,19],"seed_played":"1550871422727871039","killed_by":"Book of Stabbing","ascension_level":8,"potions_obtained":[{"floor":2.0,"key":"Swift Potion"},{"floor":3.0,"key":"GamblersBrew"},{"floor":8.0,"key":"BloodPotion"},{"floor":19,"key":"FearPotion"}],"is_trial":false}