{"gold_per_floor":[117,92,267,217,69,69,103,103,103,129,129,152,172,203,203,327,327,351,351,266,266,191,234,254,287,287,287,328,328,364,364,364,489,552,577,677,677,701,719,719,763,763,763,28,0,24,42,56,56,56],"floor_reached":50,"playtime":4485,"items_purged":["Pain"],"score":786,"play_id":"717dbff2-1518-4e92-a687-da87e6cd11be","local_time":"20190731195334","is_ascension_mode":true,"campfire_choices":[{"data":"Armaments","floor":6,"key":"SMITH"},{"data":"Flex","floor":15,"key":"SMITH"},{"floor":29,"key":"REST"},{"data":"Barricade","floor":32,"key":"SMITH"},{"data":"Entrench","floor":40,"key":"SMITH"},{"data":"Limit Break","floor":42,"key":"SMITH"},{"floor":49,"key":"RECALL"}],"neow_cost":"NONE","seed_source_timestamp":1750414741511040,"circlet_count":0,"master_deck":["Bash","Rampage","Armaments+1","Headbutt","Battle Trance","Pummel","Flex+1","Reaper","Double Tap","Barricade+1","Impervious","Impervious","Armaments","Seeing Red","Exhume+1","Seeing Red","Inflame","Heavy Blade","Inflame","Shockwave+1","Flex","Metallicize+1","Heavy Blade","Limit Break+1","Madness","Madness","Entrench+1","Intimidate+1","Chrysalis","Parasite","Heavy Blade+1"],"relics":["Burning Blood","NeowsBlessing","Dream Catcher","Juzu Bracelet","PreservedInsect","Ornamental Fan","Golden Idol","Anchor","Pandora\u0027s Box","Nunchaku","Potion Belt","Frozen Egg 2","Meat on the Bone","WarpedTongs","Pen Nib","Unceasing Top","Tiny House","Strawberry","Bird Faced Urn","Gambling Chip","Bronze Scales","Red Mask"],"potions_floor_usage":[23,28,34,39,47,47,47,50,50,50],"damage_taken":[{"damage":0,"enemies":"Cultist","floor":1,"turns":1},{"damage":0,"enemies":"Lagavulin","floor":7,"turns":1},{"damage":0,"enemies":"3 Sentries","floor":10,"turns":1},{"damage":2,"enemies":"2 Louse","floor":12,"turns":3},{"damage":12,"enemies":"Small Slimes","floor":13,"turns":4},{"damage":0,"enemies":"Gremlin Nob","floor":14,"turns":2},{"damage":43,"enemies":"Slime Boss","floor":16,"turns":12},{"damage":7,"enemies":"Chosen","floor":18,"turns":4},{"damage":13,"enemies":"Slavers","floor":23,"turns":3},{"damage":11,"enemies":"Shell Parasite","floor":24,"turns":4},{"damage":28,"enemies":"Gremlin Leader","floor":25,"turns":4},{"damage":40,"enemies":"Book of Stabbing","floor":28,"turns":5},{"damage":67,"enemies":"Gremlin Leader","floor":30,"turns":7},{"damage":21,"enemies":"Champ","floor":33,"turns":10},{"damage":29,"enemies":"3 Darklings","floor":35,"turns":5},{"damage":14,"enemies":"Orb Walker","floor":38,"turns":3},{"damage":50,"enemies":"4 Shapes","floor":39,"turns":6},{"damage":39,"enemies":"Reptomancer","floor":41,"turns":4},{"damage":0,"enemies":"Writhing Mass","floor":46,"turns":5},{"damage":34,"enemies":"Transient","floor":47,"turns":5},{"damage":7,"enemies":"Sphere and 2 Shapes","floor":48,"turns":3},{"damage":85,"enemies":"Donu and Deca","floor":50,"turns":5}],"seed_played":"-1994610371249113847","potions_obtained":[{"floor":1,"key":"Fire Potion"},{"floor":7,"key":"SpeedPotion"},{"floor":14,"key":"SkillPotion"},{"floor":16,"key":"Energy Potion"},{"floor":28,"key":"Fire Potion"},{"floor":30,"key":"AttackPotion"},{"floor":34,"key":"Fruit Juice"},{"floor":35,"key":"GamblersBrew"},{"floor":41,"key":"SneckoOil"},{"floor":47,"key":"Regen Potion"},{"floor":48,"key":"Strength Potion"}],"is_trial":false,"path_per_floor":["M","$","?","?","$","R","E","$","T","E","?","M","M","E","R","B",null,"M","?","?","T","?","E","M","E","T","?","E","R","E","?","R","B",null,"M","?","?","M","M","R","E","R","T","$","?","M","M","M","R","B"],"character_chosen":"IRONCLAD","items_purchased":["Armaments","Dream Catcher","Gambling Chip","Chrysalis","Bronze Scales","PowerPotion"],"campfire_rested":1,"item_purchase_floors":[2,5,44,44,44,44],"current_hp_per_floor":[80,80,80,80,80,80,80,80,80,80,74,74,68,74,74,46,74,73,73,73,73,73,66,71,74,74,74,52,74,68,68,68,53,84,61,61,50,54,71,71,61,61,61,61,61,75,55,62,62,0],"gold":56,"neow_bonus":"THREE_ENEMY_KILL","is_prod":false,"is_daily":false,"chose_seed":false,"campfire_upgraded":5,"win_rate":0,"timestamp":1564592014,"path_taken":["M","?","?","?","$","R","E","$","T","E","?","M","M","E","R","BOSS","M","?","?","?","?","E","M","E","T","?","E","R","E","?","R","BOSS","M","?","?","M","M","R","E","R","T","$","?","M","M","M","R","BOSS"],"build_version":"2019-07-17","purchased_purges":1,"victory":false,"max_hp_per_floor":[80,80,80,80,80,80,80,80,80,80,74,74,74,74,74,74,74,74,74,74,74,74,74,74,74,74,74,74,74,74,74,74,74,84,84,84,84,84,84,84,91,91,91,91,91,91,91,91,91,91],"card_choices":[{"not_picked":["Perfected Strike","Feel No Pain"],"picked":"Rampage","floor":1},{"not_picked":["True Grit","Rampage"],"picked":"Headbutt","floor":7},{"not_picked":["Body Slam","Flame Barrier"],"picked":"Battle Trance","floor":10},{"not_picked":["Bloodletting","Headbutt"],"picked":"Pummel","floor":12},{"not_picked":["Thunderclap","Combust"],"picked":"Flex","floor":13},{"not_picked":["Twin Strike","Headbutt"],"picked":"Reaper","floor":14},{"not_picked":["Fiend Fire","Exhume"],"picked":"Double Tap","floor":16},{"not_picked":["Clash","Body Slam"],"picked":"Heavy Blade","floor":18},{"not_picked":["Shrug It Off+1","Burning Pact"],"picked":"Shockwave+1","floor":23},{"not_picked":["Havoc+1","Headbutt"],"picked":"Flex","floor":24},{"not_picked":["Body Slam","Havoc"],"picked":"Metallicize","floor":25},{"not_picked":["Iron Wave+1","Armaments"],"picked":"Heavy Blade","floor":28},{"not_picked":["Infernal Blade","Armaments","Cleave"],"picked":"SKIP","floor":30},{"not_picked":["Bludgeon","Fiend Fire"],"picked":"Limit Break","floor":33},{"not_picked":["Clothesline+1","Sword Boomerang","Clash"],"picked":"SKIP","floor":35},{"not_picked":["Iron Wave","Bloodletting","Searing Blow"],"picked":"SKIP","floor":38},{"not_picked":["Twin Strike","Warcry"],"picked":"Entrench","floor":39},{"not_picked":["Thunderclap","Havoc+1"],"picked":"Intimidate+1","floor":41},{"not_picked":["Dual Wield","Clash"],"picked":"Heavy Blade+1","floor":46},{"not_picked":["Hemokinesis","Headbutt","Power Through+1"],"picked":"SKIP","floor":47},{"not_picked":["True Grit+1","Pommel Strike","Iron Wave"],"picked":"SKIP","floor":48}],"player_experience":138807,"relics_obtained":[{"floor":7,"key":"Juzu Bracelet"},{"floor":9,"key":"PreservedInsect"},{"floor":10,"key":"Ornamental Fan"},{"floor":14,"key":"Anchor"},{"floor":23,"key":"Potion Belt"},{"floor":25,"key":"Frozen Egg 2"},{"floor":26,"key":"Meat on the Bone"},{"floor":28,"key":"Pen Nib"},{"floor":30,"key":"Unceasing Top"},{"floor":41,"key":"Strawberry"},{"floor":43,"key":"Bird Faced Urn"}],"event_choices":[{"damage_healed":0,"gold_gain":175,"player_choice":"AGREE","damage_taken":0,"max_hp_gain":0,"max_hp_loss":0,"event_name":"Liars Game","floor":3,"gold_loss":0,"cards_obtained":["Doubt"]},{"cards_removed":["Doubt"],"damage_healed":0,"gold_gain":0,"player_choice":"Card Removal","damage_taken":0,"max_hp_gain":0,"max_hp_loss":0,"event_name":"The Cleric","floor":4,"gold_loss":50},{"damage_healed":0,"gold_gain":0,"player_choice":"Lose Max HP","damage_taken":0,"relics_obtained":["Golden Idol"],"max_hp_gain":0,"max_hp_loss":6,"event_name":"Golden Idol","floor":11,"gold_loss":0},{"damage_healed":0,"gold_gain":0,"player_choice":"Read","damage_taken":0,"max_hp_gain":0,"max_hp_loss":0,"event_name":"The Library","floor":19,"gold_loss":0,"cards_obtained":["Inflame"]},{"damage_healed":0,"gold_gain":0,"player_choice":"Obtained Relic","damage_taken":0,"relics_obtained":["Nunchaku"],"max_hp_gain":0,"max_hp_loss":0,"event_name":"Addict","floor":20,"gold_loss":85},{"cards_removed":["Sever Soul"],"damage_healed":0,"gold_gain":0,"player_choice":"Gave Gold","damage_taken":0,"max_hp_gain":0,"max_hp_loss":0,"event_name":"Beggar","floor":22,"gold_loss":75},{"damage_healed":0,"gold_gain":0,"player_choice":"Rummage","damage_taken":0,"relics_obtained":["WarpedTongs"],"max_hp_gain":0,"max_hp_loss":0,"event_name":"Accursed Blacksmith","floor":27,"gold_loss":0,"cards_obtained":["Pain"]},{"damage_healed":0,"gold_gain":0,"player_choice":"Ignored","damage_taken":0,"max_hp_gain":0,"max_hp_loss":0,"event_name":"Vampires","floor":31,"gold_loss":0},{"damage_healed":0,"gold_gain":100,"player_choice":"Pray","damage_taken":0,"max_hp_gain":0,"max_hp_loss":0,"event_name":"Golden Shrine","floor":36,"gold_loss":0},{"damage_healed":0,"gold_gain":0,"player_choice":"Embrace Madness","damage_taken":11,"max_hp_gain":0,"max_hp_loss":0,"event_name":"Winding Halls","floor":37,"gold_loss":0,"cards_obtained":["Madness","Madness"]},{"damage_healed":0,"gold_gain":0,"player_choice":"Paid","damage_taken":0,"relics_obtained":["Red Mask"],"max_hp_gain":0,"max_hp_loss":0,"event_name":"Tomb of Lord Red Mask","floor":45,"gold_loss":28}],"is_beta":false,"boss_relics":[{"not_picked":["Orrery","Coffee Dripper"],"picked":"Pandora\u0027s Box"},{"not_picked":["White Beast Statue","Velvet Choker"],"picked":"Tiny House"}],"items_purged_floors":[44],"is_endless":false,"potions_floor_spawned":[1,7,14,16,28,30,35,41,47,48],"killed_by":"Donu and Deca","ascension_level":3}