{"gold_per_floor":[369,185,199,124,124,124,136,50,50,60,60,86,33,68,68,145,145,160,173,88,88,102,102],"floor_reached":23,"playtime":780,"items_purged":[],"score":398,"play_id":"f4edc7fb-0195-4347-a222-f1ff5aec8357","local_time":"20190630162051","is_ascension_mode":true,"campfire_choices":[{"data":"Bash","floor":6.0,"key":"SMITH"},{"data":"Carnage","floor":11.0,"key":"SMITH"},{"floor":15.0,"key":"REST"}],"neow_cost":"TEN_PERCENT_HP_LOSS","seed_source_timestamp":0,"circlet_count":0,"master_deck":["AscendersBane","Strike_R","Strike_R+1","Strike_R","Strike_R","Defend_R","Defend_R","Defend_R","Defend_R+1","Bash+1","Pommel Strike","Master of Strategy","Limit Break","Battle Trance","Combust","Carnage+1","True Grit","Fiend Fire","Shrug It Off","Warcry+1","Master of Strategy"],"special_seed":0,"relics":["Burning Blood","Regal Pillow","PreservedInsect","Cursed Key","Dream Catcher"],"potions_floor_usage":[23],"damage_taken":[{"damage":6.0,"enemies":"Cultist","floor":1.0,"turns":3.0},{"damage":3.0,"enemies":"2 Louse","floor":3.0,"turns":2.0},{"damage":12.0,"enemies":"Jaw Worm","floor":7.0,"turns":2.0},{"damage":4.0,"enemies":"3 Louse","floor":10.0,"turns":4.0},{"damage":8.0,"enemies":"3 Sentries","floor":12.0,"turns":3.0},{"damage":35.0,"enemies":"Gremlin Nob","floor":14.0,"turns":4.0},{"damage":35.0,"enemies":"Slime Boss","floor":16.0,"turns":9.0},{"damage":16.0,"enemies":"3 Byrds","floor":18.0,"turns":3.0},{"damage":0.0,"enemies":"Chosen","floor":19.0,"turns":3.0},{"damage":34,"enemies":"Shelled Parasite and Fungi","floor":22,"turns":10},{"damage":24,"enemies":"Slavers","floor":23,"turns":3}],"seed_played":"-1071352889750085148","potions_obtained":[{"floor":3.0,"key":"Fire Potion"},{"floor":7.0,"key":"Energy Potion"},{"floor":12.0,"key":"Dexterity Potion"},{"floor":19.0,"key":"SpeedPotion"}],"is_trial":false,"path_per_floor":["M","$","M","?","?","R","M","$","T","M","R","E","$","E","R","B",null,"M","M","?","?","M","E"],"character_chosen":"IRONCLAD","items_purchased":["Master of Strategy","Combust","Explosive Potion"],"campfire_rested":1,"item_purchase_floors":[2,8,13],"current_hp_per_floor":[68,68,68,68,48,48,42,42,42,44,44,42,42,13,48,19,56,46,52,52,52,24,0],"gold":102,"neow_bonus":"TWO_FIFTY_GOLD","is_prod":false,"is_daily":false,"chose_seed":false,"campfire_upgraded":2,"win_rate":0,"timestamp":1561908051,"path_taken":["M","?","M","?","?","R","M","$","T","M","R","E","$","E","R","BOSS","M","M","?","?","?","E"],"build_version":"2019-06-29","purchased_purges":0,"victory":false,"max_hp_per_floor":[68,68,68,68,68,68,68,68,68,68,68,68,68,68,68,68,68,68,68,68,68,68,68],"card_choices":[{"not_picked":["Shrug It Off","Iron Wave"],"picked":"Pommel Strike","floor":1.0},{"not_picked":["Havoc","Entrench"],"picked":"Limit Break","floor":3.0},{"not_picked":["True Grit","Pommel Strike"],"picked":"Battle Trance","floor":7.0},{"not_picked":["Twin Strike","Pommel Strike"],"picked":"Carnage","floor":10.0},{"not_picked":["Evolve","Combust"],"picked":"True Grit","floor":12.0},{"not_picked":["Pommel Strike","Dark Embrace","Corruption"],"picked":"SKIP","floor":14.0},{"not_picked":["Exhume","Double Tap"],"picked":"Fiend Fire","floor":16.0},{"not_picked":["Havoc","Warcry"],"picked":"Shrug It Off","floor":18.0},{"not_picked":["Twin Strike","Reckless Charge"],"picked":"Warcry+1","floor":19.0},{"not_picked":["Heavy Blade","True Grit","Cleave"],"picked":"SKIP","floor":22}],"player_experience":2162650,"relics_obtained":[{"floor":12.0,"key":"Regal Pillow"},{"floor":14.0,"key":"PreservedInsect"}],"event_choices":[{"cards_removed":["Strike_R"],"damage_healed":0.0,"max_hp_gain":0.0,"max_hp_loss":0.0,"gold_gain":0.0,"event_name":"The Cleric","player_choice":"Card Removal","floor":4.0,"gold_loss":75.0,"damage_taken":0.0},{"damage_healed":0.0,"max_hp_gain":0.0,"max_hp_loss":0.0,"gold_gain":0.0,"event_name":"Shining Light","player_choice":"Entered Light","floor":5.0,"gold_loss":0.0,"damage_taken":20.0,"cards_upgraded":["Defend_R","Strike_R"]},{"damage_healed":0.0,"max_hp_gain":0.0,"max_hp_loss":0.0,"gold_gain":0.0,"event_name":"Addict","player_choice":"Obtained Relic","floor":20.0,"gold_loss":85.0,"damage_taken":0.0,"relics_obtained":["Dream Catcher"]},{"damage_healed":0.0,"max_hp_gain":0.0,"max_hp_loss":0.0,"gold_gain":0.0,"event_name":"Duplicator","player_choice":"Copied","floor":21.0,"gold_loss":0.0,"damage_taken":0.0,"cards_obtained":["Master of Strategy"]}],"is_beta":true,"boss_relics":[{"not_picked":["Calling Bell","White Beast Statue"],"picked":"Cursed Key"}],"items_purged_floors":[],"is_endless":false,"potions_floor_spawned":[3,7,10,12,19],"killed_by":"Slavers","ascension_level":20}