{"path_per_floor":["M","M","?","M","M","R","E","R","T","R","?","?","?","E","R"],"character_chosen":"IRONCLAD","items_purchased":[],"gold_per_floor":[117,129,129,149,164,164,200,200,224,224,224,224,324,360,360,360],"floor_reached":16,"campfire_rested":0,"playtime":537,"item_purchase_floors":[],"current_hp_per_floor":[60,60,60,54,53,53,39,39,46,46,51,44,44,27,27,0],"items_purged":[],"gold":360,"score":162,"play_id":"9f62253a-5dda-4ff4-b8d7-39b86364eeb0","local_time":"20180522165218","is_prod":false,"is_daily":false,"chose_seed":false,"is_ascension_mode":true,"campfire_upgraded":4,"timestamp":1527004338,"campfire_choices":[{"data":"Body Slam","floor":6,"key":"SMITH"},{"data":"Barricade","floor":8,"key":"SMITH"},{"data":"Shockwave","floor":10,"key":"SMITH"},{"data":"Armaments","floor":15,"key":"SMITH"}],"path_taken":["M","M","?","M","M","R","E","R","T","R","?","?","?","E","R","BOSS"],"build_version":"2018-05-21v2","seed_source_timestamp":96540206852354,"purchased_purges":0,"victory":false,"master_deck":["Strike_R","Strike_R","Strike_R","Strike_R","Defend_R","Defend_R","Defend_R","Defend_R","Bash","AscendersBane","Shockwave+1","Body Slam+1","Wild Strike","Iron Wave","Barricade+1","Armaments+1"],"max_hp_per_floor":[80,80,74,74,74,74,74,74,81,81,86,86,86,86,86,86],"relics":["Burning Blood","Art of War","Golden Idol","Oddly Smooth Stone","Strawberry","Bronze Scales"],"card_choices":[{"not_picked":["Cleave","Anger"],"picked":"Shockwave","floor":1},{"not_picked":["Cleave","Twin Strike"],"picked":"Body Slam","floor":2},{"not_picked":["Sword Boomerang","Clash"],"picked":"Wild Strike","floor":4},{"not_picked":["Flex","Burning Pact"],"picked":"Iron Wave","floor":5},{"not_picked":["Seeing Red","Carnage"],"picked":"Barricade","floor":7},{"not_picked":["Pommel Strike","Burning Pact"],"picked":"Armaments","floor":14}],"player_experience":591556,"potions_floor_usage":[7,7,14],"damage_taken":[{"damage":18,"enemies":"Cultist","floor":1,"turns":6},{"damage":6,"enemies":"2 Louse","floor":2,"turns":3},{"damage":12,"enemies":"Jaw Worm","floor":4,"turns":4},{"damage":7,"enemies":"Looter","floor":5,"turns":4},{"damage":20,"enemies":"3 Sentries","floor":7,"turns":9},{"damage":23,"enemies":"Gremlin Nob","floor":14,"turns":5},{"damage":28,"enemies":"The Guardian","floor":16,"turns":6}],"relics_obtained":[{"floor":7,"key":"Oddly Smooth Stone"},{"floor":9,"key":"Strawberry"},{"floor":14,"key":"Bronze Scales"}],"event_choices":[{"event_name":"Golden Idol","player_choice":"Lose Max HP","floor":3,"damage_taken":0},{"event_name":"Big Fish","player_choice":"Donut","floor":11,"damage_taken":0},{"event_name":"Golden Wing","player_choice":"Card Removal","floor":12,"damage_taken":0},{"event_name":"Golden Shrine","player_choice":"Pray","floor":13,"damage_taken":0}],"boss_relics":[],"items_purged_floors":[],"potions_floor_spawned":[1,5,7],"seed_played":"5567664642469436019","killed_by":"The Guardian","ascension_level":10,"potions_obtained":[{"floor":1,"key":"Block Potion"},{"floor":5,"key":"Swift Potion"},{"floor":7,"key":"SkillPotion"}],"is_trial":false}