{"gold_per_floor":[114,114,128,53,63,63,82,82,163,189,189,201,226,240,240,318,318,335,347,360,412,22,50,50,62,62,62,92,108,108,142,142,215,215,230,244,5,25,35,68,80,92,175,220,245,257,285,310,322,334],"floor_reached":50,"playtime":2733,"items_purged":["Strike_G"],"score":1252,"play_id":"27312d8f-7548-40bf-8243-7d00170ab091","local_time":"20190811214025","is_ascension_mode":true,"campfire_choices":[{"data":"Dagger Spray","floor":6.0,"key":"SMITH"},{"data":"Noxious Fumes","floor":8.0,"key":"SMITH"},{"floor":15.0,"key":"REST"},{"data":"Wraith Form v2","floor":24.0,"key":"SMITH"},{"floor":27.0,"key":"REST"},{"floor":32.0,"key":"REST"},{"floor":41.0,"key":"REST"},{"floor":49,"key":"RECALL"}],"neow_cost":"NONE","seed_source_timestamp":0,"circlet_count":0,"master_deck":["AscendersBane","Defend_G","Defend_G","Defend_G","Survivor","Neutralize+1","Dagger Spray+1","Dagger Throw","Noxious Fumes+1","Cloak And Dagger","Crippling Poison","Noxious Fumes","Adrenaline","Corpse Explosion+1","Tactician+1","After Image+1","Caltrops","Wraith Form v2+1","Night Terror","Blur","Night Terror","After Image","Catalyst","Crippling Poison+1","Leg Sweep","Good Instincts","Footwork"],"special_seed":0,"relics":["Ring of the Snake","Potion Belt","The Courier","Lantern","Shuriken","Astrolabe","PreservedInsect","Medical Kit","Pear","Paper Crane","Singing Bowl","Gremlin Horn","Empty Cage","Snake Skull","MawBank","Bottled Lightning","Calipers"],"potions_floor_usage":[48,50],"damage_taken":[{"damage":2.0,"enemies":"2 Louse","floor":1.0,"turns":4.0},{"damage":11.0,"enemies":"Jaw Worm","floor":3.0,"turns":5.0},{"damage":1.0,"enemies":"Cultist","floor":5.0,"turns":4.0},{"damage":1.0,"enemies":"Red Slaver","floor":7.0,"turns":6.0},{"damage":30.0,"enemies":"Gremlin Nob","floor":10.0,"turns":4.0},{"damage":0.0,"enemies":"Gremlin Gang","floor":12.0,"turns":2.0},{"damage":3.0,"enemies":"3 Sentries","floor":13.0,"turns":4.0},{"damage":1.0,"enemies":"2 Fungi Beasts","floor":14.0,"turns":2.0},{"damage":23.0,"enemies":"Slime Boss","floor":16.0,"turns":8.0},{"damage":16.0,"enemies":"Chosen","floor":18.0,"turns":5.0},{"damage":8.0,"enemies":"Spheric Guardian","floor":19.0,"turns":3.0},{"damage":11.0,"enemies":"Centurion and Healer","floor":20.0,"turns":5.0},{"damage":15.0,"enemies":"Gremlin Leader","floor":23.0,"turns":5.0},{"damage":17.0,"enemies":"Sentry and Sphere","floor":25.0,"turns":7.0},{"damage":23.0,"enemies":"Slavers","floor":28.0,"turns":3.0},{"damage":0.0,"enemies":"Snecko","floor":29.0,"turns":8.0},{"damage":9.0,"enemies":"Gremlin Leader","floor":31.0,"turns":7.0},{"damage":21.0,"enemies":"Champ","floor":33.0,"turns":12.0},{"damage":0.0,"enemies":"3 Darklings","floor":35.0,"turns":4.0},{"damage":2.0,"enemies":"3 Shapes","floor":36.0,"turns":6.0},{"damage":17.0,"enemies":"Transient","floor":38.0,"turns":6.0},{"damage":1.0,"enemies":"Spire Growth","floor":39.0,"turns":6.0},{"damage":26.0,"enemies":"Reptomancer","floor":40.0,"turns":8.0},{"damage":18.0,"enemies":"Nemesis","floor":44.0,"turns":9.0},{"damage":1.0,"enemies":"Sphere and 2 Shapes","floor":45.0,"turns":5.0},{"damage":3.0,"enemies":"Jaw Worm Horde","floor":47.0,"turns":5.0},{"damage":0,"enemies":"Transient","floor":48,"turns":6},{"damage":39,"enemies":"Awakened One","floor":50,"turns":5}],"seed_played":"2642298748882433334","potions_obtained":[{"floor":1.0,"key":"EssenceOfSteel"},{"floor":5.0,"key":"Fruit Juice"},{"floor":12.0,"key":"Poison Potion"},{"floor":16.0,"key":"EntropicBrew"},{"floor":20.0,"key":"SneckoOil"},{"floor":29.0,"key":"Fire Potion"},{"floor":35.0,"key":"Block Potion"},{"floor":38.0,"key":"EssenceOfSteel"},{"floor":48,"key":"SkillPotion"}],"is_trial":false,"path_per_floor":["M","?","M","$","M","R","M","R","T","E","?","M","E","M","R","B",null,"M","M","M","T","$","E","R","M","T","R","E","M","?","E","R","B",null,"M","M","$","M","M","E","R","?","T","E","M","?","M","M","R","B"],"character_chosen":"THE_SILENT","items_purchased":["PreservedInsect","Medical Kit","EntropicBrew","Snake Skull","Catalyst","PowerPotion"],"campfire_rested":4,"item_purchase_floors":[22,22,22,37,37,37],"current_hp_per_floor":[63,52,41,41,40,40,39,39,39,9,9,9,11,10,33,10,60,44,36,25,25,25,35,35,18,18,44,21,21,21,14,40,19,72,74,74,74,57,56,32,60,60,60,44,45,39,38,38,38,0],"gold":334,"neow_bonus":"TEN_PERCENT_HP_BONUS","is_prod":false,"is_daily":false,"chose_seed":false,"campfire_upgraded":3,"win_rate":0,"timestamp":1565556025,"path_taken":["M","?","M","$","M","R","M","R","T","E","?","?","E","M","R","BOSS","M","?","M","?","$","E","R","M","T","R","E","?","?","E","R","BOSS","M","M","$","M","M","E","R","?","T","E","M","?","M","M","R","BOSS"],"build_version":"2019-07-18","purchased_purges":1,"victory":false,"max_hp_per_floor":[72,72,72,72,72,72,72,72,72,72,72,72,77,77,77,77,77,77,77,77,77,77,87,87,87,87,87,87,87,87,89,89,89,89,91,93,93,93,93,95,95,95,95,97,99,103,105,105,105,105],"card_choices":[{"not_picked":["Flechettes","Backflip"],"picked":"Dagger Throw","floor":1.0},{"not_picked":["Catalyst","Acrobatics"],"picked":"Dagger Spray","floor":3.0},{"not_picked":["Concentrate","Blade Dance"],"picked":"Dagger Throw","floor":5.0},{"not_picked":["Terror","Dodge and Roll"],"picked":"Noxious Fumes","floor":7.0},{"not_picked":["Dodge and Roll","Acrobatics"],"picked":"Cloak And Dagger","floor":10.0},{"not_picked":["Underhanded Strike","Blade Dance","Deflect"],"picked":"SKIP","floor":12.0},{"not_picked":["Accuracy","Calculated Gamble"],"picked":"Crippling Poison","floor":13.0},{"not_picked":["Tactician","Terror"],"picked":"Noxious Fumes","floor":14.0},{"not_picked":["Envenom","Night Terror"],"picked":"Adrenaline","floor":16.0},{"not_picked":["Calculated Gamble","Deflect"],"picked":"Caltrops","floor":18.0},{"not_picked":["Slice","Flying Knee","Concentrate+1"],"picked":"SKIP","floor":19.0},{"not_picked":["Sucker Punch","Dodge and Roll","Slice"],"picked":"SKIP","floor":20.0},{"not_picked":["Caltrops","Backflip+1"],"picked":"Wraith Form v2","floor":23.0},{"not_picked":["Riddle With Holes","Dagger Spray","Flechettes"],"picked":"SKIP","floor":25.0},{"not_picked":["Riddle With Holes","Corpse Explosion"],"picked":"Night Terror","floor":28.0},{"not_picked":["Caltrops","Concentrate"],"picked":"Blur","floor":29.0},{"not_picked":["Riddle With Holes","Dagger Spray","Slice+1"],"picked":"Singing Bowl","floor":31.0},{"not_picked":["Unload","Grand Finale"],"picked":"After Image","floor":33.0},{"not_picked":["Dagger Spray+1","Cloak And Dagger","Quick Slash"],"picked":"Singing Bowl","floor":35.0},{"not_picked":["Heel Hook","Underhanded Strike+1","Slice"],"picked":"Singing Bowl","floor":36.0},{"not_picked":["Dodge and Roll","Blade Dance+1"],"picked":"Crippling Poison+1","floor":38.0},{"not_picked":["Prepared","Terror"],"picked":"Leg Sweep","floor":39.0},{"not_picked":["Prepared","Underhanded Strike+1","Terror"],"picked":"Singing Bowl","floor":40.0},{"not_picked":["Blade Dance","Flying Knee","Caltrops+1"],"picked":"Singing Bowl","floor":44.0},{"not_picked":["Prepared","Storm of Steel","Bane"],"picked":"Singing Bowl","floor":45.0},{"not_picked":["Violence","HandOfGreed"],"picked":"Good Instincts","floor":46.0},{"not_picked":["Swift Strike","Impatience","Violence"],"picked":"Singing Bowl","floor":46.0},{"not_picked":["Chrysalis","Swift Strike","Trip"],"picked":"Singing Bowl","floor":46.0},{"not_picked":["Quick Slash","Backflip","Slice"],"picked":"Singing Bowl","floor":47.0},{"not_picked":["Masterful Stab+1","Distraction"],"picked":"Footwork","floor":48}],"player_experience":2303670,"relics_obtained":[{"floor":9.0,"key":"The Courier"},{"floor":10.0,"key":"Lantern"},{"floor":13.0,"key":"Shuriken"},{"floor":23.0,"key":"Pear"},{"floor":26.0,"key":"Paper Crane"},{"floor":28.0,"key":"Singing Bowl"},{"floor":31.0,"key":"Gremlin Horn"},{"floor":40.0,"key":"MawBank"},{"floor":43.0,"key":"Bottled Lightning"},{"floor":44.0,"key":"Calipers"}],"event_choices":[{"damage_healed":0.0,"max_hp_gain":0.0,"max_hp_loss":0.0,"gold_gain":0.0,"event_name":"Scrap Ooze","player_choice":"Success","floor":2.0,"gold_loss":0.0,"damage_taken":11.0,"relics_obtained":["Potion Belt"]},{"damage_healed":0.0,"max_hp_gain":0.0,"max_hp_loss":0.0,"gold_gain":0.0,"event_name":"Living Wall","player_choice":"Grow","floor":11.0,"gold_loss":0.0,"damage_taken":0.0,"cards_upgraded":["Neutralize"]},{"damage_healed":0.0,"max_hp_gain":0.0,"max_hp_loss":0.0,"gold_gain":0.0,"cards_transformed":["Strike_G","Dagger Throw"],"event_name":"Drug Dealer","player_choice":"Became Test Subject","floor":30.0,"gold_loss":0.0,"damage_taken":0.0,"cards_obtained":["Distraction","Night Terror"]},{"cards_removed":["Defend_G"],"damage_healed":0.0,"max_hp_gain":0.0,"max_hp_loss":0.0,"gold_gain":0.0,"event_name":"Falling","player_choice":"Removed Skill","floor":42.0,"gold_loss":0.0,"damage_taken":0.0},{"damage_healed":0.0,"max_hp_gain":0.0,"max_hp_loss":0.0,"gold_gain":0.0,"event_name":"SensoryStone","player_choice":"Memory 3","floor":46.0,"gold_loss":0.0,"damage_taken":10.0}],"is_beta":true,"boss_relics":[{"not_picked":["Runic Dome","Black Star"],"picked":"Astrolabe"},{"not_picked":["WristBlade","Calling Bell"],"picked":"Empty Cage"}],"items_purged_floors":[4],"is_endless":false,"potions_floor_spawned":[1,5,12,16,20,23,29,35,38,39,48],"killed_by":"Awakened One","ascension_level":20}