{"gold_per_floor":[110,121,41,51,0,0,30,30,30,50,50],"floor_reached":11,"playtime":281,"items_purged":[],"score":146,"play_id":"f44c30a3-92ce-4b99-b39e-5d49aff5609f","local_time":"20190621221130","is_ascension_mode":true,"campfire_choices":[{"data":"Poisoned Stab","floor":6,"key":"SMITH"},{"data":"Neutralize","floor":8,"key":"SMITH"}],"neow_cost":"NONE","seed_source_timestamp":361049681419229,"circlet_count":0,"master_deck":["AscendersBane","Strike_G","Strike_G","Strike_G","Strike_G","Strike_G","Defend_G","Defend_G","Defend_G","Defend_G","Defend_G","Survivor","Neutralize+1","Poisoned Stab+1","Well Laid Plans","Well Laid Plans","Quick Slash","PiercingWail","Dagger Spray"],"relics":["Ring of the Snake","NeowsBlessing","Gremlin Horn","Orichalcum"],"potions_floor_usage":[],"damage_taken":[{"damage":0,"enemies":"Cultist","floor":1,"turns":1},{"damage":0,"enemies":"Jaw Worm","floor":2,"turns":1},{"damage":0,"enemies":"2 Louse","floor":4,"turns":1},{"damage":30,"enemies":"Gremlin Nob","floor":7,"turns":4},{"damage":0,"enemies":"Looter","floor":10,"turns":4},{"damage":30,"enemies":"Lagavulin","floor":11,"turns":9}],"seed_played":"1558058524447760911","potions_obtained":[{"floor":10,"key":"GamblersBrew"}],"is_trial":false,"path_per_floor":["M","M","$","M","$","R","E","R","T","M","E"],"character_chosen":"THE_SILENT","items_purchased":["Well Laid Plans","Quick Slash"],"campfire_rested":0,"item_purchase_floors":[3,5],"current_hp_per_floor":[59,59,59,59,59,59,29,29,29,29,0],"gold":50,"neow_bonus":"THREE_ENEMY_KILL","is_prod":false,"is_daily":false,"chose_seed":false,"campfire_upgraded":2,"win_rate":0,"timestamp":1561151490,"path_taken":["M","?","$","M","?","R","E","R","T","M","E"],"build_version":"2019-06-21","purchased_purges":0,"victory":false,"max_hp_per_floor":[66,66,66,66,66,66,66,66,66,66,66],"card_choices":[{"not_picked":["Blade Dance","Choke","Escape Plan"],"picked":"SKIP","floor":1},{"not_picked":["Reflex","Prepared"],"picked":"Poisoned Stab","floor":2},{"not_picked":["Infinite Blades","Bane"],"picked":"Well Laid Plans","floor":4},{"not_picked":["Calculated Gamble","Cloak And Dagger"],"picked":"PiercingWail","floor":7},{"not_picked":["Bane","Burst"],"picked":"Dagger Spray","floor":10}],"player_experience":2132178,"relics_obtained":[{"floor":7,"key":"Gremlin Horn"},{"floor":9,"key":"Orichalcum"}],"event_choices":[],"is_beta":true,"boss_relics":[],"items_purged_floors":[],"is_endless":false,"potions_floor_spawned":[10],"killed_by":"Lagavulin","ascension_level":20}