{"gold_per_floor":[111,129,129,139,41,41,66,66,119,119,131,143,143,143,143,244,244,262,172,191,211,229,229,229,260,260,260,260,275,305,321,321,422,422,442,442,453,463,277,277,292,344,344,361,361,395,42,42],"floor_reached":48,"playtime":2583,"items_purged":["Strike_R","Strike_R+1"],"score":853,"play_id":"f2b7af7f-cdb2-472e-a11f-c1a9e4a42831","local_time":"20190815205342","is_ascension_mode":true,"campfire_choices":[{"data":"Bash","floor":6,"key":"SMITH"},{"data":"Corruption","floor":8,"key":"SMITH"},{"data":"Whirlwind","floor":15,"key":"SMITH"},{"data":"Dark Embrace","floor":23,"key":"SMITH"},{"data":"Feel No Pain","floor":32,"key":"SMITH"},{"data":"Barricade","floor":40,"key":"SMITH"}],"neow_cost":"NONE","seed_source_timestamp":13739441818900,"circlet_count":0,"master_deck":["AscendersBane","Strike_R+1","Strike_R+1","Defend_R+1","Defend_R+1","Defend_R+1","Bash+1","Impervious","Second Wind","Corruption+1","Feel No Pain+1","Shrug It Off","Shrug It Off+1","Flame Barrier+1","Whirlwind+1","Dark Embrace+1","Seeing Red","Feel No Pain","Feel No Pain+1","Barricade+1","Battle Trance","Inflame+1","Burning Pact+1","Discovery","Battle Trance+1","Seeing Red+1","Entrench","Metallicize"],"relics":["Burning Blood","Bronze Scales","Happy Flower","Tiny Chest","Philosopher\u0027s Stone","MutagenicStrength","Bird Faced Urn","Pocketwatch","Du-Vu Doll","Mark of Pain","Calipers","Darkstone Periapt","Ancient Tea Set","TheAbacus"],"potions_floor_usage":[7,16,25,25,30,33,42,42,48,48,48,48,48,48],"damage_taken":[{"damage":2,"enemies":"Small Slimes","floor":1,"turns":4},{"damage":4,"enemies":"Jaw Worm","floor":2,"turns":5},{"damage":6,"enemies":"Cultist","floor":4,"turns":4},{"damage":14,"enemies":"3 Sentries","floor":7,"turns":12},{"damage":5,"enemies":"Large Slime","floor":11,"turns":7},{"damage":0,"enemies":"3 Louse","floor":12,"turns":3},{"damage":65,"enemies":"Hexaghost","floor":16,"turns":12},{"damage":2,"enemies":"2 Thieves","floor":18,"turns":3},{"damage":0,"enemies":"3 Byrds","floor":20,"turns":3},{"damage":18,"enemies":"Sentry and Sphere","floor":21,"turns":8},{"damage":3,"enemies":"Snecko","floor":22,"turns":4},{"damage":16,"enemies":"Slavers","floor":25,"turns":4},{"damage":4,"enemies":"Cultist and Chosen","floor":29,"turns":4},{"damage":0,"enemies":"Book of Stabbing","floor":30,"turns":5},{"damage":0,"enemies":"Centurion and Healer","floor":31,"turns":4},{"damage":10,"enemies":"Automaton","floor":33,"turns":10},{"damage":10,"enemies":"3 Shapes","floor":35,"turns":5},{"damage":6,"enemies":"Orb Walker","floor":37,"turns":4},{"damage":11,"enemies":"Transient","floor":38,"turns":5},{"damage":0,"enemies":"4 Shapes","floor":41,"turns":3},{"damage":0,"enemies":"2 Orb Walkers","floor":42,"turns":2},{"damage":0,"enemies":"Jaw Worm Horde","floor":44,"turns":2},{"damage":0,"enemies":"Nemesis","floor":46,"turns":7},{"damage":114,"enemies":"Giant Head","floor":48,"turns":15}],"seed_played":"-3657697093559448177","potions_obtained":[{"floor":1,"key":"Poison Potion"},{"floor":2,"key":"Explosive Potion"},{"floor":12,"key":"Explosive Potion"},{"floor":21,"key":"EssenceOfSteel"},{"floor":22,"key":"GamblersBrew"},{"floor":25,"key":"Energy Potion"},{"floor":29,"key":"Dexterity Potion"},{"floor":37,"key":"SkillPotion"},{"floor":38,"key":"Energy Potion"},{"floor":46,"key":"EntropicBrew"}],"is_trial":false,"path_per_floor":["M","M","?","M","$","R","E","R","T","?","M","M","?","?","R","B",null,"M","?","M","M","M","R","?","E","T","?","?","M","E","M","R","B",null,"M","?","M","M","$","R","M","?","T","M","?","E","$","E"],"character_chosen":"IRONCLAD","items_purchased":["Shrug It Off","Discovery","Entrench","Metallicize","TheAbacus","Strength Potion"],"campfire_rested":0,"item_purchase_floors":[5,39,47,47,47,47],"current_hp_per_floor":[76,78,71,71,71,71,63,63,63,63,64,70,70,70,70,11,63,67,67,73,61,64,64,64,54,54,54,54,64,78,80,80,80,80,80,80,80,77,77,77,80,80,80,80,80,80,80,0],"gold":42,"neow_bonus":"ONE_RANDOM_RARE_CARD","is_prod":false,"is_daily":false,"chose_seed":false,"campfire_upgraded":6,"win_rate":0,"timestamp":1565870022,"path_taken":["M","M","?","M","$","R","E","R","T","?","M","?","?","?","R","BOSS","M","?","M","?","M","R","?","E","T","?","?","M","E","M","R","BOSS","M","?","?","?","$","R","M","?","T","M","?","E","$","E"],"build_version":"2019-07-17","purchased_purges":2,"victory":false,"max_hp_per_floor":[80,80,80,80,80,80,80,80,80,80,80,80,80,80,80,80,80,80,80,80,80,80,80,80,80,80,80,80,80,80,80,80,80,80,80,80,80,80,80,80,80,80,80,80,80,80,80,80],"card_choices":[{"not_picked":["Sword Boomerang","True Grit"],"picked":"Second Wind","floor":1},{"not_picked":["Shockwave","Warcry"],"picked":"Corruption","floor":2},{"not_picked":["Intimidate","Flex"],"picked":"Feel No Pain","floor":4},{"not_picked":["Twin Strike","Pommel Strike"],"picked":"Shrug It Off","floor":7},{"not_picked":["Feel No Pain","Offering"],"picked":"Flame Barrier","floor":11},{"not_picked":["Warcry","Body Slam"],"picked":"Whirlwind","floor":12},{"not_picked":["Reaper","Exhume"],"picked":"Dark Embrace","floor":16},{"not_picked":["Warcry","Armaments","Infernal Blade"],"picked":"SKIP","floor":18},{"not_picked":["Thunderclap","Spot Weakness+1","Twin Strike"],"picked":"SKIP","floor":20},{"not_picked":["Twin Strike","Armaments"],"picked":"Seeing Red","floor":21},{"not_picked":["Headbutt","Iron Wave","Sword Boomerang"],"picked":"SKIP","floor":22},{"not_picked":["Carnage","Feed"],"picked":"Feel No Pain","floor":25},{"not_picked":["Anger","True Grit","Thunderclap+1"],"picked":"SKIP","floor":29},{"not_picked":["Sever Soul","Cleave+1"],"picked":"Feel No Pain+1","floor":30},{"not_picked":["Iron Wave+1","Heavy Blade","Warcry"],"picked":"SKIP","floor":31},{"not_picked":["Fiend Fire","Exhume"],"picked":"Barricade","floor":33},{"not_picked":["Entrench","Perfected Strike"],"picked":"Battle Trance","floor":35},{"not_picked":["Twin Strike","Armaments+1"],"picked":"Inflame+1","floor":37},{"not_picked":["Perfected Strike","True Grit+1"],"picked":"Burning Pact+1","floor":38},{"not_picked":["Sword Boomerang","Reckless Charge"],"picked":"Battle Trance+1","floor":41},{"not_picked":["Fiend Fire","Pommel Strike","Iron Wave+1"],"picked":"SKIP","floor":44},{"not_picked":["Rampage+1","Pommel Strike+1"],"picked":"Seeing Red+1","floor":46}],"player_experience":143388,"relics_obtained":[{"floor":7,"key":"Happy Flower"},{"floor":9,"key":"Tiny Chest"},{"floor":25,"key":"Bird Faced Urn"},{"floor":26,"key":"Pocketwatch"},{"floor":30,"key":"Du-Vu Doll"},{"floor":42,"key":"Calipers"},{"floor":43,"key":"Darkstone Periapt"},{"floor":46,"key":"Ancient Tea Set"}],"event_choices":[{"damage_healed":0,"gold_gain":0,"player_choice":"Success","damage_taken":7,"relics_obtained":["Bronze Scales"],"max_hp_gain":0,"max_hp_loss":0,"event_name":"Scrap Ooze","floor":3,"gold_loss":0},{"cards_removed":["Defend_R"],"damage_healed":0,"gold_gain":0,"player_choice":"Purged","damage_taken":0,"max_hp_gain":0,"max_hp_loss":0,"event_name":"Purifier","floor":10,"gold_loss":0},{"damage_healed":0,"gold_gain":0,"player_choice":"Ignored","damage_taken":0,"max_hp_gain":0,"max_hp_loss":0,"event_name":"Liars Game","floor":13,"gold_loss":0},{"damage_healed":0,"gold_gain":0,"player_choice":"Grow","damage_taken":0,"max_hp_gain":0,"max_hp_loss":0,"event_name":"Living Wall","floor":14,"gold_loss":0,"cards_upgraded":["Flame Barrier"]},{"cards_removed":["Strike_R"],"damage_healed":0,"gold_gain":0,"player_choice":"Upgrade and Remove","damage_taken":0,"max_hp_gain":0,"max_hp_loss":0,"event_name":"Designer","floor":19,"gold_loss":90,"cards_upgraded":["Shrug It Off"]},{"damage_healed":0,"gold_gain":0,"player_choice":"Inject Mutagens","damage_taken":0,"relics_obtained":["MutagenicStrength"],"max_hp_gain":0,"max_hp_loss":0,"event_name":"Drug Dealer","floor":24,"gold_loss":0},{"damage_healed":0,"gold_gain":0,"player_choice":"Simplicity","damage_taken":0,"max_hp_gain":0,"max_hp_loss":0,"event_name":"Back to Basics","floor":27,"gold_loss":0,"cards_upgraded":["Strike_R","Strike_R","Strike_R","Defend_R","Defend_R","Defend_R"]},{"damage_healed":0,"gold_gain":0,"player_choice":"Ignored","damage_taken":0,"max_hp_gain":0,"max_hp_loss":0,"event_name":"Vampires","floor":28,"gold_loss":0},{"damage_healed":0,"gold_gain":0,"player_choice":"Ignored","damage_taken":0,"max_hp_gain":0,"max_hp_loss":0,"event_name":"SecretPortal","floor":36,"gold_loss":0},{"damage_healed":0,"gold_gain":0,"player_choice":"Fight","damage_taken":0,"max_hp_gain":0,"max_hp_loss":0,"event_name":"Mysterious Sphere","floor":42,"gold_loss":0},{"damage_healed":0,"gold_gain":0,"player_choice":"Ignored","damage_taken":0,"max_hp_gain":0,"max_hp_loss":0,"event_name":"Tomb of Lord Red Mask","floor":45,"gold_loss":0}],"is_beta":false,"boss_relics":[{"not_picked":["Ectoplasm","Pandora\u0027s Box"],"picked":"Philosopher\u0027s Stone"},{"not_picked":["Astrolabe","Coffee Dripper"],"picked":"Mark of Pain"}],"items_purged_floors":[5,39],"is_endless":false,"potions_floor_spawned":[1,2,12,21,22,25,29,37,38,46],"killed_by":"Giant Head","ascension_level":10}