{"gold_per_floor":[119,135,135,153,21,80,92,92,119,119,153,153,163,181,181,255,255,270,44,44,44],"floor_reached":21,"playtime":985,"items_purged":["Strike_R"],"score":382,"play_id":"877dc9b3-2950-4e9e-8c2d-e92f4ac1ba4e","local_time":"20190725000339","is_ascension_mode":true,"campfire_choices":[{"data":"True Grit","floor":8.0,"key":"SMITH"},{"data":"Inflame","floor":10.0,"key":"SMITH"},{"floor":15.0,"key":"REST"}],"neow_cost":"NONE","seed_source_timestamp":720482320049937,"circlet_count":0,"master_deck":["AscendersBane","Strike_R","Strike_R","Strike_R","Strike_R","Defend_R","Defend_R","Defend_R","Defend_R","Bash","Heavy Blade","Clothesline","Rampage","Inflame+1","True Grit+1","Demon Form","Shrug It Off","Offering"],"special_seed":0,"relics":["Burning Blood","Tiny Chest","Happy Flower","Dream Catcher","Black Star","Medical Kit"],"potions_floor_usage":[],"damage_taken":[{"damage":19.0,"enemies":"Jaw Worm","floor":1.0,"turns":4.0},{"damage":1.0,"enemies":"2 Louse","floor":2.0,"turns":3.0},{"damage":9.0,"enemies":"Small Slimes","floor":4.0,"turns":4.0},{"damage":24.0,"enemies":"Gremlin Nob","floor":6.0,"turns":4.0},{"damage":16.0,"enemies":"Exordium Thugs","floor":7.0,"turns":5.0},{"damage":21.0,"enemies":"Lagavulin","floor":11.0,"turns":6.0},{"damage":0.0,"enemies":"Gremlin Gang","floor":12.0,"turns":1.0},{"damage":6.0,"enemies":"2 Fungi Beasts","floor":13.0,"turns":4.0},{"damage":6.0,"enemies":"Looter","floor":14.0,"turns":4.0},{"damage":15.0,"enemies":"Slime Boss","floor":16.0,"turns":7.0},{"damage":45,"enemies":"3 Byrds","floor":18,"turns":10},{"damage":9,"enemies":"Shell Parasite","floor":21,"turns":2}],"seed_played":"7697746083351256102","potions_obtained":[{"floor":4.0,"key":"Poison Potion"},{"floor":6.0,"key":"SmokeBomb"},{"floor":14.0,"key":"PowerPotion"},{"floor":16.0,"key":"Strength Potion"}],"is_trial":false,"path_per_floor":["M","M","?","M","$","E","M","R","T","R","E","M","M","M","R","B",null,"M","$","?","M"],"character_chosen":"IRONCLAD","items_purchased":["Strength Potion","Medical Kit"],"campfire_rested":1,"item_purchase_floors":[5,19],"current_hp_per_floor":[55,60,60,57,57,39,29,29,29,29,14,20,20,20,42,33,65,26,26,5,0],"gold":44,"neow_bonus":"THREE_CARDS","is_prod":false,"is_daily":false,"chose_seed":false,"campfire_upgraded":2,"win_rate":0,"timestamp":1564009419,"path_taken":["M","M","?","M","$","E","M","R","T","R","E","M","M","M","R","BOSS","M","$","?","M"],"build_version":"2019-07-18","purchased_purges":1,"victory":false,"max_hp_per_floor":[75,75,75,75,75,75,75,75,75,75,75,75,75,75,75,75,75,75,75,80,80],"card_choices":[{"not_picked":["Dual Wield","Havoc"],"picked":"Heavy Blade","floor":0.0},{"not_picked":["Headbutt","Carnage"],"picked":"Clothesline","floor":1.0},{"not_picked":["Pommel Strike","Twin Strike"],"picked":"Rampage","floor":2.0},{"not_picked":["Rupture","Havoc"],"picked":"Inflame","floor":4.0},{"not_picked":["Wild Strike","Carnage","Perfected Strike"],"picked":"SKIP","floor":6.0},{"not_picked":["Headbutt","Iron Wave"],"picked":"True Grit","floor":7.0},{"not_picked":["Thunderclap","Sentinel","Perfected Strike"],"picked":"SKIP","floor":11.0},{"not_picked":["Clash","Flex"],"picked":"Demon Form","floor":13.0},{"not_picked":["Clash","Bloodletting"],"picked":"Shrug It Off","floor":14.0},{"not_picked":["Limit Break","Bludgeon"],"picked":"Offering","floor":16.0},{"not_picked":["Dropkick","Infernal Blade","Sever Soul"],"picked":"SKIP","floor":18}],"player_experience":2245758,"relics_obtained":[{"floor":6.0,"key":"Tiny Chest"},{"floor":9.0,"key":"Happy Flower"},{"floor":11.0,"key":"Dream Catcher"}],"event_choices":[{"damage_healed":0.0,"max_hp_gain":0.0,"max_hp_loss":0.0,"gold_gain":0.0,"event_name":"Liars Game","player_choice":"Ignored","floor":3.0,"gold_loss":0.0,"damage_taken":0.0},{"damage_healed":0,"gold_gain":0,"player_choice":"Shed Blood","damage_taken":26,"max_hp_gain":5,"max_hp_loss":0,"event_name":"Forgotten Altar","floor":20,"gold_loss":0}],"is_beta":true,"boss_relics":[{"not_picked":["Ectoplasm","White Beast Statue"],"picked":"Black Star"}],"items_purged_floors":[5],"is_endless":false,"potions_floor_spawned":[4,6,12,14,16],"killed_by":"Shell Parasite","ascension_level":20}