{"gold_per_floor":[13,13,27,40,40,40,69,95,121,133,144,144,144,177,177,254,254,265,265,280,290,131,131,131,131,182,202,248,263,263,178,178,257,257,275,52,52,0,100,100,128,128,152,152,166,166,166,190,190,190,190],"floor_reached":52,"playtime":2573,"items_purged":["Strike_B"],"score":1838,"play_id":"ece4aad9-0abd-4df4-befc-ad0fe9007481","local_time":"20181026210018","is_ascension_mode":true,"campfire_choices":[{"data":"Doom and Gloom","floor":6.0,"key":"SMITH"},{"floor":12.0,"key":"REST"},{"data":"Defragment","floor":13.0,"key":"SMITH"},{"data":"Go for the Eyes","floor":15.0,"key":"SMITH"},{"data":"Loop","floor":23.0,"key":"SMITH"},{"data":"Seek","floor":25.0,"key":"SMITH"},{"floor":30.0,"key":"REST"},{"data":"Reinforced Body","floor":32.0,"key":"SMITH"},{"floor":40,"key":"DIG"},{"floor":42,"key":"DIG"},{"floor":44,"key":"REST"},{"floor":46,"key":"DIG"},{"floor":49,"key":"DIG"}],"neow_cost":"NO_GOLD","seed_source_timestamp":0,"circlet_count":0,"master_deck":["Strike_B","Defend_B","Defend_B","Defend_B","Defend_B","Zap+1","Dualcast","AscendersBane","Cold Snap","Doom and Gloom+1","Sweeping Beam","Reinforced Body+1","Loop+1","Defragment+1","Go for the Eyes+1","Self Repair","Seek+1","Cold Snap","Recycle","Ball Lightning","Melter","Machine Learning","Tempest","Steam","Chrysalis"],"special_seed":0,"relics":["Cracked Core","WingedGreaves","Pear","Omamori","Lantern","Regal Pillow","Happy Flower","Busted Crown","Vajra","Bag of Preparation","Juzu Bracelet","Runic Pyramid","Chemical X","Red Mask","Shovel","Pen Nib","The Courier","Prayer Wheel","PreservedInsect","Bird Faced Urn","Bronze Scales","Strawberry"],"potions_floor_usage":[41,41,51],"damage_taken":[{"damage":0.0,"enemies":"2 Louse","floor":1.0,"turns":3.0},{"damage":2.0,"enemies":"Small Slimes","floor":3.0,"turns":3.0},{"damage":2.0,"enemies":"Jaw Worm","floor":4.0,"turns":3.0},{"damage":47.0,"enemies":"Gremlin Nob","floor":7.0,"turns":5.0},{"damage":10.0,"enemies":"3 Sentries","floor":8.0,"turns":6.0},{"damage":4.0,"enemies":"Red Slaver","floor":10.0,"turns":4.0},{"damage":0.0,"enemies":"Looter","floor":11.0,"turns":3.0},{"damage":22.0,"enemies":"Lagavulin","floor":14.0,"turns":6.0},{"damage":0.0,"enemies":"The Guardian","floor":16.0,"turns":7.0},{"damage":4.0,"enemies":"3 Byrds","floor":18.0,"turns":5.0},{"damage":23.0,"enemies":"2 Thieves","floor":20.0,"turns":4.0},{"damage":7.0,"enemies":"Centurion and Healer","floor":21.0,"turns":6.0},{"damage":20.0,"enemies":"Shelled Parasite and Fungi","floor":27.0,"turns":3.0},{"damage":0.0,"enemies":"3 Cultists","floor":29.0,"turns":5.0},{"damage":62.0,"enemies":"Champ","floor":33.0,"turns":9.0},{"damage":24,"enemies":"3 Shapes","floor":35,"turns":4},{"damage":2,"enemies":"Mind Bloom Boss Battle","floor":39,"turns":6},{"damage":25,"enemies":"Reptomancer","floor":41,"turns":5},{"damage":0,"enemies":"3 Darklings","floor":45,"turns":4},{"damage":34,"enemies":"Awakened One","floor":50,"turns":20},{"damage":54,"enemies":"Time Eater","floor":51,"turns":14}],"seed_played":"-1428866643839675219","potions_obtained":[{"floor":1.0,"key":"Energy Potion"},{"floor":7.0,"key":"Swift Potion"},{"floor":8.0,"key":"AttackPotion"},{"floor":10.0,"key":"FearPotion"},{"floor":29.0,"key":"Weak Potion"},{"floor":33.0,"key":"EntropicBrew"}],"is_trial":false,"path_per_floor":["M","?","M","M","T","R","E","E","T","M","M","R","R","E","R","B",null,"M","?","M","M","$","R","?","R","T","M","T","M","R","?","R","B",null,"M","$","?","?","?","R","E","R","T","R","M","R","?","T","R","B","B"],"character_chosen":"DEFECT","items_purchased":["PowerPotion","Cold Snap","Chemical X"],"campfire_rested":3,"item_purchase_floors":[22,22,36],"current_hp_per_floor":[64,64,62,60,70,70,23,13,13,9,9,48,48,26,26,33,69,72,72,56,56,56,56,56,56,56,36,36,43,81,81,81,26,67,50,50,50,50,55,55,37,37,37,76,81,81,71,71,78,59,20],"gold":190,"neow_bonus":"ONE_RARE_RELIC","is_prod":false,"is_daily":false,"chose_seed":false,"campfire_upgraded":6,"win_rate":0,"timestamp":1540584018,"path_taken":["M","?","M","M","?","R","E","E","T","?","M","R","R","E","R","BOSS","M","?","?","M","$","R","?","R","T","M","?","M","R","?","R","BOSS","M","$","?","?","?","R","E","R","T","R","M","R","?","?","R","BOSS","BOSS"],"build_version":"2018-10-25v2","purchased_purges":1,"victory":true,"max_hp_per_floor":[71,71,71,71,81,81,81,81,81,81,81,81,81,81,81,81,81,81,81,81,81,81,81,81,81,81,81,81,81,81,81,81,81,81,81,81,81,81,81,81,81,81,81,81,81,81,81,81,88,88,88],"card_choices":[{"not_picked":["Chaos","Hologram"],"picked":"Cold Snap","floor":1.0},{"not_picked":["Coolheaded","Conserve Battery"],"picked":"Doom and Gloom","floor":3.0},{"not_picked":["Turbo","Force Field"],"picked":"Sweeping Beam","floor":4.0},{"not_picked":["Reboot","Storm"],"picked":"Reinforced Body","floor":7.0},{"not_picked":["Fusion","Rip and Tear"],"picked":"Loop","floor":8.0},{"not_picked":["Steam","Conserve Battery"],"picked":"Defragment","floor":10.0},{"not_picked":["Leap","Compile Driver"],"picked":"Go for the Eyes","floor":11.0},{"not_picked":["Go for the Eyes","Darkness"],"picked":"Self Repair","floor":14.0},{"not_picked":["Hyperbeam","Thunder Strike"],"picked":"Seek","floor":16.0},{"not_picked":["Turbo"],"picked":"SKIP","floor":18.0},{"not_picked":["Stack"],"picked":"SKIP","floor":20.0},{"not_picked":["Reprogram"],"picked":"SKIP","floor":21.0},{"not_picked":["Rip and Tear"],"picked":"SKIP","floor":27.0},{"not_picked":[],"picked":"Melter","floor":29.0},{"not_picked":[],"picked":"Machine Learning","floor":33.0},{"not_picked":["Reprogram"],"picked":"SKIP","floor":35},{"not_picked":[],"picked":"Steam","floor":41},{"not_picked":["Leap"],"picked":"SKIP","floor":45},{"not_picked":["Blizzard"],"picked":"SKIP","floor":45},{"not_picked":[],"picked":"Chrysalis","floor":47}],"player_experience":1539958,"relics_obtained":[{"floor":5.0,"key":"Pear"},{"floor":7.0,"key":"Omamori"},{"floor":8.0,"key":"Lantern"},{"floor":9.0,"key":"Regal Pillow"},{"floor":14.0,"key":"Happy Flower"},{"floor":26.0,"key":"Vajra"},{"floor":28.0,"key":"Bag of Preparation"},{"floor":39,"key":"Shovel"},{"floor":40,"key":"Pen Nib"},{"floor":41,"key":"The Courier"},{"floor":42,"key":"Prayer Wheel"},{"floor":43,"key":"PreservedInsect"},{"floor":46,"key":"Bird Faced Urn"},{"floor":48,"key":"Bronze Scales"},{"floor":49,"key":"Strawberry"}],"event_choices":[{"damage_healed":0.0,"max_hp_gain":0.0,"max_hp_loss":0.0,"gold_gain":0.0,"event_name":"Living Wall","player_choice":"Grow","floor":2.0,"gold_loss":0.0,"damage_taken":0.0,"cards_upgraded":["Zap"]},{"damage_healed":0.0,"max_hp_gain":0.0,"max_hp_loss":0.0,"gold_gain":0.0,"event_name":"Ghosts","player_choice":"Ignored","floor":19.0,"gold_loss":0.0,"damage_taken":0.0},{"damage_healed":0.0,"max_hp_gain":0.0,"max_hp_loss":0.0,"gold_gain":0.0,"cards_transformed":["Strike_B","Strike_B"],"event_name":"Drug Dealer","player_choice":"Became Test Subject","floor":24.0,"gold_loss":0.0,"damage_taken":0.0,"cards_obtained":["Recycle","Ball Lightning"]},{"damage_healed":0.0,"max_hp_gain":0.0,"max_hp_loss":0.0,"gold_gain":0.0,"event_name":"Addict","player_choice":"Obtained Relic","floor":31.0,"gold_loss":85.0,"damage_taken":0.0,"relics_obtained":["Juzu Bracelet"]},{"damage_healed":0,"gold_gain":0,"player_choice":"1 cards matched","damage_taken":0,"max_hp_gain":0,"max_hp_loss":0,"event_name":"Match and Keep!","floor":37,"gold_loss":0,"cards_obtained":["Tempest"]},{"damage_healed":0,"gold_gain":0,"player_choice":"Paid","damage_taken":0,"relics_obtained":["Red Mask"],"max_hp_gain":0,"max_hp_loss":0,"event_name":"Tomb of Lord Red Mask","floor":38,"gold_loss":52},{"damage_healed":0,"gold_gain":0,"player_choice":"Fight","damage_taken":0,"max_hp_gain":0,"max_hp_loss":0,"event_name":"MindBloom","floor":39,"gold_loss":0},{"damage_healed":0,"gold_gain":0,"player_choice":"Memory 3","damage_taken":10,"max_hp_gain":0,"max_hp_loss":0,"event_name":"SensoryStone","floor":47,"gold_loss":0}],"is_beta":true,"boss_relics":[{"not_picked":["Black Star","Lizard Tail"],"picked":"Busted Crown"},{"not_picked":["Empty Cage","White Beast Statue"],"picked":"Runic Pyramid"}],"items_purged_floors":[22],"is_endless":false,"potions_floor_spawned":[1,7,8,10,11,29,33],"ascension_level":20}