{"gold_per_floor":[110,128,128,13,32,32,61,61,112,112,128,153,171,171],"floor_reached":14,"playtime":549,"items_purged":[],"score":200,"play_id":"17db8eee-99e5-44cd-8522-e4ca0ab1682d","local_time":"20190216210347","is_ascension_mode":true,"campfire_choices":[{"data":"Bouncing Flask","floor":6,"key":"SMITH"},{"data":"Footwork","floor":8,"key":"SMITH"},{"data":"Quick Slash","floor":10,"key":"SMITH"}],"neow_cost":"NONE","seed_source_timestamp":271833175658539,"circlet_count":0,"master_deck":["AscendersBane","Defend_G","Defend_G","Defend_G","Defend_G","Defend_G","Strike_G","Strike_G","Strike_G","Strike_G","Strike_G","Survivor","Neutralize","Dagger Throw","Footwork+1","Bouncing Flask+1","Quick Slash+1","Bouncing Flask","Dash"],"relics":["Ring of the Snake","GremlinMask","Dream Catcher","Ancient Tea Set","Kunai"],"potions_floor_usage":[12,13],"damage_taken":[{"damage":3,"enemies":"2 Louse","floor":1,"turns":4},{"damage":2,"enemies":"Cultist","floor":2,"turns":4},{"damage":0,"enemies":"Small Slimes","floor":5,"turns":4},{"damage":14,"enemies":"Lagavulin","floor":7,"turns":7},{"damage":0,"enemies":"2 Fungi Beasts","floor":11,"turns":5},{"damage":32,"enemies":"Gremlin Nob","floor":12,"turns":4},{"damage":3,"enemies":"Lots of Slimes","floor":13,"turns":5},{"damage":11,"enemies":"3 Sentries","floor":14,"turns":2}],"seed_played":"7901268353458897786","potions_obtained":[{"floor":5,"key":"FearPotion"},{"floor":11,"key":"SkillPotion"}],"is_trial":false,"path_per_floor":["M","M","?","$","M","R","E","R","T","R","M","E","M","E"],"character_chosen":"THE_SILENT","items_purchased":["Footwork","Bouncing Flask"],"campfire_rested":0,"item_purchase_floors":[4,4],"current_hp_per_floor":[62,60,60,60,60,60,46,46,46,46,46,14,11,0],"gold":171,"neow_bonus":"TEN_PERCENT_HP_BONUS","is_prod":false,"is_daily":false,"chose_seed":false,"campfire_upgraded":3,"win_rate":0,"timestamp":1550351027,"path_taken":["M","M","?","$","M","R","E","R","T","R","M","E","M","E"],"build_version":"2019-02-06","purchased_purges":0,"victory":false,"max_hp_per_floor":[72,72,72,72,72,72,72,72,72,72,72,72,72,72],"card_choices":[{"not_picked":["Flechettes","Flying Knee"],"picked":"Dagger Throw","floor":1},{"not_picked":["Cloak And Dagger","Expertise","Concentrate"],"picked":"SKIP","floor":2},{"not_picked":["Sucker Punch","Prepared"],"picked":"Quick Slash","floor":5},{"not_picked":["Quick Slash","Underhanded Strike","Slice"],"picked":"SKIP","floor":7},{"not_picked":["Night Terror","Deflect"],"picked":"Bouncing Flask","floor":11},{"not_picked":["Catalyst","Underhanded Strike"],"picked":"Dash","floor":12},{"not_picked":["Bane","Underhanded Strike","Setup"],"picked":"SKIP","floor":13}],"player_experience":1849731,"relics_obtained":[{"floor":7,"key":"Dream Catcher"},{"floor":9,"key":"Ancient Tea Set"},{"floor":12,"key":"Kunai"}],"event_choices":[{"damage_healed":0,"gold_gain":0,"player_choice":"Trade","damage_taken":0,"relics_obtained":["GremlinMask"],"max_hp_gain":0,"max_hp_loss":0,"event_name":"FaceTrader","floor":3,"gold_loss":0}],"is_beta":true,"boss_relics":[],"items_purged_floors":[],"is_endless":false,"potions_floor_spawned":[5,11],"killed_by":"3 Sentries","ascension_level":20}