{"gold_per_floor":[109,125,200,31,41,41,66,66,92,92],"floor_reached":10,"playtime":407,"items_purged":[],"score":132,"play_id":"7fa92fbd-48c6-474e-a2b4-49219a7f0caf","local_time":"20190124171538","is_ascension_mode":true,"campfire_choices":[{"data":"Deadly Poison","floor":6,"key":"SMITH"}],"neow_cost":"NONE","seed_source_timestamp":1277183950835647,"circlet_count":0,"master_deck":["AscendersBane","Defend_G","Defend_G","Defend_G","Defend_G","Defend_G","Strike_G","Strike_G","Strike_G","Strike_G","Strike_G","Survivor","Neutralize","Footwork","Skewer","Quick Slash","Deadly Poison+1","Bane"],"relics":["Ring of the Snake","Oddly Smooth Stone","Ancient Tea Set","Boot"],"potions_floor_usage":[7,7,10],"damage_taken":[{"damage":13,"enemies":"Jaw Worm","floor":1,"turns":8},{"damage":0,"enemies":"2 Louse","floor":2,"turns":4},{"damage":0,"enemies":"Small Slimes","floor":5,"turns":4},{"damage":17,"enemies":"Lagavulin","floor":7,"turns":7},{"damage":28,"enemies":"3 Sentries","floor":10,"turns":11}],"seed_played":"-7189303486736306489","potions_obtained":[{"floor":1,"key":"Explosive Potion"},{"floor":5,"key":"Fruit Juice"},{"floor":7,"key":"SkillPotion"}],"is_trial":false,"path_per_floor":["M","M","?","$","M","R","E","?","T","E"],"character_chosen":"THE_SILENT","items_purchased":["Oddly Smooth Stone"],"campfire_rested":0,"item_purchase_floors":[4],"current_hp_per_floor":[46,46,35,35,35,35,23,23,23,0],"gold":92,"neow_bonus":"THREE_CARDS","is_prod":false,"is_daily":false,"chose_seed":false,"campfire_upgraded":1,"win_rate":0,"timestamp":1548350138,"path_taken":["M","M","?","$","M","R","E","?","T","E"],"build_version":"2019-01-23","purchased_purges":0,"victory":false,"max_hp_per_floor":[66,66,66,66,66,66,71,71,71,71],"card_choices":[{"not_picked":["Deadly Poison","Quick Slash"],"picked":"Footwork","floor":0},{"not_picked":["Heel Hook","Flechettes"],"picked":"Skewer","floor":1},{"not_picked":["Cloak And Dagger","Acrobatics"],"picked":"Quick Slash","floor":2},{"not_picked":["Blur","Cloak And Dagger"],"picked":"Deadly Poison","floor":5},{"not_picked":["Bullet Time","Tactician"],"picked":"Bane","floor":7}],"player_experience":1775172,"relics_obtained":[{"floor":7,"key":"Ancient Tea Set"},{"floor":9,"key":"Boot"}],"event_choices":[{"damage_healed":0,"gold_gain":75,"player_choice":"Gather Gold","damage_taken":11,"max_hp_gain":0,"max_hp_loss":0,"event_name":"World of Goop","floor":3,"gold_loss":0},{"damage_healed":0,"gold_gain":0,"player_choice":"Ignored","damage_taken":0,"max_hp_gain":0,"max_hp_loss":0,"event_name":"Golden Wing","floor":8,"gold_loss":0}],"is_beta":true,"boss_relics":[],"items_purged_floors":[],"is_endless":false,"potions_floor_spawned":[1,5,7],"killed_by":"3 Sentries","ascension_level":20}