{"gold_per_floor":[113,113,131,131,145,145,115,115,115,125,160,170,183,206,206,302,302,313,238,255,271,282,282,314,314,314,314],"floor_reached":27,"playtime":1589,"items_purged":["Strike_G"],"score":260,"play_id":"81fc12da-4301-4b33-ba88-69e195a4bdf7","local_time":"20190629052915","is_ascension_mode":false,"campfire_choices":[{"floor":6,"key":"RECALL"},{"data":"Calculated Gamble","floor":8,"key":"SMITH"},{"data":"Bouncing Flask","floor":15,"key":"SMITH"},{"data":"Catalyst","floor":23,"key":"SMITH"}],"neow_cost":"NONE","seed_source_timestamp":242783456941200,"circlet_count":0,"master_deck":["Defend_G+1","Defend_G+1","Defend_G+1","Defend_G+1","Defend_G+1","Strike_G+1","Strike_G+1","Strike_G+1","Survivor","Neutralize","Calculated Gamble+1","Iron Wave","Well Laid Plans","Dagger Throw","Poisoned Stab","Bouncing Flask+1","Wraith Form v2","Poisoned Stab","Well Laid Plans","Deflect","Corpse Explosion","Footwork","Bouncing Flask","Escape Plan","Catalyst+1","Tools of the Trade"],"relics":["Ring of the Snake","NeowsBlessing","Kunai","Mercury Hourglass","Odd Mushroom","Black Star","Bottled Lightning","Dream Catcher","Pen Nib"],"potions_floor_usage":[16,22,24,27,27],"damage_taken":[{"damage":0,"enemies":"Small Slimes","floor":1,"turns":1},{"damage":0,"enemies":"Cultist","floor":3,"turns":1},{"damage":0,"enemies":"2 Louse","floor":5,"turns":1},{"damage":0,"enemies":"Looter","floor":7,"turns":4},{"damage":4,"enemies":"Blue Slaver","floor":10,"turns":4},{"damage":17,"enemies":"Lagavulin","floor":11,"turns":8},{"damage":8,"enemies":"Exordium Thugs","floor":12,"turns":5},{"damage":2,"enemies":"Looter","floor":13,"turns":3},{"damage":8,"enemies":"The Mushroom Lair","floor":14,"turns":4},{"damage":2,"enemies":"The Guardian","floor":16,"turns":9},{"damage":0,"enemies":"Chosen","floor":18,"turns":3},{"damage":6,"enemies":"Spheric Guardian","floor":20,"turns":4},{"damage":25,"enemies":"Snake Plant","floor":21,"turns":4},{"damage":12,"enemies":"Snecko","floor":22,"turns":5},{"damage":26,"enemies":"Gremlin Leader","floor":24,"turns":7},{"damage":1,"enemies":"Cultist and Chosen","floor":27,"turns":3}],"seed_played":"-1099524761016503373","potions_obtained":[{"floor":1,"key":"EssenceOfSteel"},{"floor":10,"key":"Ancient Potion"},{"floor":12,"key":"PowerPotion"},{"floor":14,"key":"PowerPotion"},{"floor":16,"key":"PowerPotion"},{"floor":24,"key":"Weak Potion"}],"is_trial":false,"path_per_floor":["M","?","M","T","M","R","M","R","T","M","E","M","M","?","R","B",null,"M","$","M","M","M","R","E","?","T","M"],"character_chosen":"THE_SILENT","items_purchased":[],"campfire_rested":0,"item_purchase_floors":[],"current_hp_per_floor":[70,70,70,70,70,70,70,70,70,66,49,41,39,31,31,29,70,70,70,64,39,27,27,1,1,1,0],"gold":314,"neow_bonus":"THREE_ENEMY_KILL","is_prod":false,"is_daily":false,"chose_seed":false,"campfire_upgraded":3,"win_rate":0,"timestamp":1561753755,"path_taken":["M","?","?","?","M","R","M","R","T","M","E","M","?","?","R","BOSS","M","$","M","M","M","R","E","?","T","M"],"build_version":"2019-01-23","purchased_purges":1,"victory":false,"max_hp_per_floor":[70,70,70,70,70,70,70,70,70,70,70,70,70,70,70,70,70,70,70,70,70,70,70,70,70,70,70],"card_choices":[{"not_picked":["Heel Hook","Bane"],"picked":"Calculated Gamble","floor":1},{"not_picked":["Slice","Flying Knee"],"picked":"Well Laid Plans","floor":3},{"not_picked":["Finisher","Accuracy"],"picked":"Dagger Throw","floor":5},{"not_picked":["Deadly Poison","Heel Hook"],"picked":"Poisoned Stab","floor":7},{"not_picked":["Cloak And Dagger","Dagger Spray"],"picked":"Bouncing Flask","floor":10},{"not_picked":["PiercingWail","Flying Knee"],"picked":"Wraith Form v2","floor":11},{"not_picked":["Acrobatics","Flechettes"],"picked":"Poisoned Stab","floor":12},{"not_picked":["Acrobatics","Masterful Stab"],"picked":"Well Laid Plans","floor":13},{"not_picked":["Outmaneuver","Skewer"],"picked":"Deflect","floor":14},{"not_picked":["Venomology","Tools of the Trade"],"picked":"Corpse Explosion","floor":16},{"not_picked":["Blade Dance+1","Deadly Poison"],"picked":"Footwork","floor":18},{"not_picked":["All Out Attack","Quick Slash"],"picked":"Bouncing Flask","floor":20},{"not_picked":["Predator+1","Reflex"],"picked":"Escape Plan","floor":21},{"not_picked":["Backflip","Masterful Stab"],"picked":"Catalyst","floor":22},{"not_picked":["Prepared","Flying Knee"],"picked":"Tools of the Trade","floor":24}],"player_experience":46675,"relics_obtained":[{"floor":9,"key":"Kunai"},{"floor":11,"key":"Mercury Hourglass"},{"floor":14,"key":"Odd Mushroom"},{"floor":24,"key":"Bottled Lightning"},{"floor":24,"key":"Dream Catcher"},{"floor":26,"key":"Pen Nib"}],"event_choices":[{"cards_removed":["Strike_G"],"damage_healed":0,"gold_gain":0,"player_choice":"Took Card","damage_taken":0,"max_hp_gain":0,"max_hp_loss":0,"event_name":"NoteForYourself","floor":2,"gold_loss":0,"cards_obtained":["Iron Wave"]},{"damage_healed":0,"gold_gain":0,"player_choice":"Fought Mushrooms","damage_taken":0,"max_hp_gain":0,"max_hp_loss":0,"event_name":"Mushrooms","floor":14,"gold_loss":0},{"damage_healed":0,"gold_gain":0,"player_choice":"Simplicity","damage_taken":0,"max_hp_gain":0,"max_hp_loss":0,"event_name":"Back to Basics","floor":25,"gold_loss":0,"cards_upgraded":["Defend_G","Defend_G","Defend_G","Defend_G","Defend_G","Strike_G","Strike_G","Strike_G"]}],"is_beta":false,"boss_relics":[{"not_picked":["Cursed Key","Lizard Tail"],"picked":"Black Star"}],"items_purged_floors":[19],"is_endless":false,"potions_floor_spawned":[1,10,12,14,16,21,24],"killed_by":"Cultist and Chosen","ascension_level":0}