{"gold_per_floor":[117,133,44,62,82,82,107,133,133,152,182,182,243,325,325,402,402,420,420,264,314,332,359,26,26,26,39,70,70,88,120,120,195,195,215,6,6,0,19,44,93,93,165,185,185,196,196,224,224,224,224,224,224,5,40,40],"floor_reached":57,"playtime":4427,"items_purged":["Strike_G"],"score":3227,"play_id":"a52031f2-9b54-4490-8df9-2cd3358842c5","local_time":"20190616133545","is_ascension_mode":true,"campfire_choices":[{"data":"Noxious Fumes","floor":6.0,"key":"SMITH"},{"data":"Dagger Spray","floor":12.0,"key":"SMITH"},{"data":"Neutralize","floor":15.0,"key":"SMITH"},{"floor":25.0,"key":"REST"},{"data":"Wraith Form v2","floor":32.0,"key":"SMITH"},{"floor":42.0,"key":"RECALL"},{"data":"After Image","floor":49.0,"key":"SMITH"},{"data":"Caltrops","floor":53.0,"key":"SMITH"}],"neow_cost":"NONE","seed_source_timestamp":0,"circlet_count":0,"master_deck":["AscendersBane","Strike_G","Defend_G","Defend_G","Defend_G","Defend_G","Defend_G","Survivor","Neutralize+1","Flying Knee","Noxious Fumes+1","Die Die Die","Dagger Spray+1","After Image+1","Footwork","Wraith Form v2+1","Footwork","PiercingWail","Noxious Fumes","Backflip","Caltrops+1","Cloak And Dagger","Infinite Blades","Neutralize","Crippling Poison","Malaise","Blur+1","Cloak And Dagger+1","Well Laid Plans","PiercingWail"],"special_seed":0,"relics":["Ring of the Snake","Happy Flower","Bag of Preparation","Odd Mushroom","Meat on the Bone","Blue Candle","Dead Branch","Gremlin Horn","Empty Cage","Ornamental Fan","Paper Crane","Mummified Hand","Thread and Needle","Potion Belt","Snecko Eye","ClockworkSouvenir","Red Mask","Singing Bowl","Prayer Wheel","Sundial","Snake Skull","Dream Catcher","Chemical X","Blood Vial"],"potions_floor_usage":[56,56,56,56],"damage_taken":[{"damage":0.0,"enemies":"Jaw Worm","floor":1.0,"turns":4.0},{"damage":7.0,"enemies":"Small Slimes","floor":2.0,"turns":4.0},{"damage":0.0,"enemies":"Cultist","floor":4.0,"turns":4.0},{"damage":9.0,"enemies":"Blue Slaver","floor":5.0,"turns":5.0},{"damage":10.0,"enemies":"Lagavulin","floor":7.0,"turns":6.0},{"damage":0.0,"enemies":"The Mushroom Lair","floor":8.0,"turns":2.0},{"damage":0.0,"enemies":"Lots of Slimes","floor":10.0,"turns":1.0},{"damage":15.0,"enemies":"3 Sentries","floor":11.0,"turns":5.0},{"damage":37.0,"enemies":"Lagavulin Event","floor":13.0,"turns":8.0},{"damage":2.0,"enemies":"The Guardian","floor":16.0,"turns":12.0},{"damage":23.0,"enemies":"Shell Parasite","floor":18.0,"turns":7.0},{"damage":13.0,"enemies":"Spheric Guardian","floor":22.0,"turns":5.0},{"damage":41.0,"enemies":"Slavers","floor":23.0,"turns":3.0},{"damage":0.0,"enemies":"Snecko","floor":27.0,"turns":6.0},{"damage":14.0,"enemies":"Gremlin Leader","floor":28.0,"turns":6.0},{"damage":0.0,"enemies":"Snake Plant","floor":30.0,"turns":5.0},{"damage":16.0,"enemies":"Book of Stabbing","floor":31.0,"turns":6.0},{"damage":0.0,"enemies":"Champ","floor":33.0,"turns":11.0},{"damage":0.0,"enemies":"3 Shapes","floor":35.0,"turns":4.0},{"damage":0.0,"enemies":"Orb Walker","floor":39.0,"turns":5.0},{"damage":0.0,"enemies":"Giant Head","floor":40.0,"turns":11.0},{"damage":0.0,"enemies":"2 Orb Walkers","floor":41.0,"turns":5.0},{"damage":9.0,"enemies":"3 Darklings","floor":44.0,"turns":4.0},{"damage":0.0,"enemies":"4 Shapes","floor":46.0,"turns":3.0},{"damage":0.0,"enemies":"Reptomancer","floor":48.0,"turns":4.0},{"damage":0.0,"enemies":"Donu and Deca","floor":50.0,"turns":8.0},{"damage":31.0,"enemies":"Awakened One","floor":51.0,"turns":18.0},{"damage":31.0,"enemies":"Shield and Spear","floor":55.0,"turns":7.0},{"damage":0,"enemies":"The Heart","floor":56,"turns":11}],"seed_played":"-4919945776988152881","potions_obtained":[{"floor":2.0,"key":"AttackPotion"},{"floor":5.0,"key":"Weak Potion"},{"floor":7.0,"key":"LiquidBronze"},{"floor":10.0,"key":"FearPotion"},{"floor":16.0,"key":"Strength Potion"},{"floor":23.0,"key":"Dexterity Potion"},{"floor":30.0,"key":"SpeedPotion"},{"floor":31.0,"key":"Regen Potion"},{"floor":33.0,"key":"Explosive Potion"},{"floor":48.0,"key":"EssenceOfSteel"}],"is_trial":false,"path_per_floor":["M","M","$","M","M","R","E","?","T","M","E","R","?","T","R","B",null,"M","?","$","?","M","E","$","R","T","M","E","?","M","E","R","B",null,"M","$","T","?","M","E","?","R","T","M","?","M","?","E","R","B","B",null,"R","$","E","B",null],"character_chosen":"THE_SILENT","items_purchased":["Noxious Fumes","Noxious Fumes","Paper Crane","Cloak And Dagger","ClockworkSouvenir","Chemical X"],"campfire_rested":1,"item_purchase_floors":[3,20,24,24,36,54],"current_hp_per_floor":[59,52,52,52,43,43,33,33,33,45,42,42,17,17,17,27,56,45,45,45,45,44,15,15,34,34,34,32,32,44,40,40,40,60,60,60,60,60,60,62,62,62,62,53,53,57,57,59,59,59,40,66,66,66,49,66],"gold":40,"neow_bonus":"RANDOM_COMMON_RELIC","is_prod":false,"is_daily":false,"chose_seed":false,"campfire_upgraded":6,"win_rate":0,"timestamp":1560688545,"path_taken":["M","M","$","M","M","R","E","?","T","M","E","R","?","?","R","BOSS","M","?","$","?","M","E","$","R","T","?","E","?","M","E","R","BOSS","M","$","?","?","M","E","?","R","T","?","?","?","?","E","R","BOSS","BOSS","R","$","E","BOSS"],"build_version":"2019-06-13","purchased_purges":1,"victory":true,"max_hp_per_floor":[66,66,66,66,66,66,66,66,66,66,66,66,66,66,66,66,66,66,66,66,66,66,66,66,66,66,66,66,66,66,66,66,66,66,66,66,66,66,66,68,68,68,68,68,68,72,72,74,74,74,74,74,74,74,76,76],"card_choices":[{"not_picked":["Prepared","Dodge and Roll","Deflect"],"picked":"SKIP","floor":1.0},{"not_picked":["Slice","Escape Plan"],"picked":"Flying Knee","floor":2.0},{"not_picked":["Deadly Poison","Catalyst"],"picked":"Die Die Die","floor":4.0},{"not_picked":["Terror","Concentrate"],"picked":"Dagger Spray","floor":5.0},{"not_picked":["Distraction","Slice","Underhanded Strike"],"picked":"SKIP","floor":7.0},{"not_picked":["Endless Agony","Cloak And Dagger"],"picked":"After Image","floor":10.0},{"not_picked":["Finisher","Accuracy","Outmaneuver"],"picked":"SKIP","floor":11.0},{"not_picked":["Flying Knee","Setup"],"picked":"Footwork","floor":13.0},{"not_picked":["Storm of Steel","After Image"],"picked":"Wraith Form v2","floor":16.0},{"not_picked":["Flying Knee","Noxious Fumes"],"picked":"Footwork","floor":18.0},{"not_picked":["Escape Plan","Calculated Gamble"],"picked":"Backflip","floor":22.0},{"not_picked":["Terror","Backflip"],"picked":"Caltrops","floor":23.0},{"not_picked":["Noxious Fumes","Blade Dance"],"picked":"Infinite Blades","floor":27.0},{"not_picked":["Tactician","Infinite Blades","Cloak And Dagger"],"picked":"SKIP","floor":28.0},{"not_picked":["Slice","Dash","Tactician"],"picked":"SKIP","floor":30.0},{"not_picked":["Slice","Tactician"],"picked":"Crippling Poison","floor":31.0},{"not_picked":["A Thousand Cuts","Envenom"],"picked":"Malaise","floor":33.0},{"not_picked":["Backflip","Dagger Throw","Outmaneuver"],"picked":"SKIP","floor":35.0},{"not_picked":["Dodge and Roll","Skewer"],"picked":"Blur+1","floor":39.0},{"not_picked":["Dagger Throw+1","Flechettes","Predator"],"picked":"Singing Bowl","floor":40.0},{"not_picked":["Deadly Poison","Underhanded Strike"],"picked":"Cloak And Dagger+1","floor":41.0},{"not_picked":["Acrobatics+1","All Out Attack"],"picked":"Well Laid Plans","floor":44.0},{"not_picked":["Heel Hook","Dagger Spray+1"],"picked":"PiercingWail","floor":44.0},{"not_picked":["Prepared","All Out Attack+1","Riddle With Holes"],"picked":"Singing Bowl","floor":46.0},{"not_picked":["Bouncing Flask","Dodge and Roll","Acrobatics+1"],"picked":"Singing Bowl","floor":46.0},{"not_picked":["Acrobatics+1","Heel Hook","Flying Knee+1"],"picked":"Singing Bowl","floor":48.0},{"not_picked":["Sucker Punch","Deadly Poison+1","Riddle With Holes"],"picked":"Singing Bowl","floor":55.0}],"player_experience":2111435,"relics_obtained":[{"floor":7.0,"key":"Bag of Preparation"},{"floor":8.0,"key":"Odd Mushroom"},{"floor":9.0,"key":"Meat on the Bone"},{"floor":11.0,"key":"Blue Candle"},{"floor":13.0,"key":"Dead Branch"},{"floor":14.0,"key":"Gremlin Horn"},{"floor":23.0,"key":"Ornamental Fan"},{"floor":26.0,"key":"Mummified Hand"},{"floor":28.0,"key":"Thread and Needle"},{"floor":31.0,"key":"Potion Belt"},{"floor":40.0,"key":"Singing Bowl"},{"floor":41.0,"key":"Prayer Wheel"},{"floor":43.0,"key":"Sundial"},{"floor":48.0,"key":"Dream Catcher"},{"floor":55.0,"key":"Blood Vial"}],"event_choices":[{"damage_healed":0.0,"max_hp_gain":0.0,"max_hp_loss":0.0,"gold_gain":0.0,"event_name":"Mushrooms","player_choice":"Fought Mushrooms","floor":8.0,"gold_loss":0.0,"damage_taken":0.0},{"damage_healed":0.0,"max_hp_gain":0.0,"max_hp_loss":0.0,"gold_gain":30.0,"event_name":"Dead Adventurer","player_choice":"Searched \u00272\u0027 times","floor":13.0,"gold_loss":0.0,"damage_taken":0.0},{"damage_healed":0.0,"max_hp_gain":0.0,"max_hp_loss":0.0,"gold_gain":0.0,"event_name":"The Library","player_choice":"Read","floor":19.0,"gold_loss":0.0,"damage_taken":0.0,"cards_obtained":["PiercingWail"]},{"damage_healed":0.0,"max_hp_gain":0.0,"max_hp_loss":0.0,"gold_gain":100.0,"event_name":"The Joust","player_choice":"Bet on Murderer","floor":21.0,"gold_loss":50.0,"damage_taken":0.0},{"damage_healed":0.0,"max_hp_gain":0.0,"max_hp_loss":0.0,"gold_gain":0.0,"event_name":"Match and Keep!","player_choice":"1 cards matched","floor":29.0,"gold_loss":0.0,"damage_taken":0.0,"cards_obtained":["Neutralize"]},{"damage_healed":0.0,"max_hp_gain":0.0,"max_hp_loss":0.0,"gold_gain":0.0,"event_name":"Tomb of Lord Red Mask","player_choice":"Paid","floor":38.0,"gold_loss":6.0,"damage_taken":0.0,"relics_obtained":["Red Mask"]},{"damage_healed":0.0,"max_hp_gain":0.0,"max_hp_loss":0.0,"gold_gain":0.0,"event_name":"Mysterious Sphere","player_choice":"Fight","floor":41.0,"gold_loss":0.0,"damage_taken":0.0},{"damage_healed":0.0,"max_hp_gain":0.0,"max_hp_loss":0.0,"gold_gain":0.0,"event_name":"WeMeetAgain","player_choice":"Gave Potion","floor":45.0,"gold_loss":0.0,"damage_taken":0.0,"relics_obtained":["Snake Skull"]},{"cards_removed":["Strike_G"],"damage_healed":0.0,"max_hp_gain":0.0,"max_hp_loss":0.0,"gold_gain":0.0,"event_name":"Purifier","player_choice":"Purged","floor":47.0,"gold_loss":0.0,"damage_taken":0.0}],"is_beta":true,"boss_relics":[{"not_picked":["Fusion Hammer","HoveringKite"],"picked":"Empty Cage"},{"not_picked":["Tiny House","Calling Bell"],"picked":"Snecko Eye"}],"items_purged_floors":[20],"is_endless":false,"potions_floor_spawned":[2,5,7,10,13,16,18,23,30,31,33,35,44,48],"ascension_level":20}