{"gold_per_floor":[111,111,129,140,152,152,183,183,209,209,219,199,216,231,231,305,305,317,317,330,330,45,45,77,77,77,102,112,112,142,162,162,234,234,254,264,264,4,20,52,52,79,131,141,167,167,42,57,57,57,57,57,57,3,35,35],"floor_reached":57,"playtime":2793,"items_purged":["Strike_B","Strike_B","Strike_B"],"score":2639,"play_id":"c6085f30-5d3e-4d92-b795-c5242c0167df","local_time":"20181030013703","is_ascension_mode":true,"campfire_choices":[{"floor":6.0,"key":"RECALL"},{"data":"Zap","floor":8.0,"key":"SMITH"},{"data":"Go for the Eyes","floor":10.0,"key":"SMITH"},{"data":"Sunder","floor":15.0,"key":"SMITH"},{"floor":23.0,"key":"REST"},{"floor":29.0,"key":"REST"},{"floor":32.0,"key":"REST"},{"floor":41.0,"key":"REST"},{"floor":49.0,"key":"REST"},{"floor":53,"key":"REST"}],"neow_cost":"NONE","seed_source_timestamp":0,"circlet_count":0,"master_deck":["Defend_B","Defend_B","Defend_B","Defend_B+1","Zap+1","AscendersBane","Glacier","Ball Lightning","Cold Snap","Cold Snap","Go for the Eyes+1","Sunder+1","Biased Cognition","Coolheaded+1","Capacitor","Defragment","Electrodynamics","Hologram","Compile Driver","Core Surge","Skim","The Bomb","White Noise","Defragment","Leap+1","Hologram+1","Loop","FTL"],"special_seed":0,"relics":["Cracked Core","Boot","Fusion Hammer","Regal Pillow","Bag of Preparation","War Paint","Pocketwatch","Omamori","Orichalcum","Cursed Key","PreservedInsect","Emotion Chip","Dream Catcher","Centennial Puzzle","DataDisk","Calipers"],"potions_floor_usage":[50,51,56],"damage_taken":[{"damage":7.0,"enemies":"Small Slimes","floor":1.0,"turns":3.0},{"damage":3.0,"enemies":"Jaw Worm","floor":3.0,"turns":4.0},{"damage":0.0,"enemies":"Cultist","floor":4.0,"turns":2.0},{"damage":1.0,"enemies":"3 Louse","floor":5.0,"turns":4.0},{"damage":16.0,"enemies":"3 Sentries","floor":7.0,"turns":10.0},{"damage":7.0,"enemies":"Lots of Slimes","floor":11.0,"turns":3.0},{"damage":5.0,"enemies":"Gremlin Gang","floor":13.0,"turns":6.0},{"damage":1.0,"enemies":"3 Louse","floor":14.0,"turns":4.0},{"damage":32.0,"enemies":"The Guardian","floor":16.0,"turns":14.0},{"damage":0.0,"enemies":"Shell Parasite","floor":18.0,"turns":4.0},{"damage":3.0,"enemies":"Chosen","floor":20.0,"turns":5.0},{"damage":25.0,"enemies":"Gremlin Leader","floor":24.0,"turns":9.0},{"damage":30.0,"enemies":"Slavers","floor":27.0,"turns":7.0},{"damage":1.0,"enemies":"Sentry and Sphere","floor":28.0,"turns":4.0},{"damage":12.0,"enemies":"Book of Stabbing","floor":30.0,"turns":5.0},{"damage":0.0,"enemies":"Cultist and Chosen","floor":31.0,"turns":4.0},{"damage":15.0,"enemies":"Collector","floor":33.0,"turns":9.0},{"damage":0.0,"enemies":"Orb Walker","floor":35.0,"turns":3.0},{"damage":10.0,"enemies":"3 Darklings","floor":36.0,"turns":4.0},{"damage":24.0,"enemies":"Jaw Worm Horde","floor":39.0,"turns":4.0},{"damage":0.0,"enemies":"Reptomancer","floor":40.0,"turns":3.0},{"damage":5.0,"enemies":"Nemesis","floor":42.0,"turns":7.0},{"damage":3.0,"enemies":"Maw","floor":44.0,"turns":6.0},{"damage":0.0,"enemies":"Giant Head","floor":45.0,"turns":11.0},{"damage":0.0,"enemies":"Writhing Mass","floor":48.0,"turns":6.0},{"damage":40,"enemies":"Awakened One","floor":50,"turns":17},{"damage":13,"enemies":"Donu and Deca","floor":51,"turns":8},{"damage":49,"enemies":"Shield and Spear","floor":55,"turns":6},{"damage":23,"enemies":"The Heart","floor":56,"turns":19}],"seed_played":"-3157412445005294504","potions_obtained":[{"floor":0.0,"key":"Fruit Juice"},{"floor":0.0,"key":"Block Potion"},{"floor":0.0,"key":"Regen Potion"},{"floor":11.0,"key":"Block Potion"},{"floor":13.0,"key":"SteroidPotion"},{"floor":18.0,"key":"FocusPotion"},{"floor":28.0,"key":"FearPotion"},{"floor":30.0,"key":"EssenceOfSteel"},{"floor":33.0,"key":"Poison Potion"},{"floor":39.0,"key":"Weak Potion"},{"floor":42.0,"key":"PowerPotion"},{"floor":44.0,"key":"Fire Potion"},{"floor":48.0,"key":"LiquidBronze"}],"is_trial":false,"path_per_floor":["M","?","M","M","M","R","E","R","T","R","M","?","M","M","R","B",null,"M","?","M","T","$","R","E","?","T","E","M","R","E","M","R","B",null,"M","M","?","$","M","E","R","E","T","M","E","?","$","M","R","B","B",null,"R","$","E","B"],"character_chosen":"DEFECT","items_purchased":["Bag of Preparation","Capacitor","PreservedInsect","Strength Potion"],"campfire_rested":6,"item_purchase_floors":[22,22,38,54],"current_hp_per_floor":[62,62,59,59,58,58,42,42,42,42,35,35,45,44,44,12,60,60,60,57,57,57,76,51,51,51,21,20,57,45,45,76,61,72,72,62,52,52,28,28,65,60,60,57,57,57,57,57,76,36,23,63,76,76,27,4],"gold":35,"neow_bonus":"THREE_SMALL_POTIONS","is_prod":false,"is_daily":false,"chose_seed":false,"campfire_upgraded":3,"win_rate":0,"timestamp":1540863423,"path_taken":["M","?","M","M","M","R","E","R","T","R","M","?","M","?","R","BOSS","M","?","M","?","$","R","E","?","T","E","M","R","E","M","R","BOSS","M","?","?","$","?","E","R","E","T","M","E","?","$","M","R","BOSS","BOSS","R","$","E","BOSS"],"build_version":"2018-10-29v2","purchased_purges":3,"victory":true,"max_hp_per_floor":[76,76,76,76,76,76,76,76,76,76,76,76,76,76,76,76,76,76,76,76,76,76,76,76,76,76,76,76,76,76,76,76,76,76,76,76,76,76,76,76,76,76,76,76,76,76,76,76,76,76,76,76,76,76,76,76],"card_choices":[{"not_picked":["Compile Driver","Hologram"],"picked":"Glacier","floor":1.0},{"not_picked":["Steam Power","Heatsinks"],"picked":"Ball Lightning","floor":3.0},{"not_picked":["Creative AI","Skim"],"picked":"Cold Snap","floor":4.0},{"not_picked":["Scrape","Rebound"],"picked":"Cold Snap","floor":5.0},{"not_picked":["Stack","Streamline"],"picked":"Go for the Eyes","floor":7.0},{"not_picked":["Rebound","Gash","Cold Snap"],"picked":"SKIP","floor":11.0},{"not_picked":["Rebound","Redo","Undo"],"picked":"SKIP","floor":13.0},{"not_picked":["Barrage","Steam"],"picked":"Sunder","floor":14.0},{"not_picked":["Meteor Strike","Machine Learning"],"picked":"Biased Cognition","floor":16.0},{"not_picked":["Gash","Turbo","Steam"],"picked":"SKIP","floor":18.0},{"not_picked":["Rebound","Conserve Battery"],"picked":"Coolheaded","floor":20.0},{"not_picked":["FTL+1","Compile Driver"],"picked":"Defragment","floor":24.0},{"not_picked":["Storm","Streamline"],"picked":"Electrodynamics","floor":27.0},{"not_picked":["Hologram","Genetic Algorithm","Gash"],"picked":"SKIP","floor":28.0},{"not_picked":["Reinforced Body","Lockon"],"picked":"Hologram","floor":30.0},{"not_picked":["Cold Snap","FTL"],"picked":"Compile Driver","floor":31.0},{"not_picked":["Thunder Strike","All For One"],"picked":"Core Surge","floor":33.0},{"not_picked":["Undo+1","Leap","Rebound+1"],"picked":"SKIP","floor":35.0},{"not_picked":["Steam Power","Redo+1"],"picked":"Skim","floor":36.0},{"not_picked":["Deep Breath","HandOfGreed"],"picked":"The Bomb","floor":37.0},{"not_picked":["Hello World","Sweeping Beam+1","Beam Cell"],"picked":"SKIP","floor":39.0},{"not_picked":["Ball Lightning","Sweeping Beam"],"picked":"White Noise","floor":40.0},{"not_picked":["Steam+1","Machine Learning"],"picked":"Defragment","floor":42.0},{"not_picked":["Auto Shields","Sweeping Beam","Recycle"],"picked":"SKIP","floor":44.0},{"not_picked":["Turbo","Cold Snap+1","Force Field"],"picked":"SKIP","floor":45.0},{"not_picked":["Beam Cell","Auto Shields"],"picked":"Leap+1","floor":48.0},{"not_picked":["Aggregate","Streamline+1"],"picked":"Hologram+1","floor":49.0},{"not_picked":["Steam+1","Blizzard"],"picked":"Loop","floor":53},{"not_picked":["Turbo+1","Rebound"],"picked":"FTL","floor":55}],"player_experience":1576949,"relics_obtained":[{"floor":7.0,"key":"Boot"},{"floor":21.0,"key":"Regal Pillow"},{"floor":24.0,"key":"War Paint"},{"floor":26.0,"key":"Pocketwatch"},{"floor":27.0,"key":"Omamori"},{"floor":30.0,"key":"Orichalcum"},{"floor":40.0,"key":"Emotion Chip"},{"floor":42.0,"key":"Dream Catcher"},{"floor":43.0,"key":"Centennial Puzzle"},{"floor":45.0,"key":"DataDisk"},{"floor":55,"key":"Calipers"}],"event_choices":[{"damage_healed":0.0,"max_hp_gain":0.0,"max_hp_loss":0.0,"gold_gain":0.0,"event_name":"Liars Game","player_choice":"Ignored","floor":2.0,"gold_loss":0.0,"damage_taken":0.0},{"damage_healed":0.0,"max_hp_gain":0.0,"max_hp_loss":0.0,"gold_gain":0.0,"event_name":"The Woman in Blue","player_choice":"Bought 1 Potion","floor":12.0,"gold_loss":0.0,"damage_taken":0.0},{"cards_removed":["Strike_B"],"damage_healed":0.0,"max_hp_gain":0.0,"max_hp_loss":0.0,"gold_gain":0.0,"event_name":"Purifier","player_choice":"Purged","floor":19.0,"gold_loss":0.0,"damage_taken":0.0},{"damage_healed":0.0,"max_hp_gain":0.0,"max_hp_loss":0.0,"gold_gain":0.0,"event_name":"The Mausoleum","player_choice":"Ignored","floor":25.0,"gold_loss":0.0,"damage_taken":0.0},{"damage_healed":0.0,"max_hp_gain":0.0,"max_hp_loss":0.0,"gold_gain":0.0,"event_name":"SensoryStone","player_choice":"Memory 3","floor":37.0,"gold_loss":0.0,"damage_taken":10.0},{"cards_removed":["Dualcast"],"damage_healed":0.0,"max_hp_gain":0.0,"max_hp_loss":0.0,"gold_gain":0.0,"event_name":"Falling","player_choice":"Removed Skill","floor":46.0,"gold_loss":0.0,"damage_taken":0.0}],"is_beta":true,"boss_relics":[{"not_picked":["Calling Bell","Busted Crown"],"picked":"Fusion Hammer"},{"not_picked":["FrozenCore","Sozu"],"picked":"Cursed Key"}],"items_purged_floors":[22,38,47],"is_endless":false,"potions_floor_spawned":[4,5,11,13,16,18,28,30,31,33,39,42,44,48],"ascension_level":20}