{"gold_per_floor":[109,109,123,134,150,150,75,109,132,132,132,132,158,83,83,159,209,219,219,229,240,13,13,45,45,45,80,24,24,57,69,69,146,146,165,181,7,21,1020,1080,1090,384,384,395,426,444,444,474,474,474,474,474,474,38,72,72],"floor_reached":57,"playtime":3508,"items_purged":["Strike_R","Strike_R"],"score":2816,"play_id":"b495b3cb-d13e-40fc-81c8-9e0356ac5853","local_time":"20190701050243","is_ascension_mode":true,"campfire_choices":[{"data":"Immolate","floor":6,"key":"SMITH"},{"data":"Bash","floor":10,"key":"SMITH"},{"data":"True Grit","floor":12,"key":"SMITH"},{"data":"Clothesline","floor":15,"key":"SMITH"},{"floor":23,"key":"REST"},{"floor":29,"key":"REST"},{"floor":32,"key":"REST"},{"floor":49,"key":"RECALL"},{"data":"Feel No Pain","floor":53,"key":"SMITH"}],"neow_cost":"TEN_PERCENT_HP_LOSS","seed_source_timestamp":210619087762459,"circlet_count":0,"master_deck":["AscendersBane","Strike_R","Defend_R","Defend_R","Defend_R","Defend_R+1","Bash+1","Immolate+1","True Grit+1","Headbutt","Clothesline+1","Shrug It Off","Offering","Feel No Pain+1","Metallicize","Battle Trance","Offering+1","Havoc+1","Corruption","Inflame","Reaper","Shrug It Off","Shrug It Off","Inflame","Reaper","Dual Wield+1","Exhume+1","Flame Barrier","Heavy Blade","True Grit+1","Disarm","Flame Barrier","Exhume"],"relics":["Burning Blood","Potion Belt","Bag of Marbles","Champion Belt","Omamori","Tiny House","DollysMirror","Question Card","Paper Frog","Self Forming Clay","Charon\u0027s Ashes","Snecko Eye","Tiny Chest","Bottled Lightning","Bottled Tornado","Bag of Preparation","Pear","War Paint","Sundial"],"potions_floor_usage":[8,16,20,24,33,33,48,48,56,56,56],"damage_taken":[{"damage":1,"enemies":"Cultist","floor":1,"turns":3},{"damage":0,"enemies":"2 Louse","floor":3,"turns":1},{"damage":12,"enemies":"Jaw Worm","floor":4,"turns":4},{"damage":0,"enemies":"3 Louse","floor":5,"turns":1},{"damage":6,"enemies":"Gremlin Nob","floor":8,"turns":3},{"damage":18,"enemies":"3 Sentries","floor":13,"turns":5},{"damage":44,"enemies":"Slime Boss","floor":16,"turns":8},{"damage":6,"enemies":"2 Thieves","floor":18,"turns":1},{"damage":20,"enemies":"Shell Parasite","floor":20,"turns":10},{"damage":9,"enemies":"Chosen and Byrds","floor":21,"turns":7},{"damage":25,"enemies":"Book of Stabbing","floor":24,"turns":4},{"damage":12,"enemies":"Gremlin Leader","floor":27,"turns":3},{"damage":52,"enemies":"Slavers","floor":30,"turns":6},{"damage":6,"enemies":"Cultist and Chosen","floor":31,"turns":4},{"damage":35,"enemies":"Collector","floor":33,"turns":7},{"damage":6,"enemies":"3 Darklings","floor":35,"turns":4},{"damage":12,"enemies":"Orb Walker","floor":36,"turns":1},{"damage":26,"enemies":"3 Darklings","floor":38,"turns":3},{"damage":7,"enemies":"Giant Head","floor":40,"turns":6},{"damage":4,"enemies":"Transient","floor":41,"turns":6},{"damage":12,"enemies":"Writhing Mass","floor":44,"turns":5},{"damage":83,"enemies":"Reptomancer","floor":45,"turns":8},{"damage":6,"enemies":"Maw","floor":46,"turns":7},{"damage":35,"enemies":"Nemesis","floor":48,"turns":11},{"damage":20,"enemies":"Donu and Deca","floor":50,"turns":11},{"damage":61,"enemies":"Time Eater","floor":51,"turns":17},{"damage":66,"enemies":"Shield and Spear","floor":55,"turns":7},{"damage":83,"enemies":"The Heart","floor":56,"turns":11}],"seed_played":"-6157362297298063716","potions_obtained":[{"floor":3,"key":"Fire Potion"},{"floor":5,"key":"Dexterity Potion"},{"floor":8,"key":"LiquidBronze"},{"floor":13,"key":"Fire Potion"},{"floor":17,"key":"FairyPotion"},{"floor":20,"key":"LiquidBronze"},{"floor":21,"key":"Ancient Potion"},{"floor":27,"key":"Energy Potion"},{"floor":35,"key":"BloodPotion"},{"floor":40,"key":"PowerPotion"},{"floor":46,"key":"Fire Potion"},{"floor":55,"key":"Poison Potion"}],"is_trial":false,"path_per_floor":["M","$","M","M","M","R","$","E","T","R","T","R","E","?","R","B",null,"M","?","M","M","$","R","E","?","T","E","$","R","E","M","R","B",null,"M","M","$","M","?","E","M","$","T","M","E","M","?","E","R","B","B",null,"R","$","E","B",null],"character_chosen":"IRONCLAD","items_purchased":["DollysMirror","SteroidPotion","Inflame","Reaper","Flame Barrier","Heavy Blade","Bottled Lightning","Bottled Tornado","War Paint","Exhume"],"campfire_rested":3,"item_purchase_floors":[22,28,37,37,42,42,42,42,54,54],"current_hp_per_floor":[68,68,68,62,68,68,68,68,68,68,68,68,56,56,56,18,61,61,40,26,23,23,46,27,27,27,21,21,44,13,13,36,7,60,78,78,78,70,70,78,78,78,78,78,45,78,74,84,84,84,57,77,77,77,84,84],"gold":72,"neow_bonus":"THREE_RARE_CARDS","is_prod":false,"is_daily":false,"chose_seed":false,"campfire_upgraded":5,"win_rate":0,"timestamp":1561953763,"path_taken":["M","?","?","M","M","R","$","E","T","R","?","R","E","?","R","BOSS","M","?","M","M","$","R","E","?","T","E","$","R","E","?","R","BOSS","M","?","$","M","?","E","M","$","T","M","E","M","?","E","R","BOSS","BOSS","R","$","E","BOSS"],"build_version":"2019-06-29","purchased_purges":2,"victory":true,"max_hp_per_floor":[68,68,68,68,68,68,68,68,68,68,68,68,68,68,68,68,73,73,78,78,78,78,78,78,78,78,78,78,78,78,78,78,78,78,78,78,78,78,78,78,78,78,78,78,78,78,74,84,84,84,84,84,84,84,84,84],"card_choices":[{"not_picked":["Offering","Berserk"],"picked":"Immolate","floor":0},{"not_picked":["Perfected Strike","Sentinel"],"picked":"True Grit","floor":1},{"not_picked":["Body Slam","Whirlwind","Seeing Red"],"picked":"SKIP","floor":3},{"not_picked":["Metallicize","Corruption"],"picked":"Headbutt","floor":4},{"not_picked":["Reckless Charge","Power Through"],"picked":"Clothesline","floor":5},{"not_picked":["Dual Wield","Havoc"],"picked":"Shrug It Off","floor":8},{"not_picked":["Iron Wave","Pommel Strike","Sword Boomerang"],"picked":"SKIP","floor":13},{"not_picked":["Exhume","Brutality"],"picked":"Offering","floor":16},{"not_picked":["Hemokinesis+1","Anger"],"picked":"Feel No Pain","floor":18},{"not_picked":["Twin Strike","Thunderclap"],"picked":"Metallicize","floor":20},{"not_picked":["Thunderclap","Twin Strike"],"picked":"Battle Trance","floor":21},{"not_picked":["Berserk","Flex+1"],"picked":"Havoc+1","floor":24},{"not_picked":["Pummel","Carnage","Twin Strike"],"picked":"Corruption","floor":27},{"not_picked":["Havoc","Sever Soul","Warcry","Sword Boomerang"],"picked":"SKIP","floor":30},{"not_picked":["Body Slam","Searing Blow","Pommel Strike"],"picked":"Inflame","floor":31},{"not_picked":["Bludgeon","Dark Embrace","Immolate"],"picked":"Reaper","floor":33},{"not_picked":["Body Slam","Cleave","Shockwave"],"picked":"Shrug It Off","floor":35},{"not_picked":["Anger","Warcry","Sword Boomerang"],"picked":"Shrug It Off","floor":36},{"not_picked":["Iron Wave","Reckless Charge","Entrench+1"],"picked":"Dual Wield+1","floor":38},{"not_picked":["Whirlwind+1","Clothesline","Body Slam"],"picked":"Exhume","floor":40},{"not_picked":["Power Through","Thunderclap","Flex+1","Perfected Strike"],"picked":"SKIP","floor":41},{"not_picked":["Metallicize","Battle Trance","Havoc"],"picked":"True Grit+1","floor":44},{"not_picked":["Iron Wave","Heavy Blade","Anger"],"picked":"Disarm","floor":45},{"not_picked":["Thunderclap","Iron Wave","Metallicize"],"picked":"Flame Barrier","floor":46},{"not_picked":["Iron Wave","Clothesline","Wild Strike","Rupture+1"],"picked":"SKIP","floor":48},{"not_picked":["Brutality","Evolve+1","Seeing Red","Cleave"],"picked":"SKIP","floor":55}],"player_experience":2164287,"relics_obtained":[{"floor":8,"key":"Potion Belt"},{"floor":9,"key":"Bag of Marbles"},{"floor":11,"key":"Champion Belt"},{"floor":13,"key":"Omamori"},{"floor":24,"key":"Question Card"},{"floor":26,"key":"Paper Frog"},{"floor":27,"key":"Self Forming Clay"},{"floor":30,"key":"Charon\u0027s Ashes"},{"floor":40,"key":"Tiny Chest"},{"floor":45,"key":"Bag of Preparation"},{"floor":48,"key":"Pear"},{"floor":55,"key":"Sundial"}],"event_choices":[{"cards_removed":["Strike_R"],"damage_healed":0,"gold_gain":0,"player_choice":"Card Removal","damage_taken":0,"max_hp_gain":0,"max_hp_loss":0,"event_name":"The Cleric","floor":14,"gold_loss":75},{"damage_healed":0,"gold_gain":0,"player_choice":"Shed Blood","damage_taken":26,"max_hp_gain":5,"max_hp_loss":0,"event_name":"Forgotten Altar","floor":19,"gold_loss":0},{"cards_removed":["Strike_R"],"damage_healed":0,"gold_gain":0,"player_choice":"Purged","damage_taken":0,"max_hp_gain":0,"max_hp_loss":0,"event_name":"Purifier","floor":25,"gold_loss":0},{"damage_healed":0,"gold_gain":999,"player_choice":"Gold","damage_taken":0,"max_hp_gain":0,"max_hp_loss":0,"event_name":"MindBloom","floor":39,"gold_loss":0,"cards_obtained":["Normality","Normality"]},{"damage_healed":0,"gold_gain":0,"player_choice":"Max HP","damage_taken":0,"max_hp_gain":0,"max_hp_loss":4,"event_name":"Winding Halls","floor":47,"gold_loss":0}],"is_beta":true,"boss_relics":[{"not_picked":["Coffee Dripper","White Beast Statue"],"picked":"Tiny House"},{"not_picked":["Black Star","Pandora\u0027s Box"],"picked":"Snecko Eye"}],"items_purged_floors":[7,54],"is_endless":false,"potions_floor_spawned":[3,5,8,13,20,21,27,35,40,46,55],"ascension_level":20}