{"gold_per_floor":[109,122,142,153,170,170,204,204,204,204,222,253,253,284,284,356,356,373,423,12,26,26,26,51,101,101,101,1,26,26,39,39,114,114,127,227,227,281,281,311,327,358,406,432,432,442,442,442,442,442,442],"floor_reached":51,"playtime":4568,"items_purged":["Strike_R","Strike_R"],"score":1503,"play_id":"c339aed8-85e9-4267-a208-f5e055c24d69","local_time":"20190501145345","is_ascension_mode":true,"campfire_choices":[{"data":"Hemokinesis","floor":6.0,"key":"SMITH"},{"data":"Inflame","floor":8.0,"key":"SMITH"},{"data":"Metallicize","floor":10.0,"key":"SMITH"},{"floor":13.0,"key":"REST"},{"data":"1","floor":15.0,"key":"LIFT"},{"data":"2","floor":23,"key":"LIFT"},{"floor":27,"key":"REST"},{"data":"3","floor":30,"key":"LIFT"},{"floor":32,"key":"REST"},{"floor":45,"key":"REST"},{"floor":47,"key":"RECALL"},{"floor":49,"key":"REST"}],"neow_cost":"PERCENT_DAMAGE","seed_source_timestamp":759803955970967,"circlet_count":0,"master_deck":["AscendersBane","Strike_R+1","Defend_R","Defend_R","Defend_R","Defend_R","Bash","Hemokinesis+1","Thunderclap+1","Inflame+1","Twin Strike","Shrug It Off","Immolate","Disarm","Apotheosis+1","Offering","Disarm","Battle Trance+1","Feed","Writhe","Shrug It Off","Shrug It Off+1"],"special_seed":0,"relics":["Burning Blood","Ice Cream","Self Forming Clay","Orichalcum","Girya","Fusion Hammer","Whetstone","Darkstone Periapt","Frozen Egg 2","Empty Cage","Ginger","Incense Burner","Oddly Smooth Stone","Paper Frog","Happy Flower","Pantograph"],"potions_floor_usage":[16,24,33,36,40,42,50,51],"damage_taken":[{"damage":2.0,"enemies":"Cultist","floor":1.0,"turns":4.0},{"damage":4.0,"enemies":"2 Louse","floor":2.0,"turns":2.0},{"damage":10.0,"enemies":"Small Slimes","floor":3.0,"turns":3.0},{"damage":7.0,"enemies":"Looter","floor":4.0,"turns":4.0},{"damage":14.0,"enemies":"Exordium Thugs","floor":5.0,"turns":4.0},{"damage":16.0,"enemies":"Lagavulin","floor":7.0,"turns":7.0},{"damage":2.0,"enemies":"Large Slime","floor":11.0,"turns":4.0},{"damage":33.0,"enemies":"3 Sentries","floor":12.0,"turns":7.0},{"damage":14.0,"enemies":"Lagavulin","floor":14.0,"turns":6.0},{"damage":20,"enemies":"The Guardian","floor":16,"turns":15},{"damage":6,"enemies":"3 Byrds","floor":18,"turns":4},{"damage":16,"enemies":"2 Thieves","floor":21,"turns":4},{"damage":12,"enemies":"Slavers","floor":24,"turns":3},{"damage":17,"enemies":"Gremlin Leader","floor":29,"turns":6},{"damage":8,"enemies":"Chosen and Byrds","floor":31,"turns":5},{"damage":32,"enemies":"Collector","floor":33,"turns":6},{"damage":14,"enemies":"Orb Walker","floor":35,"turns":4},{"damage":8,"enemies":"Mind Bloom Boss Battle","floor":36,"turns":8},{"damage":39,"enemies":"2 Orb Walkers","floor":38,"turns":5},{"damage":23,"enemies":"Reptomancer","floor":40,"turns":5},{"damage":14,"enemies":"3 Darklings","floor":41,"turns":3},{"damage":18,"enemies":"Giant Head","floor":42,"turns":7},{"damage":7,"enemies":"Nemesis","floor":44,"turns":9},{"damage":13,"enemies":"4 Shapes","floor":46,"turns":10},{"damage":87,"enemies":"Time Eater","floor":50,"turns":16},{"damage":48,"enemies":"Awakened One","floor":51,"turns":12}],"seed_played":"1556849472310414226","potions_obtained":[{"floor":2.0,"key":"FairyPotion"},{"floor":3.0,"key":"LiquidBronze"},{"floor":4.0,"key":"SkillPotion"},{"floor":11.0,"key":"Weak Potion"},{"floor":16,"key":"Fire Potion"},{"floor":21,"key":"GamblersBrew"},{"floor":29,"key":"Energy Potion"},{"floor":35,"key":"SkillPotion"},{"floor":38,"key":"PowerPotion"},{"floor":40,"key":"Strength Potion"},{"floor":42,"key":"Swift Potion"}],"is_trial":false,"path_per_floor":["M","M","M","M","M","R","E","R","T","R","M","E","R","E","R","B",null,"M","?","$","M","?","R","E","?","T","R","$","E","R","M","R","B",null,"M","?","?","?","?","E","M","E","T","E","R","M","R","?","R","B","B"],"character_chosen":"IRONCLAD","items_purchased":["Apotheosis","Offering"],"campfire_rested":5,"item_purchase_floors":[20,20],"current_hp_per_floor":[54,56,52,51,43,43,33,33,33,33,37,10,32,24,24,10,59,59,59,59,49,49,49,43,36,36,58,58,47,47,45,67,41,67,59,61,83,53,53,40,32,24,24,23,51,48,48,48,78,23,0],"gold":442,"neow_bonus":"ONE_RARE_RELIC","is_prod":false,"is_daily":false,"chose_seed":false,"campfire_upgraded":3,"win_rate":0,"timestamp":1556718825,"path_taken":["M","?","M","M","?","R","E","R","T","R","M","E","R","E","R","BOSS","M","?","$","?","?","R","E","?","T","R","$","E","R","M","R","BOSS","M","?","?","?","?","E","M","E","T","E","R","M","R","?","R","BOSS","BOSS"],"build_version":"2019-04-23","purchased_purges":2,"victory":false,"max_hp_per_floor":[75,75,75,75,75,75,75,75,75,75,75,75,75,75,75,75,75,75,75,75,75,75,75,75,75,75,75,75,75,75,75,75,75,75,75,79,85,88,88,92,92,96,96,96,96,100,100,100,100,104,104],"card_choices":[{"not_picked":["Flex","Armaments"],"picked":"Hemokinesis","floor":1.0},{"not_picked":["Heavy Blade","Wild Strike","Blood for Blood"],"picked":"SKIP","floor":2.0},{"not_picked":["Body Slam","Cleave"],"picked":"Thunderclap","floor":3.0},{"not_picked":["Carnage","Havoc"],"picked":"Inflame","floor":4.0},{"not_picked":["Thunderclap","Fire Breathing"],"picked":"Metallicize","floor":5.0},{"not_picked":["Barricade","Hemokinesis","Clash"],"picked":"SKIP","floor":7.0},{"not_picked":["Cleave","Carnage"],"picked":"Twin Strike","floor":11.0},{"not_picked":["Cleave","Heavy Blade","Clash"],"picked":"SKIP","floor":12.0},{"not_picked":["Armaments","Evolve"],"picked":"Shrug It Off","floor":14.0},{"not_picked":["Dark Embrace","Brutality"],"picked":"Immolate","floor":16},{"not_picked":["Headbutt","Twin Strike"],"picked":"Disarm","floor":18},{"not_picked":["Headbutt","Entrench","Cleave"],"picked":"SKIP","floor":21},{"not_picked":["Dual Wield","Burning Pact"],"picked":"Disarm","floor":24},{"not_picked":["Rupture","Cleave"],"picked":"Battle Trance+1","floor":29},{"not_picked":["Perfected Strike","Wild Strike","Havoc"],"picked":"SKIP","floor":31},{"not_picked":["Dark Embrace+1","Immolate"],"picked":"Feed","floor":33},{"not_picked":["Twin Strike","Fire Breathing+1","Flex"],"picked":"SKIP","floor":35},{"not_picked":["Sever Soul","Iron Wave"],"picked":"Shrug It Off","floor":38},{"not_picked":["Iron Wave+1","Entrench","Seeing Red"],"picked":"SKIP","floor":40},{"not_picked":["Cleave","Anger","Rupture+1"],"picked":"SKIP","floor":41},{"not_picked":["Cleave+1","Whirlwind"],"picked":"Shrug It Off+1","floor":42},{"not_picked":["Flex+1","Whirlwind","Wild Strike"],"picked":"SKIP","floor":44},{"not_picked":["Blood for Blood","Shrug It Off","Anger+1"],"picked":"SKIP","floor":46}],"player_experience":2039106,"relics_obtained":[{"floor":7.0,"key":"Self Forming Clay"},{"floor":12.0,"key":"Orichalcum"},{"floor":14.0,"key":"Girya"},{"floor":24,"key":"Whetstone"},{"floor":26,"key":"Darkstone Periapt"},{"floor":29,"key":"Frozen Egg 2"},{"floor":36,"key":"Ginger"},{"floor":38,"key":"Incense Burner"},{"floor":40,"key":"Oddly Smooth Stone"},{"floor":42,"key":"Paper Frog"},{"floor":43,"key":"Happy Flower"},{"floor":44,"key":"Pantograph"}],"event_choices":[{"damage_healed":0,"gold_gain":100,"player_choice":"Bet on Murderer","damage_taken":0,"max_hp_gain":0,"max_hp_loss":0,"event_name":"The Joust","floor":19,"gold_loss":50},{"damage_healed":0,"gold_gain":50,"player_choice":"Touch","damage_taken":7,"max_hp_gain":0,"max_hp_loss":0,"event_name":"FaceTrader","floor":25,"gold_loss":0},{"damage_healed":0,"gold_gain":0,"player_choice":"Fight","damage_taken":0,"max_hp_gain":0,"max_hp_loss":0,"event_name":"MindBloom","floor":36,"gold_loss":0},{"damage_healed":16,"gold_gain":0,"player_choice":"Writhe","damage_taken":0,"max_hp_gain":0,"max_hp_loss":0,"event_name":"Winding Halls","floor":37,"gold_loss":0,"cards_obtained":["Writhe"]},{"damage_healed":0,"gold_gain":0,"player_choice":"Fight","damage_taken":0,"max_hp_gain":0,"max_hp_loss":0,"event_name":"Mysterious Sphere","floor":38,"gold_loss":0},{"cards_removed":["Metallicize"],"damage_healed":0,"gold_gain":0,"player_choice":"Removed Power","damage_taken":0,"max_hp_gain":0,"max_hp_loss":0,"event_name":"Falling","floor":39,"gold_loss":0},{"damage_healed":0,"gold_gain":0,"player_choice":"Forge","damage_taken":0,"max_hp_gain":0,"max_hp_loss":0,"event_name":"Accursed Blacksmith","floor":48,"gold_loss":0,"cards_upgraded":["Apotheosis"]}],"is_beta":true,"boss_relics":[{"not_picked":["Philosopher\u0027s Stone","Pandora\u0027s Box"],"picked":"Fusion Hammer"},{"not_picked":["Black Star","Velvet Choker"],"picked":"Empty Cage"}],"items_purged_floors":[20,28],"is_endless":false,"potions_floor_spawned":[2,3,4,11,16,21,29,35,38,40,42],"killed_by":"Awakened One","ascension_level":20}