{"gold_per_floor":[113,129,42,54,70,70,102,27,73,84,84],"floor_reached":11,"playtime":936,"items_purged":["Strike_B"],"score":75,"play_id":"0ea407dd-6f0f-41f3-84f2-77248045b5fd","local_time":"20190817081243","is_ascension_mode":false,"campfire_choices":[{"data":"Discovery","floor":6,"key":"SMITH"}],"neow_cost":"NONE","seed_source_timestamp":73592042211572,"circlet_count":0,"master_deck":["Strike_B","Strike_B","Strike_B","Defend_B","Defend_B","Defend_B","Defend_B","Zap","Dualcast","Ball Lightning","FTL","Discovery+1","Recycle","Electrodynamics"],"relics":["White Beast Statue","Letter Opener"],"potions_floor_usage":[2,5,7,7,11],"damage_taken":[{"damage":0,"enemies":"Small Slimes","floor":1,"turns":4},{"damage":0,"enemies":"Cultist","floor":2,"turns":2},{"damage":3,"enemies":"Jaw Worm","floor":4,"turns":4},{"damage":20,"enemies":"Large Slime","floor":5,"turns":4},{"damage":19,"enemies":"Lagavulin","floor":7,"turns":5},{"damage":13,"enemies":"Lots of Slimes","floor":10,"turns":2},{"damage":25,"enemies":"Gremlin Nob","floor":11,"turns":3}],"seed_played":"-3166898761550401247","potions_obtained":[{"floor":1,"key":"Poison Potion"},{"floor":2,"key":"Strength Potion"},{"floor":4,"key":"Poison Potion"},{"floor":5,"key":"Energy Potion"},{"floor":7,"key":"FearPotion"},{"floor":10,"key":"Energy Potion"}],"is_trial":false,"path_per_floor":["M","M","$","M","M","R","E","$","T","M","E"],"character_chosen":"DEFECT","items_purchased":["Discovery"],"campfire_rested":0,"item_purchase_floors":[3],"current_hp_per_floor":[75,75,75,72,52,52,33,33,33,20,0],"gold":84,"neow_bonus":"BOSS_RELIC","is_prod":false,"is_daily":false,"chose_seed":false,"campfire_upgraded":1,"win_rate":0,"timestamp":1566054763,"path_taken":["M","M","$","M","M","R","E","$","T","M","E"],"build_version":"2019-07-17","purchased_purges":1,"victory":false,"max_hp_per_floor":[75,75,75,75,75,75,75,75,75,75,75],"card_choices":[{"not_picked":["Chill","Defragment"],"picked":"Ball Lightning","floor":1},{"not_picked":["Conserve Battery","Stack"],"picked":"FTL","floor":2},{"not_picked":["Redo","Cold Snap"],"picked":"Recycle","floor":4},{"not_picked":["Sweeping Beam","Leap","Gash"],"picked":"SKIP","floor":5},{"not_picked":["Beam Cell","Tempest"],"picked":"Electrodynamics","floor":7},{"not_picked":["Beam Cell","Steam","Chill"],"picked":"SKIP","floor":10}],"player_experience":135725,"relics_obtained":[{"floor":7,"key":"Letter Opener"}],"event_choices":[],"is_beta":false,"boss_relics":[],"items_purged_floors":[8],"is_endless":false,"potions_floor_spawned":[1,2,4,5,7,10],"killed_by":"Gremlin Nob","ascension_level":0}