{"gold_per_floor":[12,27,46,46,46,81,81,112,112,112,19,19,44,57,57,151,151,170,95,113,113,134,134,199,199,270,309,309,329,9,25,25,124,124,144,0,23,44,68,68],"floor_reached":40,"playtime":1639,"items_purged":["Strike_R"],"score":872,"play_id":"32fa92c1-6a71-4e5a-9f97-8ba8208ef08d","local_time":"20190724000743","is_ascension_mode":true,"campfire_choices":[{"data":"Bash","floor":7.0,"key":"SMITH"},{"floor":10.0,"key":"DIG"},{"data":"True Grit","floor":12.0,"key":"SMITH"},{"data":"Inflame","floor":15.0,"key":"SMITH"},{"data":"Battle Trance","floor":23.0,"key":"SMITH"},{"data":"Limit Break","floor":25,"key":"SMITH"},{"floor":28,"key":"REST"},{"floor":32,"key":"DIG"}],"neow_cost":"NO_GOLD","seed_source_timestamp":633318229837785,"circlet_count":0,"master_deck":["AscendersBane","Strike_R","Strike_R","Strike_R","Strike_R","Defend_R","Defend_R","Defend_R","Defend_R","Bash+1","Thunderclap","Headbutt","Twin Strike","Reaper","Pummel","Inflame+1","True Grit+1","Battle Trance+1","Impervious","Feel No Pain","Sword Boomerang+1","Pommel Strike","Limit Break+1","Feel No Pain","Shrug It Off","Reaper","Shockwave+1","Feel No Pain"],"special_seed":0,"relics":["Burning Blood","Du-Vu Doll","Golden Idol","Shovel","Paper Frog","Sundial","Sozu","Tiny Chest","Mercury Hourglass","Singing Bowl","Incense Burner","Shuriken","Snecko Eye","Red Mask","Strawberry"],"potions_floor_usage":[],"damage_taken":[{"damage":11.0,"enemies":"Small Slimes","floor":1.0,"turns":6.0},{"damage":1.0,"enemies":"Cultist","floor":2.0,"turns":3.0},{"damage":12.0,"enemies":"Jaw Worm","floor":3.0,"turns":2.0},{"damage":32.0,"enemies":"Gremlin Nob","floor":6.0,"turns":4.0},{"damage":35.0,"enemies":"Lagavulin","floor":8.0,"turns":7.0},{"damage":0.0,"enemies":"Exordium Wildlife","floor":13.0,"turns":3.0},{"damage":19.0,"enemies":"Gremlin Gang","floor":14.0,"turns":7.0},{"damage":27.0,"enemies":"Hexaghost","floor":16.0,"turns":8.0},{"damage":12.0,"enemies":"Chosen","floor":18.0,"turns":3.0},{"damage":11.0,"enemies":"2 Thieves","floor":20.0,"turns":4.0},{"damage":31.0,"enemies":"Shelled Parasite and Fungi","floor":22.0,"turns":6.0},{"damage":33,"enemies":"Gremlin Leader","floor":24,"turns":6},{"damage":38,"enemies":"Book of Stabbing","floor":27,"turns":4},{"damage":21,"enemies":"Snake Plant","floor":29,"turns":5},{"damage":24,"enemies":"Cultist and Chosen","floor":31,"turns":6},{"damage":10,"enemies":"Automaton","floor":33,"turns":8},{"damage":7,"enemies":"Orb Walker","floor":35,"turns":5},{"damage":0,"enemies":"3 Darklings","floor":37,"turns":4},{"damage":25,"enemies":"Maw","floor":38,"turns":6},{"damage":90,"enemies":"Nemesis","floor":40,"turns":10}],"seed_played":"-121470120973688915","potions_obtained":[{"floor":1.0,"key":"Weak Potion"},{"floor":2.0,"key":"FearPotion"},{"floor":8.0,"key":"PowerPotion"},{"floor":16.0,"key":"SteroidPotion"}],"is_trial":false,"path_per_floor":["M","M","M","$","?","E","R","E","T","R","$","R","M","M","R","B",null,"M","$","M","?","M","R","E","R","T","E","R","M","$","M","R","B",null,"M","?","M","M","T","E"],"character_chosen":"IRONCLAD","items_purchased":["Inflame","True Grit","Incense Burner"],"campfire_rested":1,"item_purchase_floors":[11,11,30],"current_hp_per_floor":[63,68,62,62,62,36,36,14,14,14,14,14,20,16,16,9,53,55,55,64,64,47,47,50,50,50,25,46,37,37,29,29,42,63,70,70,72,72,79,0],"gold":68,"neow_bonus":"ONE_RARE_RELIC","is_prod":false,"is_daily":false,"chose_seed":false,"campfire_upgraded":5,"win_rate":0,"timestamp":1563923263,"path_taken":["M","M","M","$","?","E","R","E","T","R","$","R","M","M","R","BOSS","M","$","M","?","M","R","E","R","T","E","R","M","?","M","R","BOSS","M","?","M","M","?","E"],"build_version":"2019-07-18","purchased_purges":1,"victory":false,"max_hp_per_floor":[75,75,75,75,68,68,68,68,68,68,68,68,68,68,68,68,68,68,68,68,68,68,68,68,68,68,70,70,70,70,70,70,70,70,70,70,72,72,79,79],"card_choices":[{"not_picked":["Armaments","Heavy Blade"],"picked":"Thunderclap","floor":1.0},{"not_picked":["Armaments","Shrug It Off"],"picked":"Headbutt","floor":2.0},{"not_picked":["Shrug It Off","Corruption"],"picked":"Twin Strike","floor":3.0},{"not_picked":["Disarm","Flame Barrier"],"picked":"Reaper","floor":6.0},{"not_picked":["Ghostly Armor","Heavy Blade"],"picked":"Pummel","floor":8.0},{"not_picked":["Shrug It Off","Havoc"],"picked":"Battle Trance","floor":13.0},{"not_picked":["Iron Wave","Flex","Rage"],"picked":"SKIP","floor":14.0},{"not_picked":["Reaper","Berserk"],"picked":"Impervious","floor":16.0},{"not_picked":["Spot Weakness","Headbutt"],"picked":"Feel No Pain","floor":18.0},{"not_picked":["Warcry","Heavy Blade"],"picked":"Sword Boomerang+1","floor":20.0},{"not_picked":["Flex","Ghostly Armor"],"picked":"Pommel Strike","floor":22.0},{"not_picked":["Clothesline","Corruption"],"picked":"Limit Break","floor":24},{"not_picked":["Anger","Cleave","Power Through"],"picked":"Singing Bowl","floor":27},{"not_picked":["True Grit+1","Pommel Strike"],"picked":"Feel No Pain","floor":29},{"not_picked":["Uppercut","Cleave"],"picked":"Shrug It Off","floor":31},{"not_picked":["Juggernaut","Exhume"],"picked":"Reaper","floor":33},{"not_picked":["Pummel","Second Wind"],"picked":"Shockwave+1","floor":35},{"not_picked":["Body Slam","Havoc","Cleave"],"picked":"Singing Bowl","floor":37},{"not_picked":["Pommel Strike","Cleave"],"picked":"Feel No Pain","floor":38}],"player_experience":2238106,"relics_obtained":[{"floor":6.0,"key":"Shovel"},{"floor":8.0,"key":"Paper Frog"},{"floor":10.0,"key":"Sundial"},{"floor":24,"key":"Tiny Chest"},{"floor":26,"key":"Mercury Hourglass"},{"floor":27,"key":"Singing Bowl"},{"floor":32,"key":"Shuriken"},{"floor":39,"key":"Strawberry"}],"event_choices":[{"damage_healed":0.0,"max_hp_gain":0.0,"max_hp_loss":7.0,"gold_gain":0.0,"event_name":"Golden Idol","player_choice":"Lose Max HP","floor":5.0,"gold_loss":0.0,"damage_taken":0.0,"relics_obtained":["Golden Idol"]},{"damage_healed":0.0,"max_hp_gain":0.0,"max_hp_loss":0.0,"gold_gain":0.0,"event_name":"Lab","player_choice":"Got Potions","floor":21.0,"gold_loss":0.0,"damage_taken":0.0},{"damage_healed":0,"gold_gain":0,"player_choice":"Paid","damage_taken":0,"relics_obtained":["Red Mask"],"max_hp_gain":0,"max_hp_loss":0,"event_name":"Tomb of Lord Red Mask","floor":36,"gold_loss":144}],"is_beta":true,"boss_relics":[{"not_picked":["Eternal Feather","Lizard Tail"],"picked":"Sozu"},{"not_picked":["Runic Dome","Coffee Dripper"],"picked":"Snecko Eye"}],"items_purged_floors":[19],"is_endless":false,"potions_floor_spawned":[1,2,8,16,22,27,29,35],"killed_by":"Nemesis","ascension_level":20}