{"gold_per_floor":[119,135,135,85,85,115,128,139,162,196,213,213,243,260,260,359,359,372,372,372,382,396,396,396],"floor_reached":24,"playtime":932,"items_purged":[],"score":365,"play_id":"782d3647-89ec-4da1-9bec-0efff34eba20","local_time":"20190807120154","is_ascension_mode":true,"campfire_choices":[{"data":"Corruption","floor":12,"key":"SMITH"},{"data":"Bash","floor":15,"key":"SMITH"},{"data":"Immolate","floor":23,"key":"SMITH"}],"neow_cost":"NONE","seed_source_timestamp":371620793364100,"circlet_count":0,"master_deck":["AscendersBane","Bash+1","Shockwave+1","Corruption+1","Sentinel","Inflame","Rampage","Immolate+1","Iron Wave","Disarm","Sword Boomerang","Pommel Strike","Bloodletting","Blood for Blood","Reaper","Metallicize+1"],"relics":["Burning Blood","NeowsBlessing","Smiling Mask","War Paint","Letter Opener","Pandora\u0027s Box","Nloth\u0027s Gift"],"potions_floor_usage":[10,10,11,16,24],"damage_taken":[{"damage":0,"enemies":"2 Louse","floor":1,"turns":1},{"damage":0,"enemies":"Jaw Worm","floor":2,"turns":1},{"damage":0,"enemies":"Lagavulin","floor":6,"turns":1},{"damage":5,"enemies":"Small Slimes","floor":7,"turns":5},{"damage":10,"enemies":"Exordium Wildlife","floor":8,"turns":8},{"damage":37,"enemies":"3 Sentries","floor":10,"turns":9},{"damage":17,"enemies":"Gremlin Gang","floor":11,"turns":8},{"damage":16,"enemies":"Gremlin Nob","floor":13,"turns":5},{"damage":0,"enemies":"2 Fungi Beasts","floor":14,"turns":4},{"damage":34,"enemies":"Slime Boss","floor":16,"turns":11},{"damage":11,"enemies":"Spheric Guardian","floor":18,"turns":3},{"damage":25,"enemies":"Chosen","floor":21,"turns":5},{"damage":21,"enemies":"Centurion and Healer","floor":22,"turns":3},{"damage":46,"enemies":"Slavers","floor":24,"turns":2}],"seed_played":"-1518523031749721348","potions_obtained":[{"floor":1,"key":"PowerPotion"},{"floor":7,"key":"Strength Potion"},{"floor":8,"key":"Regen Potion"},{"floor":14,"key":"Ancient Potion"},{"floor":16,"key":"Ancient Potion"},{"floor":18,"key":"Ancient Potion"},{"floor":21,"key":"Swift Potion"}],"is_trial":false,"path_per_floor":["M","M","?","?","?","E","M","M","T","E","M","R","E","M","R","B",null,"M","?","?","M","M","R","E"],"character_chosen":"IRONCLAD","items_purchased":[],"campfire_rested":0,"item_purchase_floors":[],"current_hp_per_floor":[78,80,73,73,57,63,64,60,67,51,40,40,30,36,36,8,67,62,62,62,49,46,46,0],"gold":396,"neow_bonus":"THREE_ENEMY_KILL","is_prod":false,"is_daily":false,"chose_seed":false,"campfire_upgraded":3,"win_rate":0,"timestamp":1565146914,"path_taken":["M","M","?","?","?","E","?","M","T","E","?","R","E","M","R","BOSS","M","?","?","M","M","R","E"],"build_version":"2019-07-17","purchased_purges":0,"victory":false,"max_hp_per_floor":[80,80,80,80,80,80,80,80,87,87,87,87,87,87,87,87,87,87,87,87,87,87,87,87],"card_choices":[{"not_picked":["Carnage","Combust","Cleave"],"picked":"SKIP","floor":1},{"not_picked":["Perfected Strike","Blood for Blood","Armaments"],"picked":"SKIP","floor":2},{"not_picked":["Evolve","Rupture"],"picked":"Shockwave","floor":6},{"not_picked":["Flex","Twin Strike"],"picked":"Corruption","floor":7},{"not_picked":["Sever Soul","Warcry"],"picked":"Sentinel","floor":8},{"not_picked":["Entrench","Havoc","Hemokinesis"],"picked":"SKIP","floor":10},{"not_picked":["Blood for Blood","Iron Wave"],"picked":"Inflame","floor":11},{"not_picked":["True Grit","Offering"],"picked":"Rampage","floor":13},{"not_picked":["Body Slam","Shockwave","Heavy Blade"],"picked":"SKIP","floor":14},{"not_picked":["Bludgeon","Offering"],"picked":"Immolate","floor":16},{"not_picked":["Second Wind+1","Clothesline","Perfected Strike+1"],"picked":"SKIP","floor":18},{"not_picked":["Searing Blow+1","Thunderclap+1","Pommel Strike"],"picked":"SKIP","floor":21},{"not_picked":["Shrug It Off","Clothesline"],"picked":"Metallicize+1","floor":22}],"player_experience":138495,"relics_obtained":[{"floor":6,"key":"Smiling Mask"},{"floor":9,"key":"Strawberry"},{"floor":10,"key":"War Paint"},{"floor":13,"key":"Letter Opener"}],"event_choices":[{"cards_removed":["Strike_R"],"damage_healed":0,"gold_gain":0,"player_choice":"Card Removal","damage_taken":7,"max_hp_gain":0,"max_hp_loss":0,"event_name":"Golden Wing","floor":3,"gold_loss":0},{"cards_removed":["Strike_R"],"damage_healed":0,"gold_gain":0,"player_choice":"Card Removal","damage_taken":0,"max_hp_gain":0,"max_hp_loss":0,"event_name":"The Cleric","floor":4,"gold_loss":50},{"damage_healed":0,"gold_gain":0,"player_choice":"Entered Light","damage_taken":16,"max_hp_gain":0,"max_hp_loss":0,"event_name":"Shining Light","floor":5,"gold_loss":0,"cards_upgraded":["Defend_R","Defend_R"]},{"damage_healed":0,"gold_gain":0,"player_choice":"Ignored","damage_taken":0,"max_hp_gain":0,"max_hp_loss":0,"event_name":"Ghosts","floor":19,"gold_loss":0},{"damage_healed":0,"gold_gain":0,"player_choice":"Traded Relic","damage_taken":0,"relics_obtained":["Nloth\u0027s Gift"],"max_hp_gain":0,"max_hp_loss":0,"event_name":"N\u0027loth","floor":20,"relics_lost":["Strawberry"],"gold_loss":0}],"is_beta":false,"boss_relics":[{"not_picked":["Tiny House","Runic Dome"],"picked":"Pandora\u0027s Box"}],"items_purged_floors":[],"is_endless":false,"potions_floor_spawned":[1,7,8,14,16,18,21],"killed_by":"Slavers","ascension_level":10}