{"gold_per_floor":[217,142,142,158,182,182,217,217,264,264,264,282,295,315,315,404,404,423,423,473,493,493],"floor_reached":22,"playtime":716,"items_purged":[],"score":372,"play_id":"d8f42886-ff3f-4889-bb9d-0220fdbff5d7","local_time":"20190820202520","is_ascension_mode":true,"campfire_choices":[{"data":"Zap","floor":6.0,"key":"SMITH"},{"data":"Ball Lightning","floor":8.0,"key":"SMITH"},{"data":"Core Surge","floor":10.0,"key":"SMITH"},{"data":"Darkness","floor":15.0,"key":"SMITH"}],"neow_cost":"NONE","seed_source_timestamp":425921526559400,"circlet_count":0,"master_deck":["AscendersBane","Strike_B","Strike_B","Strike_B","Defend_B","Defend_B","Defend_B","Defend_B","Zap+1","Dualcast","Ball Lightning+1","Core Surge+1","Undo+1","Sweeping Beam","Go for the Eyes","Darkness+1","Core Surge","Gash+1","Glacier","Self Repair"],"special_seed":0,"relics":["Cracked Core","Golden Idol","Smiling Mask","Vajra","Inserter"],"potions_floor_usage":[16],"damage_taken":[{"damage":6.0,"enemies":"2 Louse","floor":1.0,"turns":2.0},{"damage":12.0,"enemies":"Jaw Worm","floor":4.0,"turns":3.0},{"damage":1.0,"enemies":"Cultist","floor":5.0,"turns":3.0},{"damage":15.0,"enemies":"3 Sentries","floor":7.0,"turns":7.0},{"damage":0.0,"enemies":"Blue Slaver","floor":12.0,"turns":2.0},{"damage":8.0,"enemies":"Red Slaver","floor":13.0,"turns":3.0},{"damage":0.0,"enemies":"Large Slime","floor":14.0,"turns":3.0},{"damage":12,"enemies":"Slime Boss","floor":16,"turns":6},{"damage":23,"enemies":"Spheric Guardian","floor":18,"turns":4},{"damage":8,"enemies":"Chosen","floor":21,"turns":5},{"damage":23,"enemies":"Snecko","floor":22,"turns":6}],"seed_played":"3654074672751878132","potions_obtained":[{"floor":4.0,"key":"Fire Potion"},{"floor":5.0,"key":"Fire Potion"},{"floor":13.0,"key":"AttackPotion"},{"floor":14.0,"key":"Dexterity Potion"},{"floor":18,"key":"FocusPotion"}],"is_trial":false,"path_per_floor":["M","?","?","M","M","R","E","R","T","R","?","M","M","M","R","B",null,"M","?","?","M","M"],"character_chosen":"DEFECT","items_purchased":[],"campfire_rested":0,"item_purchase_floors":[],"current_hp_per_floor":[58,58,58,46,45,45,30,30,30,30,30,30,22,22,22,10,51,28,28,28,20,0],"gold":493,"neow_bonus":"HUNDRED_GOLD","is_prod":false,"is_daily":false,"chose_seed":false,"campfire_upgraded":4,"win_rate":0,"timestamp":1566329120,"path_taken":["M","?","?","M","M","R","E","R","T","R","?","?","M","M","R","BOSS","M","?","?","M","M"],"build_version":"2019-08-15","purchased_purges":0,"victory":false,"max_hp_per_floor":[71,71,64,64,64,64,64,64,64,64,64,64,64,64,64,64,64,64,64,64,64,64],"card_choices":[{"not_picked":["Heatsinks","Turbo"],"picked":"Ball Lightning","floor":1.0},{"not_picked":["Storm","Streamline","Stack"],"picked":"SKIP","floor":4.0},{"not_picked":["Rebound","Conserve Battery"],"picked":"Core Surge","floor":5.0},{"not_picked":["Leap","Fusion"],"picked":"Undo","floor":7.0},{"not_picked":["Ball Lightning","Turbo"],"picked":"Sweeping Beam","floor":12.0},{"not_picked":["Steam Power","Barrage"],"picked":"Go for the Eyes","floor":13.0},{"not_picked":["Core Surge","Gash"],"picked":"Darkness","floor":14.0},{"not_picked":["Fission","Amplify"],"picked":"Core Surge","floor":16},{"not_picked":["Ball Lightning+1","Tempest"],"picked":"Gash+1","floor":18},{"not_picked":["Barrage","Reprogram"],"picked":"Self Repair","floor":21}],"player_experience":2337020,"relics_obtained":[{"floor":7.0,"key":"Smiling Mask"},{"floor":9.0,"key":"Vajra"}],"event_choices":[{"cards_removed":["Strike_B"],"damage_healed":0.0,"max_hp_gain":0.0,"max_hp_loss":0.0,"gold_gain":0.0,"event_name":"The Cleric","player_choice":"Card Removal","floor":2.0,"gold_loss":75.0,"damage_taken":0.0},{"damage_healed":0.0,"max_hp_gain":0.0,"max_hp_loss":7.0,"gold_gain":0.0,"event_name":"Golden Idol","player_choice":"Lose Max HP","floor":3.0,"gold_loss":0.0,"damage_taken":0.0,"relics_obtained":["Golden Idol"]},{"damage_healed":0.0,"max_hp_gain":0.0,"max_hp_loss":0.0,"gold_gain":0.0,"event_name":"Living Wall","player_choice":"Grow","floor":11.0,"gold_loss":0.0,"damage_taken":0.0,"cards_upgraded":["Undo"]},{"damage_healed":0,"gold_gain":0,"player_choice":"Read","damage_taken":0,"max_hp_gain":0,"max_hp_loss":0,"event_name":"The Library","floor":19,"gold_loss":0,"cards_obtained":["Glacier"]},{"damage_healed":0,"gold_gain":50,"player_choice":"Pray","damage_taken":0,"max_hp_gain":0,"max_hp_loss":0,"event_name":"Golden Shrine","floor":20,"gold_loss":0}],"is_beta":true,"boss_relics":[{"not_picked":["White Beast Statue","Orrery"],"picked":"Inserter"}],"items_purged_floors":[],"is_endless":false,"potions_floor_spawned":[4,5,13,14,18,21],"killed_by":"Snecko","ascension_level":20}