{"gold_per_floor":[111,186,186,203,46,73,73,90,113,113,113,145,165,165,165,239,239,249,89,89,89,105,138,158,158,158,158,178,178,191,226,226,226],"floor_reached":33,"playtime":1184,"items_purged":["Strike_R"],"score":636,"play_id":"1df8e1d7-0649-4cd7-b6d9-7f34c22a1bf2","local_time":"20190703200829","is_ascension_mode":true,"campfire_choices":[{"data":"Armaments","floor":7.0,"key":"SMITH"},{"data":"Bash","floor":11.0,"key":"SMITH"},{"data":"Spot Weakness","floor":15.0,"key":"SMITH"},{"data":"Inflame","floor":25.0,"key":"SMITH"},{"data":"Havoc","floor":29.0,"key":"SMITH"},{"data":"Metallicize","floor":32,"key":"SMITH"}],"neow_cost":"NONE","seed_source_timestamp":440014079674982,"circlet_count":0,"master_deck":["AscendersBane","Strike_R","Defend_R","Defend_R+1","Defend_R+1","Defend_R","Bash+1","Armaments+1","Wild Strike","Spot Weakness+1","Twin Strike","Fiend Fire","Pommel Strike","Havoc+1","Reaper","Sword Boomerang+1","Inflame+1","Clothesline","Metallicize+1"],"special_seed":0,"relics":["Burning Blood","NeowsBlessing","Bag of Marbles","Boot","Regal Pillow","War Paint","Coffee Dripper","Anchor","Ornamental Fan","Potion Belt"],"potions_floor_usage":[31],"damage_taken":[{"damage":0.0,"enemies":"2 Louse","floor":1.0,"turns":1.0},{"damage":0.0,"enemies":"Small Slimes","floor":4.0,"turns":1.0},{"damage":0.0,"enemies":"Lagavulin","floor":6.0,"turns":1.0},{"damage":1.0,"enemies":"Cultist","floor":8.0,"turns":3.0},{"damage":24.0,"enemies":"3 Sentries","floor":12.0,"turns":8.0},{"damage":8.0,"enemies":"Blue Slaver","floor":13.0,"turns":3.0},{"damage":17.0,"enemies":"The Guardian","floor":16.0,"turns":8.0},{"damage":16.0,"enemies":"Spheric Guardian","floor":18.0,"turns":5.0},{"damage":25.0,"enemies":"Chosen","floor":22.0,"turns":4.0},{"damage":17.0,"enemies":"Book of Stabbing","floor":23.0,"turns":4.0},{"damage":30.0,"enemies":"3 Cultists","floor":24.0,"turns":6.0},{"damage":30.0,"enemies":"Snake Plant","floor":28.0,"turns":4.0},{"damage":12.0,"enemies":"Centurion and Healer","floor":30.0,"turns":7.0},{"damage":13,"enemies":"Slavers","floor":31,"turns":4},{"damage":81,"enemies":"Automaton","floor":33,"turns":8}],"seed_played":"-8930581223694891390","potions_obtained":[{"floor":6.0,"key":"SpeedPotion"},{"floor":12.0,"key":"Weak Potion"},{"floor":16.0,"key":"PowerPotion"},{"floor":22.0,"key":"SteroidPotion"}],"is_trial":false,"path_per_floor":["M","?","?","M","$","E","R","M","T","?","R","E","M","?","R","B",null,"M","$","?","$","M","E","M","R","T","T","M","R","M","E","R","B"],"character_chosen":"IRONCLAD","items_purchased":["Bag of Marbles","Inflame"],"campfire_rested":0,"item_purchase_floors":[5,19],"current_hp_per_floor":[74,63,63,69,69,75,75,75,75,75,75,57,55,55,55,44,67,68,68,64,64,60,61,51,51,51,51,32,32,42,68,68,0],"gold":226,"neow_bonus":"THREE_ENEMY_KILL","is_prod":false,"is_daily":false,"chose_seed":false,"campfire_upgraded":6,"win_rate":0,"timestamp":1562180909,"path_taken":["M","?","?","?","$","E","R","M","T","?","R","E","?","?","R","BOSS","M","$","?","?","M","E","M","R","T","?","M","R","M","E","R","BOSS"],"build_version":"2019-06-30","purchased_purges":1,"victory":false,"max_hp_per_floor":[75,75,75,75,75,75,75,75,75,75,75,75,75,75,75,75,75,75,75,75,75,75,75,75,75,75,75,75,75,75,75,75,75],"card_choices":[{"not_picked":["Bloodletting","Rupture"],"picked":"Armaments","floor":1.0},{"not_picked":["Dropkick","Intimidate"],"picked":"Wild Strike","floor":4.0},{"not_picked":["Fire Breathing","Barricade"],"picked":"Spot Weakness","floor":6.0},{"not_picked":["Shrug It Off","Thunderclap"],"picked":"Twin Strike","floor":8.0},{"not_picked":["Body Slam","Twin Strike"],"picked":"Fiend Fire","floor":12.0},{"not_picked":["Body Slam","Cleave"],"picked":"Pommel Strike","floor":13.0},{"not_picked":["Juggernaut","Brutality"],"picked":"Reaper","floor":16.0},{"not_picked":["Twin Strike","Combust"],"picked":"Sword Boomerang+1","floor":18.0},{"not_picked":["Iron Wave","Intimidate"],"picked":"Clothesline","floor":22.0},{"not_picked":["Blood for Blood","Sentinel","Cleave"],"picked":"SKIP","floor":23.0},{"not_picked":["Seeing Red","Metallicize","Cleave"],"picked":"SKIP","floor":24.0},{"not_picked":["Searing Blow","Burning Pact","Warcry"],"picked":"SKIP","floor":28.0},{"not_picked":["Heavy Blade","Sword Boomerang","Hemokinesis"],"picked":"SKIP","floor":30.0},{"not_picked":["Whirlwind","Power Through"],"picked":"Metallicize","floor":31}],"player_experience":2175100,"relics_obtained":[{"floor":6.0,"key":"Boot"},{"floor":9.0,"key":"Regal Pillow"},{"floor":12.0,"key":"War Paint"},{"floor":23.0,"key":"Anchor"},{"floor":27.0,"key":"Ornamental Fan"},{"floor":31,"key":"Potion Belt"}],"event_choices":[{"damage_healed":0.0,"max_hp_gain":0.0,"max_hp_loss":0.0,"gold_gain":75.0,"event_name":"World of Goop","player_choice":"Gather Gold","floor":2.0,"gold_loss":0.0,"damage_taken":11.0},{"cards_removed":["Strike_R"],"damage_healed":0.0,"max_hp_gain":0.0,"max_hp_loss":0.0,"gold_gain":0.0,"event_name":"Wheel of Change","player_choice":"Card Removal","floor":3.0,"gold_loss":0.0,"damage_taken":0.0},{"cards_removed":["Strike_R"],"damage_healed":0.0,"max_hp_gain":0.0,"max_hp_loss":0.0,"gold_gain":0.0,"event_name":"Bonfire Elementals","player_choice":"Offered Basic","floor":10.0,"gold_loss":0.0,"damage_taken":0.0},{"damage_healed":0.0,"max_hp_gain":0.0,"max_hp_loss":0.0,"gold_gain":0.0,"cards_transformed":["Strike_R"],"event_name":"Transmorgrifier","player_choice":"Transformed","floor":14.0,"gold_loss":0.0,"damage_taken":0.0,"cards_obtained":["Havoc"]},{"damage_healed":0.0,"max_hp_gain":0.0,"max_hp_loss":0.0,"gold_gain":0.0,"event_name":"The Woman in Blue","player_choice":"Bought 0 Potions","floor":20.0,"gold_loss":0.0,"damage_taken":0.0}],"is_beta":true,"boss_relics":[{"not_picked":["Busted Crown","Philosopher\u0027s Stone"],"picked":"Coffee Dripper"}],"items_purged_floors":[19],"is_endless":false,"potions_floor_spawned":[6,12,16,18,22],"killed_by":"Automaton","ascension_level":20}