{"gold_per_floor":[117,133,29,44,58,58,89,89,89,89,118,133,133,148,148,222,222,233,233,252,177,177,177,202,202,202,237,249,30,46,65,65,144,144,163,210,0,13,1012,1012,1046,1046,1069,1069,1080,1094,33,60,60,60,60],"floor_reached":52,"playtime":2485,"items_purged":["Strike_B"],"score":2145,"play_id":"2f0ff340-e61b-47dc-9c25-c3432d2c39a8","local_time":"20181018210950","is_ascension_mode":true,"campfire_choices":[{"data":"Biased Cognition","floor":6,"key":"SMITH"},{"data":"Loop","floor":8,"key":"SMITH"},{"data":"Zap","floor":10,"key":"SMITH"},{"data":"Dualcast","floor":13,"key":"SMITH"},{"data":"Hologram","floor":15,"key":"SMITH"},{"floor":23,"key":"REST"},{"floor":25,"key":"REST"},{"floor":32,"key":"REST"},{"floor":40,"key":"REST"},{"floor":42,"key":"REST"},{"data":"Rainbow","floor":44,"key":"SMITH"},{"floor":49,"key":"REST"}],"neow_cost":"NONE","seed_source_timestamp":682177492851193,"circlet_count":0,"master_deck":["Strike_B","Strike_B","Defend_B","Defend_B","Defend_B","Defend_B","Zap+1","Dualcast+1","AscendersBane","Sweeping Beam","Cold Snap","Compile Driver","Loop+1","Ball Lightning","Biased Cognition+1","Cold Snap","Doom and Gloom","Hologram+1","Core Surge","Fusion","Biased Cognition+1","White Noise+1","Rainbow+1","Core Surge","Glacier","Machine Learning","Meteor Strike","Hologram+1","Force Field+1"],"special_seed":0,"relics":["Cracked Core","Omamori","Mummified Hand","Pear","Oddly Smooth Stone","Snecko Eye","Nilry\u0027s Codex","Bronze Scales","Gambling Chip","Bottled Lightning","Runic Capacitor","Runic Dome","StoneCalendar","Red Mask","Bottled Tornado","PreservedInsect","Toxic Egg 2","Calipers","Smiling Mask"],"potions_floor_usage":[20,24,33,51,51],"damage_taken":[{"damage":0.0,"enemies":"Cultist","floor":1.0,"turns":3.0},{"damage":5,"enemies":"Small Slimes","floor":2,"turns":4},{"damage":4,"enemies":"Jaw Worm","floor":4,"turns":4},{"damage":14,"enemies":"Red Slaver","floor":5,"turns":4},{"damage":1,"enemies":"Gremlin Nob","floor":7,"turns":3},{"damage":20,"enemies":"Lagavulin","floor":11,"turns":4},{"damage":5,"enemies":"2 Fungi Beasts","floor":12,"turns":2},{"damage":0,"enemies":"3 Louse","floor":14,"turns":2},{"damage":0,"enemies":"Hexaghost","floor":16,"turns":6},{"damage":0,"enemies":"Spheric Guardian","floor":18,"turns":3},{"damage":8,"enemies":"Shell Parasite","floor":20,"turns":3},{"damage":21,"enemies":"Book of Stabbing","floor":24,"turns":5},{"damage":47,"enemies":"Slavers","floor":27,"turns":5},{"damage":15,"enemies":"Sentry and Sphere","floor":28,"turns":4},{"damage":0,"enemies":"Snecko","floor":30,"turns":4},{"damage":0,"enemies":"Chosen and Byrds","floor":31,"turns":3},{"damage":20,"enemies":"Automaton","floor":33,"turns":8},{"damage":1,"enemies":"Orb Walker","floor":35,"turns":3},{"damage":28,"enemies":"2 Orb Walkers","floor":36,"turns":4},{"damage":3,"enemies":"3 Shapes","floor":38,"turns":3},{"damage":7,"enemies":"Nemesis","floor":41,"turns":5},{"damage":0,"enemies":"Writhing Mass","floor":45,"turns":5},{"damage":15,"enemies":"Jaw Worm Horde","floor":46,"turns":3},{"damage":2,"enemies":"Giant Head","floor":48,"turns":5},{"damage":7,"enemies":"Time Eater","floor":50,"turns":10},{"damage":0,"enemies":"Donu and Deca","floor":51,"turns":7}],"seed_played":"-6642019995057403419","potions_obtained":[{"floor":1.0,"key":"Swift Potion"},{"floor":2,"key":"Dexterity Potion"},{"floor":12,"key":"PowerPotion"},{"floor":27,"key":"SteroidPotion"},{"floor":30,"key":"Regen Potion"},{"floor":35,"key":"SteroidPotion"},{"floor":38,"key":"FocusPotion"},{"floor":48,"key":"FocusPotion"}],"is_trial":false,"path_per_floor":["M","M","$","M","M","R","E","R","T","R","E","M","R","M","R","B",null,"M","?","M","?","?","R","E","R","T","E","M","$","M","M","R","B",null,"M","?","?","M","?","R","E","R","T","R","M","M","$","E","R","B","B"],"character_chosen":"DEFECT","items_purchased":["Compile Driver","Loop","Runic Capacitor","Machine Learning","Meteor Strike","Toxic Egg 2","Calipers","Hologram+1","SkillPotion"],"campfire_rested":6,"item_purchase_floors":[3,3,29,47,47,47,47,47,47],"current_hp_per_floor":[64,59,59,55,41,41,40,40,50,50,30,25,25,25,25,25,67,67,67,59,59,38,62,41,65,65,18,3,3,3,3,27,22,66,65,37,37,34,34,58,51,75,75,75,75,60,60,58,81,74,74],"gold":60,"neow_bonus":"RANDOM_COMMON_RELIC","is_prod":false,"is_daily":false,"chose_seed":false,"campfire_upgraded":6,"win_rate":0,"timestamp":1539893390,"path_taken":["M","M","?","M","M","R","E","R","T","R","E","M","R","?","R","BOSS","M","?","?","?","?","R","E","R","T","E","M","$","?","M","R","BOSS","M","?","?","M","?","R","E","R","T","R","?","?","$","E","R","BOSS","BOSS"],"build_version":"2018-10-17v3","purchased_purges":1,"victory":true,"max_hp_per_floor":[71,71,71,71,71,71,71,71,81,81,81,81,81,81,81,81,81,81,81,81,81,81,81,81,81,81,81,81,81,81,81,81,81,81,81,81,81,81,81,81,81,81,81,81,81,81,81,81,81,81,81],"card_choices":[{"not_picked":["Recycle","BootSequence"],"picked":"Sweeping Beam","floor":1.0},{"not_picked":["Loop","Sweeping Beam"],"picked":"Cold Snap","floor":2},{"not_picked":["Beam Cell","Leap"],"picked":"Ball Lightning","floor":4},{"not_picked":["BootSequence","Cold Snap"],"picked":"Biased Cognition","floor":5},{"not_picked":["Turbo","Loop","Aggregate"],"picked":"SKIP","floor":7},{"not_picked":["Chill","Rebound"],"picked":"Cold Snap","floor":11},{"not_picked":["Ball Lightning","Blizzard"],"picked":"Doom and Gloom","floor":12},{"not_picked":["Chaos","Rip and Tear"],"picked":"Hologram","floor":14},{"not_picked":["Biased Cognition","Creative AI"],"picked":"Core Surge","floor":16},{"not_picked":["Hologram+1","Streamline"],"picked":"Fusion","floor":18},{"not_picked":["Chaos+1","Steam","Barrage"],"picked":"SKIP","floor":20},{"not_picked":["Steam","Blizzard+1","Cold Snap"],"picked":"SKIP","floor":24},{"not_picked":["Go for the Eyes","Consume","Genetic Algorithm"],"picked":"SKIP","floor":27},{"not_picked":["Stack","Turbo"],"picked":"White Noise+1","floor":28},{"not_picked":["Genetic Algorithm","Fusion"],"picked":"Rainbow","floor":30},{"not_picked":["Steam+1","Rebound","Gash"],"picked":"SKIP","floor":31},{"not_picked":["Seek","Multi-Cast"],"picked":"Core Surge","floor":33},{"not_picked":["Barrage","Streamline+1","Redo"],"picked":"SKIP","floor":35},{"not_picked":["Rebound","Go for the Eyes"],"picked":"Glacier","floor":36},{"not_picked":["Darkness","Coolheaded","Rebound"],"picked":"SKIP","floor":38},{"not_picked":["Go for the Eyes","Fission","Fusion"],"picked":"SKIP","floor":41},{"not_picked":["Rebound","Redo","Ball Lightning+1"],"picked":"SKIP","floor":45},{"not_picked":["Rebound","Redo","Ball Lightning+1"],"picked":"SKIP","floor":45},{"not_picked":["Stack","Redo","Go for the Eyes"],"picked":"SKIP","floor":46},{"not_picked":["Undo+1","Heatsinks"],"picked":"Force Field+1","floor":48}],"player_experience":1498020,"relics_obtained":[{"floor":7,"key":"Mummified Hand"},{"floor":9,"key":"Pear"},{"floor":11,"key":"Oddly Smooth Stone"},{"floor":22,"key":"Nilry\u0027s Codex"},{"floor":24,"key":"Bronze Scales"},{"floor":26,"key":"Gambling Chip"},{"floor":27,"key":"Bottled Lightning"},{"floor":36,"key":"StoneCalendar"},{"floor":41,"key":"Bottled Tornado"},{"floor":43,"key":"PreservedInsect"},{"floor":48,"key":"Smiling Mask"}],"event_choices":[{"damage_healed":0,"gold_gain":0,"player_choice":"Copied","damage_taken":0,"max_hp_gain":0,"max_hp_loss":0,"event_name":"Duplicator","floor":19,"gold_loss":0,"cards_obtained":["Biased Cognition"]},{"cards_removed":["Strike_B"],"damage_healed":0,"gold_gain":0,"player_choice":"Gave Gold","damage_taken":0,"max_hp_gain":0,"max_hp_loss":0,"event_name":"Beggar","floor":21,"gold_loss":75},{"damage_healed":0,"gold_gain":0,"player_choice":"Obtained Book","damage_taken":21,"max_hp_gain":0,"max_hp_loss":0,"event_name":"Cursed Tome","floor":22,"gold_loss":0},{"damage_healed":0,"gold_gain":0,"player_choice":"Fight","damage_taken":0,"max_hp_gain":0,"max_hp_loss":0,"event_name":"Mysterious Sphere","floor":36,"gold_loss":0},{"damage_healed":0,"gold_gain":0,"player_choice":"Paid","damage_taken":0,"relics_obtained":["Red Mask"],"max_hp_gain":0,"max_hp_loss":0,"event_name":"Tomb of Lord Red Mask","floor":37,"gold_loss":210},{"damage_healed":0,"gold_gain":999,"player_choice":"Gold","damage_taken":0,"max_hp_gain":0,"max_hp_loss":0,"event_name":"MindBloom","floor":39,"gold_loss":0,"cards_obtained":["Normality","Normality"]}],"is_beta":true,"boss_relics":[{"not_picked":["Pandora\u0027s Box","Calling Bell"],"picked":"Snecko Eye"},{"not_picked":["Orrery","White Beast Statue"],"picked":"Runic Dome"}],"items_purged_floors":[47],"is_endless":false,"potions_floor_spawned":[1,2,12,14,18,27,30,35,38,48],"ascension_level":20}