{"gold_per_floor":[114,133,146,146,5,5,36,36,61,81,106,106,136,155,155,226,226,245,87,137,137,137,137,199,199,251,251],"floor_reached":27,"playtime":5730,"items_purged":["Pain"],"score":494,"play_id":"9b5348a6-4218-44d1-9cea-1fe612010562","local_time":"20190311182512","is_ascension_mode":true,"campfire_choices":[{"data":"Go for the Eyes","floor":6,"key":"SMITH"},{"floor":12,"key":"REST"},{"floor":15,"key":"REST"},{"data":"Buffer","floor":23,"key":"SMITH"},{"data":"Loop","floor":25,"key":"SMITH"}],"neow_cost":"NONE","seed_source_timestamp":475564261394235,"circlet_count":0,"master_deck":["AscendersBane","Strike_B","Strike_B","Strike_B","Strike_B","Defend_B+1","Defend_B","Defend_B","Defend_B","Zap+1","Dualcast","Go for the Eyes+1","Cold Snap","All For One","Gash","Ball Lightning","Loop+1","Steam","Doom and Gloom","Buffer+1","Storm+1","Capacitor","Ghostly","Ghostly","Ghostly"],"relics":["Cracked Core","Blood Vial","Ancient Tea Set","WarpedTongs","Bag of Marbles","Strawberry","Prayer Wheel","Sozu","Tiny Chest","Bronze Scales"],"potions_floor_usage":[7],"damage_taken":[{"damage":4,"enemies":"Jaw Worm","floor":1,"turns":4},{"damage":0,"enemies":"Small Slimes","floor":2,"turns":2},{"damage":0,"enemies":"Cultist","floor":3,"turns":3},{"damage":4,"enemies":"Gremlin Nob","floor":7,"turns":3},{"damage":1,"enemies":"Large Slime","floor":10,"turns":3},{"damage":28,"enemies":"Lagavulin","floor":11,"turns":7},{"damage":21,"enemies":"3 Sentries","floor":13,"turns":8},{"damage":11,"enemies":"Looter","floor":14,"turns":2},{"damage":8,"enemies":"Slime Boss","floor":16,"turns":7},{"damage":17,"enemies":"Chosen","floor":18,"turns":4},{"damage":4,"enemies":"Slavers","floor":24,"turns":6},{"damage":50,"enemies":"Gremlin Leader","floor":27,"turns":6}],"seed_played":"7160977627467694408","potions_obtained":[{"floor":1,"key":"Poison Potion"},{"floor":7,"key":"EssenceOfSteel"},{"floor":14,"key":"Swift Potion"}],"is_trial":false,"path_per_floor":["M","M","M","?","$","R","E","?","T","M","E","R","E","M","R","B",null,"M","$","?","?","?","R","E","R","T","E"],"character_chosen":"DEFECT","items_purchased":["All For One","Gash","Capacitor"],"campfire_rested":2,"item_purchase_floors":[5,5,19],"current_hp_per_floor":[62,64,66,45,45,45,43,43,43,44,25,48,29,20,43,37,68,53,53,53,39,39,39,35,35,35,0],"gold":251,"neow_bonus":"RANDOM_COMMON_RELIC","is_prod":false,"is_daily":false,"chose_seed":false,"campfire_upgraded":3,"win_rate":0,"timestamp":1552328712,"path_taken":["M","M","M","?","$","R","E","?","T","M","E","R","E","?","R","BOSS","M","$","?","?","?","R","E","R","T","E"],"build_version":"2019-02-06","purchased_purges":1,"victory":false,"max_hp_per_floor":[71,71,71,71,71,71,71,71,71,71,78,78,78,78,78,78,78,78,78,78,39,39,39,39,39,39,39],"card_choices":[{"not_picked":["Hello World","Redo"],"picked":"Go for the Eyes","floor":1},{"not_picked":["Coolheaded","Conserve Battery"],"picked":"Cold Snap","floor":2},{"not_picked":["Chaos","Lockon","Beam Cell"],"picked":"SKIP","floor":3},{"not_picked":["Coolheaded","Reboot"],"picked":"Ball Lightning","floor":7},{"not_picked":["Compile Driver","Rebound"],"picked":"Loop","floor":10},{"not_picked":["Go for the Eyes","Melter"],"picked":"Steam","floor":11},{"not_picked":["Streamline","Reprogram","Go for the Eyes"],"picked":"SKIP","floor":13},{"not_picked":["Streamline","Turbo"],"picked":"Doom and Gloom","floor":14},{"not_picked":["Tempest","Gash","Reprogram"],"picked":"SKIP","floor":14},{"not_picked":["Reboot","Fission"],"picked":"Buffer","floor":16},{"not_picked":["Beam Cell","Reprogram"],"picked":"Storm+1","floor":18},{"not_picked":["Redo","Aggregate","Go for the Eyes"],"picked":"SKIP","floor":18},{"not_picked":["Turbo","Chaos","Meteor Strike"],"picked":"SKIP","floor":24}],"player_experience":1911603,"relics_obtained":[{"floor":7,"key":"Ancient Tea Set"},{"floor":9,"key":"Bag of Marbles"},{"floor":11,"key":"Strawberry"},{"floor":13,"key":"Prayer Wheel"},{"floor":24,"key":"Tiny Chest"},{"floor":26,"key":"Bronze Scales"}],"event_choices":[{"damage_healed":0,"gold_gain":0,"player_choice":"Entered Light","damage_taken":21,"max_hp_gain":0,"max_hp_loss":0,"event_name":"Shining Light","floor":4,"gold_loss":0,"cards_upgraded":["Defend_B","Zap"]},{"damage_healed":0,"gold_gain":0,"player_choice":"Rummage","damage_taken":0,"relics_obtained":["WarpedTongs"],"max_hp_gain":0,"max_hp_loss":0,"event_name":"Accursed Blacksmith","floor":8,"gold_loss":0,"cards_obtained":["Pain"]},{"damage_healed":0,"gold_gain":50,"player_choice":"Stole From Cult","damage_taken":0,"max_hp_gain":0,"max_hp_loss":0,"event_name":"Nest","floor":20,"gold_loss":0},{"damage_healed":0,"gold_gain":0,"player_choice":"Became a Ghost","damage_taken":0,"max_hp_gain":0,"max_hp_loss":39,"event_name":"Ghosts","floor":21,"gold_loss":0,"cards_obtained":["Ghostly","Ghostly","Ghostly"]},{"damage_healed":0,"gold_gain":0,"player_choice":"Ignored","damage_taken":0,"max_hp_gain":0,"max_hp_loss":0,"event_name":"Vampires","floor":22,"gold_loss":0}],"is_beta":true,"boss_relics":[{"not_picked":["Lizard Tail","Orrery"],"picked":"Sozu"}],"items_purged_floors":[19],"is_endless":false,"potions_floor_spawned":[1,7,14,18],"killed_by":"Gremlin Leader","ascension_level":20}