{"gold_per_floor":[119,131,7,7,7,7,35,35,86,116,133,190,209,236,236,313,313,313,237,237,19,19,19,19,19,19,19,19,19,19,19,19,19,19,19,19,19,19,19,19,0,0,0,0,0,0,0,0,0,0],"floor_reached":51,"playtime":2830,"items_purged":[],"score":1673,"play_id":"81dc54f3-1b24-421c-a7c4-895ef85c480d","local_time":"20180811135324","daily_mods":["Draft","Heirloom"],"is_ascension_mode":true,"campfire_choices":[{"data":"True Grit","floor":6,"key":"SMITH"},{"data":"Disarm","floor":8,"key":"SMITH"},{"data":"Demon Form","floor":15,"key":"SMITH"},{"data":"Limit Break","floor":23,"key":"SMITH"},{"data":"Feel No Pain","floor":28,"key":"SMITH"},{"data":"Dual Wield","floor":32,"key":"SMITH"},{"data":"True Grit","floor":49,"key":"SMITH"}],"neow_cost":"","seed_source_timestamp":0,"circlet_count":0,"master_deck":["AscendersBane","Clothesline","Armaments+1","Anger","Disarm+1","Dual Wield+1","Feel No Pain+1","Sword Boomerang","True Grit+1","Shrug It Off","Battle Trance","Flame Barrier","Havoc","Havoc","Cleave","Shrug It Off","Rampage","Shrug It Off","Feed","Thunderclap","Headbutt","Flame Barrier","Demon Form+1","Limit Break+1","True Grit+1","Whirlwind","Offering","Inflame","Havoc+1","Metallicize+1","Shockwave+1","Barricade","Inflame","Flame Barrier+1"],"relics":["Burning Blood","Magic Flower","Bottled Lightning","Lantern","Mummified Hand","Meat on the Bone","Centennial Puzzle","Ectoplasm","Enchiridion","The Courier","Art of War","Letter Opener","Bottled Tornado","Pear","Coffee Dripper","Smiling Mask","Red Mask","Pen Nib","Omamori","Toxic Egg 2","Turnip"],"potions_floor_usage":[16,48,50,50],"damage_taken":[{"damage":5,"enemies":"2 Louse","floor":1,"turns":3},{"damage":0,"enemies":"Cultist","floor":2,"turns":5},{"damage":36,"enemies":"Gremlin Nob","floor":7,"turns":5},{"damage":0,"enemies":"Lagavulin","floor":10,"turns":7},{"damage":9,"enemies":"Jaw Worm","floor":11,"turns":5},{"damage":27,"enemies":"Lagavulin Event","floor":12,"turns":9},{"damage":0,"enemies":"Looter","floor":13,"turns":4},{"damage":12,"enemies":"3 Sentries","floor":14,"turns":7},{"damage":2,"enemies":"Hexaghost","floor":16,"turns":10},{"damage":0,"enemies":"Chosen","floor":18,"turns":5},{"damage":3,"enemies":"Spheric Guardian","floor":20,"turns":5},{"damage":6,"enemies":"Gremlin Leader","floor":24,"turns":4},{"damage":6,"enemies":"Snecko","floor":25,"turns":3},{"damage":15,"enemies":"Book of Stabbing","floor":27,"turns":5},{"damage":0,"enemies":"Gremlin Leader","floor":30,"turns":4},{"damage":0,"enemies":"Centurion and Healer","floor":31,"turns":3},{"damage":11,"enemies":"Automaton","floor":33,"turns":4},{"damage":9,"enemies":"3 Darklings","floor":35,"turns":3},{"damage":0,"enemies":"Orb Walker","floor":36,"turns":3},{"damage":7,"enemies":"Flame Bruiser 2 Orb","floor":37,"turns":5},{"damage":15,"enemies":"Jaw Worm Horde","floor":38,"turns":4},{"damage":17,"enemies":"Transient","floor":39,"turns":5},{"damage":21,"enemies":"2 Orb Walkers","floor":40,"turns":5},{"damage":4,"enemies":"Giant Head","floor":42,"turns":4},{"damage":16,"enemies":"Sphere and 2 Shapes","floor":44,"turns":6},{"damage":7,"enemies":"Nemesis","floor":47,"turns":5},{"damage":20,"floor":48,"turns":9},{"damage":6,"enemies":"Donu and Deca","floor":50,"turns":6}],"seed_played":"3335638425866165409","potions_obtained":[{"floor":1,"key":"Ancient Potion"},{"floor":2,"key":"Energy Potion"},{"floor":11,"key":"LiquidBronze"},{"floor":16,"key":"FearPotion"},{"floor":44,"key":"Strength Potion"},{"floor":47,"key":"AttackPotion"},{"floor":48,"key":"GamblersBrew"}],"is_trial":true,"path_per_floor":["M","M","$","?","?","R","E","R","T","E","M","?","M","E","R","B",null,"M","$","M","$","?","R","E","M","T","E","R","T","E","M","R","B",null,"M","M","M","M","M","E","?","E","T","M","$","?","E","?","R","B"],"character_chosen":"IRONCLAD","items_purchased":["Rampage","Shrug It Off","Whirlwind","Offering","Inflame"],"campfire_rested":0,"item_purchase_floors":[3,3,19,21,21],"current_hp_per_floor":[72,75,75,75,75,75,48,48,48,57,62,67,76,79,79,89,89,92,92,92,92,71,71,74,77,77,77,77,77,101,109,109,107,109,109,112,115,114,106,94,94,99,99,97,97,97,99,116,116,124],"gold":0,"neow_bonus":"","is_prod":false,"is_daily":false,"chose_seed":false,"campfire_upgraded":7,"win_rate":0,"timestamp":1533992004,"path_taken":["M","M","$","?","?","R","E","R","T","E","?","?","?","E","R","BOSS","M","$","M","$","?","R","E","M","T","E","R","?","E","M","R","BOSS","M","M","M","M","M","E","?","E","T","M","?","?","E","?","R","BOSS"],"build_version":"2018-08-08","purchased_purges":0,"victory":true,"max_hp_per_floor":[75,75,75,75,75,75,75,75,75,75,78,81,81,85,85,89,89,92,92,92,92,92,92,92,92,92,96,96,96,109,109,109,109,109,109,112,115,118,118,118,118,118,118,121,121,121,121,125,125,128],"card_choices":[{"not_picked":["Rage","Infernal Blade"],"picked":"Clothesline","floor":0},{"not_picked":["Warcry","Hemokinesis"],"picked":"Armaments","floor":0},{"not_picked":["Pommel Strike","Blood for Blood"],"picked":"Anger","floor":0},{"not_picked":["Anger","Body Slam"],"picked":"Disarm","floor":0},{"not_picked":["Cleave","Armaments"],"picked":"Dual Wield","floor":0},{"not_picked":["True Grit","Clash"],"picked":"Feel No Pain","floor":0},{"not_picked":["Bloodletting","Body Slam"],"picked":"Sword Boomerang","floor":0},{"not_picked":["Perfected Strike","Sword Boomerang"],"picked":"True Grit","floor":0},{"not_picked":["Clash","Corruption"],"picked":"Shrug It Off","floor":0},{"not_picked":["Pommel Strike","Intimidate"],"picked":"Battle Trance","floor":0},{"not_picked":["Heavy Blade","Flex"],"picked":"Dropkick","floor":0},{"not_picked":["Headbutt","Shrug It Off"],"picked":"Flame Barrier","floor":0},{"not_picked":["Carnage","Sword Boomerang"],"picked":"Havoc","floor":0},{"not_picked":["Second Wind","Warcry"],"picked":"Havoc","floor":0},{"not_picked":["Pommel Strike","Wild Strike"],"picked":"Cleave","floor":0},{"not_picked":["Sever Soul","Perfected Strike","Warcry"],"picked":"SKIP","floor":1},{"not_picked":["Perfected Strike","Wild Strike"],"picked":"Shrug It Off","floor":2},{"not_picked":["Sword Boomerang","Warcry","Cleave"],"picked":"SKIP","floor":7},{"not_picked":["Thunderclap","Shrug It Off"],"picked":"Feed","floor":10},{"not_picked":["Armaments","True Grit"],"picked":"Thunderclap","floor":11},{"not_picked":["Pummel","Flex"],"picked":"Headbutt","floor":12},{"not_picked":["Warcry","Thunderclap"],"picked":"Flame Barrier","floor":13},{"not_picked":["Carnage","Clash"],"picked":"Demon Form","floor":14},{"not_picked":["Brutality","Double Tap"],"picked":"Limit Break","floor":16},{"not_picked":["Warcry","Blood for Blood"],"picked":"True Grit","floor":18},{"not_picked":["Twin Strike","Cleave","Evolve"],"picked":"SKIP","floor":20},{"not_picked":["Body Slam","Heavy Blade"],"picked":"Havoc+1","floor":24},{"not_picked":["Headbutt","True Grit"],"picked":"Metallicize+1","floor":25},{"not_picked":["Headbutt","Wild Strike","Combust"],"picked":"SKIP","floor":27},{"not_picked":["Bludgeon","Anger","True Grit"],"picked":"SKIP","floor":30},{"not_picked":["Headbutt","Power Through"],"picked":"Shockwave+1","floor":31},{"not_picked":["Bludgeon","Feed"],"picked":"Barricade","floor":33},{"not_picked":["Thunderclap","Rampage"],"picked":"Inflame","floor":35},{"not_picked":["Clothesline","Cleave+1","True Grit"],"picked":"SKIP","floor":36},{"not_picked":["Blood for Blood","Entrench","Uppercut"],"picked":"SKIP","floor":37},{"not_picked":["Cleave+1","Thunderclap+1","Intimidate+1"],"picked":"SKIP","floor":38},{"not_picked":["Dropkick","Body Slam","Headbutt"],"picked":"SKIP","floor":39},{"not_picked":["Shrug It Off","Shockwave+1","Ghostly Armor"],"picked":"SKIP","floor":40},{"not_picked":["Bloodletting","Searing Blow","Iron Wave"],"picked":"SKIP","floor":42},{"not_picked":["Dual Wield","Body Slam","Intimidate"],"picked":"SKIP","floor":44},{"not_picked":["Power Through+1","Searing Blow+1","Flex"],"picked":"SKIP","floor":47},{"not_picked":["Cleave","Shrug It Off+1"],"picked":"Flame Barrier+1","floor":48}],"player_experience":1133925,"relics_obtained":[{"floor":7,"key":"Bottled Lightning"},{"floor":9,"key":"Lantern"},{"floor":10,"key":"Mummified Hand"},{"floor":14,"key":"Centennial Puzzle"},{"floor":22,"key":"Enchiridion"},{"floor":24,"key":"The Courier"},{"floor":26,"key":"Art of War"},{"floor":27,"key":"Letter Opener"},{"floor":29,"key":"Bottled Tornado"},{"floor":30,"key":"Pear"},{"floor":40,"key":"Smiling Mask"},{"floor":42,"key":"Pen Nib"},{"floor":43,"key":"Omamori"},{"floor":47,"key":"Toxic Egg 2"},{"floor":48,"key":"Turnip"}],"event_choices":[{"event_name":"Bonfire Elementals","player_choice":"UNCOMMON","floor":4,"damage_taken":0},{"event_name":"Upgrade Shrine","player_choice":"Upgraded","floor":5,"damage_taken":0},{"event_name":"Dead Adventurer","player_choice":"Searched \u00272\u0027 times","floor":12,"damage_taken":0},{"event_name":"Cursed Tome","player_choice":"Obtained Book","floor":22,"damage_taken":0},{"event_name":"Tomb of Lord Red Mask","player_choice":"Paid","floor":41,"damage_taken":0},{"event_name":"Golden Shrine","player_choice":"Pray","floor":46,"damage_taken":0},{"event_name":"MindBloom","player_choice":"Fight","floor":48,"damage_taken":0}],"is_beta":true,"boss_relics":[{"not_picked":["Runic Cube","Runic Pyramid"],"picked":"Ectoplasm"},{"not_picked":["Fusion Hammer","Sozu"],"picked":"Coffee Dripper"}],"items_purged_floors":[],"is_endless":false,"potions_floor_spawned":[1,2,11,14,16,18,25,27,33,39,44,47,48],"ascension_level":15}