{"gold_per_floor":[114,114,39,55,55,80,80,112,112,138,138,63,63,113,113,208,208,229,253,276,276,299,299,314,204,204,204,222,246,290,314,314,410,410,434,455,580,295,311,311,350,414,414,414,428,466,122,135,135,135],"floor_reached":51,"playtime":2942,"items_purged":["Perfected Strike","Rage"],"score":1567,"play_id":"bdace305-5a58-4929-9231-d11e81de3b52","local_time":"20190824093212","is_ascension_mode":true,"campfire_choices":[{"floor":7,"key":"REST"},{"floor":11,"key":"DIG"},{"floor":15,"key":"REST"},{"floor":23,"key":"DIG"},{"floor":27,"key":"REST"},{"floor":32,"key":"REST"},{"data":"Armaments","floor":40,"key":"SMITH"},{"floor":44,"key":"DIG"},{"floor":49,"key":"DIG"}],"neow_cost":"NONE","seed_source_timestamp":187934657260700,"circlet_count":0,"master_deck":["AscendersBane","Bash","Barricade","Infernal Blade","Flame Barrier","Dark Embrace","Flame Barrier","Demon Form","Impervious","Intimidate","Armaments+1","Entrench","Ghostly Armor","Whirlwind","Offering","The Bomb","Pommel Strike+1"],"relics":["Velvet Choker","Vajra","Shovel","War Paint","Shuriken","Dodecahedron","Centennial Puzzle","Golden Idol","Snecko Eye","Lantern","Orichalcum","Kunai","Gremlin Horn","Pandora\u0027s Box","Mango","Bottled Tornado","Thread and Needle","Charon\u0027s Ashes","Blue Candle","Bird Faced Urn","Paper Frog"],"potions_floor_usage":[6,10,22,30,42,50,50],"damage_taken":[{"damage":5,"enemies":"2 Louse","floor":1,"turns":3},{"damage":7,"enemies":"Small Slimes","floor":4,"turns":3},{"damage":25,"enemies":"3 Sentries","floor":6,"turns":7},{"damage":16,"enemies":"Gremlin Nob","floor":8,"turns":3},{"damage":17,"enemies":"3 Sentries","floor":10,"turns":7},{"damage":18,"enemies":"Slime Boss","floor":16,"turns":18},{"damage":6,"enemies":"2 Thieves","floor":18,"turns":4},{"damage":10,"enemies":"3 Byrds","floor":19,"turns":3},{"damage":22,"enemies":"Sentry and Sphere","floor":22,"turns":6},{"damage":1,"enemies":"3 Cultists","floor":24,"turns":5},{"damage":0,"enemies":"Cultist and Chosen","floor":28,"turns":5},{"damage":6,"enemies":"Shelled Parasite and Fungi","floor":29,"turns":9},{"damage":6,"enemies":"Gremlin Leader","floor":30,"turns":10},{"damage":5,"enemies":"Snecko","floor":31,"turns":4},{"damage":0,"enemies":"Champ","floor":33,"turns":17},{"damage":0,"enemies":"Orb Walker","floor":35,"turns":5},{"damage":0,"enemies":"3 Darklings","floor":36,"turns":6},{"damage":0,"enemies":"Mind Bloom Boss Battle","floor":37,"turns":11},{"damage":21,"enemies":"Transient","floor":39,"turns":5},{"damage":0,"enemies":"Reptomancer","floor":41,"turns":7},{"damage":0,"enemies":"2 Orb Walkers","floor":42,"turns":5},{"damage":0,"enemies":"4 Shapes","floor":45,"turns":3},{"damage":0,"enemies":"Nemesis","floor":46,"turns":9},{"damage":6,"enemies":"3 Darklings","floor":48,"turns":2},{"damage":6,"enemies":"Time Eater","floor":50,"turns":11}],"seed_played":"-5632544022987331136","potions_obtained":[{"floor":1,"key":"Fire Potion"},{"floor":8,"key":"Fruit Juice"},{"floor":19,"key":"SteroidPotion"},{"floor":28,"key":"EssenceOfSteel"},{"floor":31,"key":"SneckoOil"},{"floor":36,"key":"FearPotion"},{"floor":42,"key":"PowerPotion"}],"is_trial":false,"path_per_floor":["M","?","?","M","?","E","R","E","T","E","R","$","?","?","R","B",null,"M","M","T","?","M","R","M","?","T","R","M","M","E","M","R","B",null,"M","M","?","$","M","R","E","?","T","R","M","E","$","M","R","B",null],"character_chosen":"IRONCLAD","items_purchased":["Bottled Tornado","The Bomb","SkillPotion"],"campfire_rested":4,"item_purchase_floors":[38,47,47],"current_hp_per_floor":[63,56,56,49,44,19,41,25,25,13,13,13,13,13,34,16,58,52,42,42,42,20,20,19,19,19,40,40,34,28,23,44,44,65,65,65,79,79,58,58,58,58,58,58,58,58,58,54,54,56],"gold":135,"neow_bonus":"BOSS_RELIC","is_prod":false,"is_daily":false,"chose_seed":false,"campfire_upgraded":1,"win_rate":0,"timestamp":1566606732,"path_taken":["M","?","?","M","?","E","R","E","T","E","R","$","?","?","R","BOSS","M","M","?","?","?","R","?","?","T","R","?","?","E","M","R","BOSS","M","M","?","$","M","R","E","?","T","R","M","E","$","?","R","BOSS"],"build_version":"2019-07-17","purchased_purges":2,"victory":true,"max_hp_per_floor":[75,75,75,75,75,75,75,75,75,80,80,80,72,72,72,72,72,72,72,72,72,72,72,72,72,72,72,72,72,72,72,72,72,72,72,72,86,86,86,86,86,86,86,86,86,86,86,86,86,86],"card_choices":[{"not_picked":["Clash","Body Slam"],"picked":"Perfected Strike","floor":1},{"not_picked":["Thunderclap","Flex","Iron Wave"],"picked":"SKIP","floor":4},{"not_picked":["Thunderclap","Headbutt"],"picked":"Barricade","floor":6},{"not_picked":["Thunderclap","Flame Barrier"],"picked":"Infernal Blade","floor":8},{"not_picked":["Havoc","Heavy Blade"],"picked":"Flame Barrier","floor":10},{"not_picked":["Berserk","Feed"],"picked":"Dark Embrace","floor":16},{"not_picked":["Warcry","Ghostly Armor","Havoc+1"],"picked":"SKIP","floor":18},{"not_picked":["Rupture","Rage+1","Perfected Strike"],"picked":"SKIP","floor":19},{"not_picked":["Iron Wave","Thunderclap+1"],"picked":"Flame Barrier","floor":22},{"not_picked":["Disarm","Sword Boomerang","Body Slam"],"picked":"SKIP","floor":24},{"not_picked":["Thunderclap","Battle Trance","Dark Embrace"],"picked":"SKIP","floor":28},{"not_picked":["Clothesline","Flex","True Grit"],"picked":"SKIP","floor":29},{"not_picked":["Evolve","Second Wind","Iron Wave"],"picked":"SKIP","floor":30},{"not_picked":["Cleave","Evolve","Clothesline"],"picked":"SKIP","floor":31},{"not_picked":["Barricade","Dark Embrace"],"picked":"Demon Form","floor":33},{"not_picked":["Armaments+1","Wild Strike+1","Clothesline"],"picked":"SKIP","floor":35},{"not_picked":["Carnage+1","Wild Strike","Armaments"],"picked":"SKIP","floor":36},{"not_picked":["Bludgeon","Thunderclap"],"picked":"Whirlwind","floor":39},{"not_picked":["Clothesline+1","Armaments","True Grit"],"picked":"SKIP","floor":41},{"not_picked":["True Grit","Warcry+1","Cleave"],"picked":"SKIP","floor":45},{"not_picked":["Flame Barrier","Carnage"],"picked":"Offering","floor":46},{"not_picked":["Metallicize","Uppercut+1"],"picked":"Pommel Strike+1","floor":48}],"player_experience":193999,"relics_obtained":[{"floor":6,"key":"Shovel"},{"floor":8,"key":"War Paint"},{"floor":9,"key":"Shuriken"},{"floor":10,"key":"Dodecahedron"},{"floor":11,"key":"Centennial Puzzle"},{"floor":20,"key":"Lantern"},{"floor":23,"key":"Orichalcum"},{"floor":26,"key":"Kunai"},{"floor":30,"key":"Gremlin Horn"},{"floor":37,"key":"Mango"},{"floor":41,"key":"Thread and Needle"},{"floor":42,"key":"Charon\u0027s Ashes"},{"floor":44,"key":"Blue Candle"},{"floor":46,"key":"Bird Faced Urn"},{"floor":49,"key":"Paper Frog"}],"event_choices":[{"cards_removed":["Defend_R"],"damage_healed":0,"gold_gain":0,"player_choice":"Card Removal","damage_taken":7,"max_hp_gain":0,"max_hp_loss":0,"event_name":"Golden Wing","floor":2,"gold_loss":0},{"cards_removed":["Strike_R"],"damage_healed":0,"gold_gain":0,"player_choice":"Card Removal","damage_taken":0,"max_hp_gain":0,"max_hp_loss":0,"event_name":"The Cleric","floor":3,"gold_loss":75},{"damage_healed":0,"gold_gain":0,"player_choice":"Success","damage_taken":5,"relics_obtained":["Vajra"],"max_hp_gain":0,"max_hp_loss":0,"event_name":"Scrap Ooze","floor":5,"gold_loss":0},{"damage_healed":0,"gold_gain":0,"player_choice":"Lose Max HP","damage_taken":0,"relics_obtained":["Golden Idol"],"max_hp_gain":0,"max_hp_loss":8,"event_name":"Golden Idol","floor":13,"gold_loss":0},{"damage_healed":0,"gold_gain":50,"player_choice":"Pray","damage_taken":0,"max_hp_gain":0,"max_hp_loss":0,"event_name":"Golden Shrine","floor":14,"gold_loss":0},{"damage_healed":0,"gold_gain":0,"player_choice":"0 cards matched","damage_taken":0,"max_hp_gain":0,"max_hp_loss":0,"event_name":"Match and Keep!","floor":21,"gold_loss":0,"cards_obtained":[]},{"cards_removed":["Strike_R"],"damage_healed":0,"gold_gain":0,"player_choice":"Upgrade and Remove","damage_taken":0,"max_hp_gain":0,"max_hp_loss":0,"event_name":"Designer","floor":25,"gold_loss":110,"cards_upgraded":["Strike_R"]},{"damage_healed":0,"gold_gain":0,"player_choice":"Fight","damage_taken":0,"max_hp_gain":0,"max_hp_loss":0,"event_name":"MindBloom","floor":37,"gold_loss":0},{"damage_healed":0,"gold_gain":0,"player_choice":"Fight","damage_taken":0,"max_hp_gain":0,"max_hp_loss":0,"event_name":"Mysterious Sphere","floor":42,"gold_loss":0}],"is_beta":false,"boss_relics":[{"not_picked":["Empty Cage","Tiny House"],"picked":"Snecko Eye"},{"not_picked":["Orrery","Cursed Key"],"picked":"Pandora\u0027s Box"}],"items_purged_floors":[12,47],"is_endless":false,"potions_floor_spawned":[1,8,19,28,31,36,39,41,42],"ascension_level":16}