{"gold_per_floor":[116,131,25,40,40,40,73,73,122,133,133,133,58,88,88,190,190,204,204,104,104,122,122,122,141,166,166],"floor_reached":27,"playtime":1836,"items_purged":["Strike_R","Strike_R"],"score":209,"play_id":"3aaf8578-5bfc-4a18-92aa-c62b0d978865","local_time":"20190822010001","is_ascension_mode":false,"campfire_choices":[{"data":"Entrench","floor":6.0,"key":"SMITH"},{"data":"Body Slam","floor":8.0,"key":"SMITH"},{"floor":12.0,"key":"REST"},{"data":"Body Slam","floor":15.0,"key":"SMITH"},{"data":"Limit Break","floor":23,"key":"SMITH"}],"neow_cost":"NONE","seed_source_timestamp":286942457124900,"circlet_count":0,"master_deck":["Strike_R","Strike_R","Defend_R","Defend_R","Defend_R","Defend_R","Bash","Thunderclap","Entrench+1","Flame Barrier","Dual Wield","Offering","Body Slam+1","Body Slam+1","Limit Break","Limit Break+1"],"special_seed":0,"relics":["Burning Blood","Vajra","Juzu Bracelet","Mark of Pain","Strawberry"],"potions_floor_usage":[25],"damage_taken":[{"damage":6.0,"enemies":"Cultist","floor":1.0,"turns":3.0},{"damage":5.0,"enemies":"2 Louse","floor":2.0,"turns":2.0},{"damage":6.0,"enemies":"Jaw Worm","floor":4.0,"turns":5.0},{"damage":37.0,"enemies":"3 Sentries","floor":7.0,"turns":9.0},{"damage":24.0,"enemies":"Exordium Thugs","floor":10.0,"turns":4.0},{"damage":24.0,"enemies":"Hexaghost","floor":16.0,"turns":9.0},{"damage":28.0,"enemies":"Shell Parasite","floor":18.0,"turns":5.0},{"damage":11,"enemies":"3 Byrds","floor":22,"turns":4},{"damage":24,"enemies":"Shelled Parasite and Fungi","floor":25,"turns":4},{"damage":43,"enemies":"Snecko","floor":27,"turns":4}],"seed_played":"4711441287648871508","potions_obtained":[{"floor":1.0,"key":"LiquidBronze"},{"floor":4.0,"key":"SkillPotion"},{"floor":10.0,"key":"PowerPotion"},{"floor":22,"key":"Dexterity Potion"}],"is_trial":false,"path_per_floor":["M","M","$","M","$","R","E","R","T","M","?","R","$","?","R","B",null,"M","?","$","$","M","R","?","M","T","M"],"character_chosen":"IRONCLAD","items_purchased":["Flame Barrier","Dual Wield"],"campfire_rested":1,"item_purchase_floors":[3,3],"current_hp_per_floor":[80,80,80,80,80,80,49,49,49,31,23,47,47,47,47,29,80,58,58,58,58,53,53,53,35,42,0],"gold":166,"neow_bonus":"TRANSFORM_CARD","is_prod":false,"is_daily":false,"chose_seed":false,"campfire_upgraded":4,"win_rate":0,"timestamp":1566428401,"path_taken":["M","M","$","M","?","R","E","R","T","M","?","R","$","?","R","BOSS","M","?","?","$","M","R","?","M","T","M"],"build_version":"2019-01-23","purchased_purges":2,"victory":false,"max_hp_per_floor":[80,80,80,80,80,80,80,80,80,80,80,80,80,80,80,80,80,80,80,80,80,80,80,80,80,87,87],"card_choices":[{"not_picked":["Warcry","Iron Wave","Thunderclap"],"picked":"SKIP","floor":1.0},{"not_picked":["Sword Boomerang","Feel No Pain"],"picked":"Entrench","floor":2.0},{"not_picked":["Thunderclap","Feel No Pain"],"picked":"Offering","floor":4.0},{"not_picked":["Thunderclap","Headbutt"],"picked":"Body Slam","floor":7.0},{"not_picked":["Perfected Strike","Sentinel"],"picked":"Body Slam","floor":10.0},{"not_picked":["Demon Form","Reaper"],"picked":"Limit Break","floor":16.0},{"not_picked":["Wild Strike","Bloodletting","Twin Strike"],"picked":"SKIP","floor":18.0},{"not_picked":["Perfected Strike","Power Through","Searing Blow"],"picked":"SKIP","floor":22},{"not_picked":["Infernal Blade","Headbutt","Iron Wave"],"picked":"SKIP","floor":25}],"player_experience":284248,"relics_obtained":[{"floor":7.0,"key":"Vajra"},{"floor":9.0,"key":"Juzu Bracelet"},{"floor":26,"key":"Strawberry"}],"event_choices":[{"damage_healed":0.0,"max_hp_gain":0.0,"max_hp_loss":0.0,"gold_gain":0.0,"event_name":"Wheel of Change","player_choice":"Damaged","floor":11.0,"gold_loss":0.0,"damage_taken":8.0},{"damage_healed":0.0,"max_hp_gain":0.0,"max_hp_loss":0.0,"gold_gain":30.0,"event_name":"Dead Adventurer","player_choice":"Searched \u00271\u0027 times","floor":14.0,"gold_loss":0.0,"damage_taken":0.0},{"damage_healed":0.0,"max_hp_gain":0.0,"max_hp_loss":0.0,"gold_gain":0.0,"event_name":"Duplicator","player_choice":"Copied","floor":19.0,"gold_loss":0.0,"damage_taken":0.0,"cards_obtained":["Limit Break"]},{"damage_healed":0,"gold_gain":0,"player_choice":"Ignored","damage_taken":0,"max_hp_gain":0,"max_hp_loss":0,"event_name":"Ghosts","floor":24,"gold_loss":0}],"is_beta":false,"boss_relics":[{"not_picked":["Tiny House","Runic Cube"],"picked":"Mark of Pain"}],"items_purged_floors":[13,20],"is_endless":false,"potions_floor_spawned":[1,4,10,22],"killed_by":"Snecko","ascension_level":0}