{"gold_per_floor":[118,134,134,134,84,115,135,14,38,38,79,54,54,85,85,210,210,225,21,21,21,44,44,44,44,44,44,44,44,44,80,80,206,206,231,231,244,244,244,284,307,432,455,469,110,130,161,180,180,180,180,180,25,60,60],"floor_reached":55,"playtime":2146,"items_purged":["Strike_B","Pain"],"score":737,"play_id":"5e45eb06-8a2d-4a65-9c73-fb083bfb7433","local_time":"20181122220513","is_ascension_mode":false,"campfire_choices":[{"floor":13,"key":"REST"},{"data":"Zap","floor":15,"key":"SMITH"},{"data":"Go for the Eyes","floor":23,"key":"SMITH"},{"data":"Streamline","floor":24,"key":"SMITH"},{"data":"Streamline","floor":25,"key":"SMITH"},{"data":"White Noise","floor":27,"key":"SMITH"},{"data":"Electrodynamics","floor":29,"key":"SMITH"},{"floor":32,"key":"REST"},{"floor":49,"key":"RECALL"},{"data":"Recycle","floor":52,"key":"SMITH"}],"neow_cost":"NONE","seed_source_timestamp":699223050007104,"circlet_count":0,"master_deck":["Strike_B+1","Defend_B","Defend_B+1","Defend_B+1","Defend_B+1","Zap+1","Dualcast","Compile Driver+1","Ball Lightning","White Noise+1","Hologram+1","Streamline+1","Glacier","Compile Driver","Go for the Eyes+1","Electrodynamics+1","Compile Driver","Necronomicurse","Streamline+1","Seek","Melter+1","White Noise+1","Recycle+1","Coolheaded+1","Steam+1","Echo Form","Hologram+1","All For One+1","Beam Cell+1"],"relics":["Cracked Core","Golden Idol","Juzu Bracelet","Whetstone","WingedGreaves","War Paint","Cursed Key","OrangePellets","Ancient Tea Set","Necronomicon","Molten Egg 2","Empty Cage","The Courier","Gambling Chip","Runic Capacitor","Bag of Preparation","Du-Vu Doll","PreservedInsect","Vajra"],"potions_floor_usage":[6,6,11,14,33,33,50,55,55,55],"damage_taken":[{"damage":1,"enemies":"Cultist","floor":1,"turns":3},{"damage":2,"enemies":"2 Louse","floor":2,"turns":2},{"damage":14,"enemies":"Gremlin Nob","floor":6,"turns":3},{"damage":0,"enemies":"Small Slimes","floor":7,"turns":3},{"damage":11,"enemies":"3 Sentries","floor":11,"turns":4},{"damage":10,"enemies":"Gremlin Nob","floor":14,"turns":3},{"damage":1,"enemies":"Hexaghost","floor":16,"turns":10},{"damage":2,"enemies":"Spheric Guardian","floor":18,"turns":3},{"damage":4,"enemies":"Shell Parasite","floor":22,"turns":4},{"damage":21,"enemies":"Book of Stabbing","floor":31,"turns":4},{"damage":37,"enemies":"Champ","floor":33,"turns":9},{"damage":0,"enemies":"Orb Walker","floor":35,"turns":3},{"damage":0,"enemies":"3 Shapes","floor":37,"turns":2},{"damage":20,"enemies":"Reptomancer","floor":40,"turns":4},{"damage":5,"enemies":"Spire Growth","floor":41,"turns":4},{"damage":1,"enemies":"Mind Bloom Boss Battle","floor":42,"turns":5},{"damage":5,"enemies":"Transient","floor":44,"turns":5},{"damage":0,"enemies":"Sphere and 2 Shapes","floor":46,"turns":3},{"damage":7,"enemies":"Nemesis","floor":47,"turns":5},{"damage":0,"enemies":"Maw","floor":48,"turns":5},{"damage":34,"enemies":"Donu and Deca","floor":50,"turns":8},{"damage":34,"enemies":"Shield and Spear","floor":54,"turns":4},{"damage":38,"enemies":"The Heart","floor":55,"turns":9}],"seed_played":"3667594293507731051","potions_obtained":[{"floor":0,"key":"Ancient Potion"},{"floor":0,"key":"FearPotion"},{"floor":0,"key":"SteroidPotion"},{"floor":6,"key":"FearPotion"},{"floor":7,"key":"AttackPotion"},{"floor":18,"key":"Block Potion"},{"floor":31,"key":"Ancient Potion"},{"floor":37,"key":"Regen Potion"},{"floor":41,"key":"PowerPotion"},{"floor":46,"key":"SteroidPotion"}],"is_trial":false,"path_per_floor":["M","M","?","?","?","E","M","$","T","?","E","$","R","E","R","B",null,"M","$","?","?","M","R","R","R","T","R","$","R","?","E","R","B",null,"M","?","M","?","?","E","M","?","T","M","$","M","E","M","R","B",null,"R","$","E","B"],"character_chosen":"DEFECT","items_purchased":["Streamline","Compile Driver","OrangePellets","Runic Capacitor","Bag of Preparation","PowerPotion","PreservedInsect"],"campfire_rested":2,"item_purchase_floors":[8,12,19,45,45,53,53],"current_hp_per_floor":[74,72,54,39,39,25,25,25,25,25,14,14,36,26,26,25,75,73,73,73,57,53,53,53,53,53,53,53,53,53,32,54,17,75,75,75,75,75,71,51,46,45,45,40,40,40,33,33,33,14,71,71,71,37,0],"gold":60,"neow_bonus":"THREE_SMALL_POTIONS","is_prod":false,"is_daily":false,"chose_seed":false,"campfire_upgraded":7,"win_rate":0,"timestamp":1542924313,"path_taken":["M","M","?","?","?","E","M","$","T","?","E","$","R","E","R","BOSS","M","$","?","?","M","R","R","R","T","R","?","R","?","E","R","BOSS","M","?","M","?","?","E","M","?","T","M","$","M","E","M","R","BOSS","R","$","E","BOSS"],"build_version":"2018-11-15","purchased_purges":2,"victory":false,"max_hp_per_floor":[75,75,75,75,75,75,75,75,75,75,75,75,75,75,75,75,75,75,75,75,75,75,75,75,75,75,75,75,75,75,75,75,75,75,75,75,75,75,71,71,71,71,71,71,71,71,71,71,71,71,71,71,71,71,71],"card_choices":[{"not_picked":["Gash","Steam"],"picked":"Compile Driver","floor":1},{"not_picked":["Skim","Glacier"],"picked":"Ball Lightning","floor":2},{"not_picked":["Conserve Battery","Streamline"],"picked":"White Noise","floor":6},{"not_picked":["Auto Shields","Stack"],"picked":"Hologram","floor":7},{"not_picked":["Skim","Steam"],"picked":"Glacier","floor":11},{"not_picked":["Static Discharge","Coolheaded"],"picked":"Go for the Eyes","floor":14},{"not_picked":["Meteor Strike","Seek"],"picked":"Electrodynamics","floor":16},{"not_picked":["Coolheaded","Chaos"],"picked":"Compile Driver","floor":18},{"not_picked":["Steam","FTL"],"picked":"Streamline","floor":22},{"not_picked":["Blizzard","Streamline","Beam Cell"],"picked":"SKIP","floor":31},{"not_picked":["Creative AI","Amplify"],"picked":"Seek","floor":33},{"not_picked":["Scrape+1","Barrage+1"],"picked":"Melter+1","floor":35},{"not_picked":["Steam","Chill","Ball Lightning+1"],"picked":"SKIP","floor":37},{"not_picked":["Storm","Streamline+1"],"picked":"Recycle","floor":40},{"not_picked":["Conserve Battery","Hologram+1"],"picked":"Coolheaded+1","floor":41},{"not_picked":["Rebound+1","Barrage+1"],"picked":"Steam+1","floor":42},{"not_picked":["Coolheaded","Skim+1"],"picked":"Echo Form","floor":44},{"not_picked":["Steam","Chill+1"],"picked":"Hologram+1","floor":46},{"not_picked":["Steam Power+1","Leap+1"],"picked":"All For One+1","floor":47},{"not_picked":["Redo+1","Conserve Battery"],"picked":"Beam Cell+1","floor":48},{"not_picked":["Go for the Eyes+1","Beam Cell+1","Turbo"],"picked":"SKIP","floor":54}],"player_experience":1663205,"relics_obtained":[{"floor":6,"key":"Juzu Bracelet"},{"floor":9,"key":"Whetstone"},{"floor":11,"key":"WingedGreaves"},{"floor":14,"key":"War Paint"},{"floor":21,"key":"Necronomicon"},{"floor":31,"key":"Molten Egg 2"},{"floor":40,"key":"The Courier"},{"floor":42,"key":"Gambling Chip"},{"floor":47,"key":"Du-Vu Doll"},{"floor":54,"key":"Vajra"}],"event_choices":[{"damage_healed":0,"gold_gain":0,"player_choice":"Take Damage","damage_taken":18,"relics_obtained":["Golden Idol"],"max_hp_gain":0,"max_hp_loss":0,"event_name":"Golden Idol","floor":3,"gold_loss":0},{"damage_healed":0,"gold_gain":0,"player_choice":"Entered Light","damage_taken":15,"max_hp_gain":0,"max_hp_loss":0,"event_name":"Shining Light","floor":4,"gold_loss":0,"cards_upgraded":["Defend_B","Defend_B"]},{"cards_removed":["Strike_B"],"damage_healed":0,"gold_gain":0,"player_choice":"Card Removal","damage_taken":0,"max_hp_gain":0,"max_hp_loss":0,"event_name":"The Cleric","floor":5,"gold_loss":50},{"cards_removed":["Strike_B"],"damage_healed":0,"gold_gain":0,"player_choice":"Took Card","damage_taken":0,"max_hp_gain":0,"max_hp_loss":0,"event_name":"NoteForYourself","floor":10,"gold_loss":0,"cards_obtained":["Strike_G"]},{"damage_healed":0,"gold_gain":0,"player_choice":"Opened","damage_taken":0,"relics_obtained":["Ancient Tea Set"],"max_hp_gain":0,"max_hp_loss":0,"event_name":"The Mausoleum","floor":20,"gold_loss":0,"cards_obtained":["Writhe"]},{"damage_healed":0,"gold_gain":0,"player_choice":"Obtained Book","damage_taken":16,"max_hp_gain":0,"max_hp_loss":0,"event_name":"Cursed Tome","floor":21,"gold_loss":0},{"damage_healed":0,"gold_gain":0,"player_choice":"Ignored","damage_taken":0,"max_hp_gain":0,"max_hp_loss":0,"event_name":"Beggar","floor":30,"gold_loss":0},{"damage_healed":0,"gold_gain":0,"player_choice":"Ignored","damage_taken":0,"max_hp_gain":0,"max_hp_loss":0,"event_name":"Tomb of Lord Red Mask","floor":36,"gold_loss":0},{"damage_healed":0,"gold_gain":0,"player_choice":"Copied","damage_taken":0,"max_hp_gain":0,"max_hp_loss":0,"event_name":"Duplicator","floor":38,"gold_loss":0,"cards_obtained":["White Noise"]},{"damage_healed":0,"gold_gain":0,"player_choice":"Max HP","damage_taken":0,"max_hp_gain":0,"max_hp_loss":4,"event_name":"Winding Halls","floor":39,"gold_loss":0},{"damage_healed":0,"gold_gain":0,"player_choice":"Fight","damage_taken":0,"max_hp_gain":0,"max_hp_loss":0,"event_name":"MindBloom","floor":42,"gold_loss":0}],"is_beta":true,"boss_relics":[{"not_picked":["Inserter","Lizard Tail"],"picked":"Cursed Key"},{"not_picked":["Calling Bell","Coffee Dripper"],"picked":"Empty Cage"}],"items_purged_floors":[8,45],"is_endless":false,"potions_floor_spawned":[2,6,7,18,31,37,41,46,48,54],"killed_by":"The Heart","ascension_level":0}