{"gold_per_floor":[109,34,45,55,72,72,99,115,115,135,149,149,49,49,49,153,153,167,157,157,157,175,203,17,17,17,17,17,116,16,27,27,130,180,197,197,214,214,25,25,0,13,61,161,161,172,172,206,206,206],"floor_reached":50,"playtime":4008,"items_purged":["Strike_B","Strike_B"],"score":515,"play_id":"90144574-e355-4277-b408-cf910e518970","local_time":"20190816140100","is_ascension_mode":true,"campfire_choices":[{"data":"Creative AI","floor":6,"key":"SMITH"},{"floor":12,"key":"REST"},{"floor":15,"key":"RECALL"},{"floor":25,"key":"REST"},{"data":"Storm","floor":27,"key":"SMITH"},{"floor":32,"key":"REST"},{"data":"Apotheosis","floor":40,"key":"SMITH"},{"data":"Seek","floor":45,"key":"SMITH"},{"floor":47,"key":"REST"},{"floor":49,"key":"REST"}],"neow_cost":"TEN_PERCENT_HP_LOSS","seed_source_timestamp":5017640226880,"circlet_count":0,"master_deck":["Strike_B","Strike_B","Defend_B","Defend_B","Defend_B","Defend_B","Zap","Dualcast","Creative AI+1","Conserve Battery","Loop","Steam+1","Turbo","Biased Cognition+1","Amplify","Storm+1","Steam","Steam Power+1","Panache","Defragment","Seek+1","Capacitor","Enlightenment","Apotheosis+1","FTL","Normality","Core Surge"],"relics":["Cracked Core","Omamori","Cursed Key","Centennial Puzzle","Pear","Tiny House","Red Mask","Oddly Smooth Stone","Du-Vu Doll","Dodecahedron"],"potions_floor_usage":[5,7,18,23,31,37,46],"damage_taken":[{"damage":6,"enemies":"Cultist","floor":1,"turns":5},{"damage":10,"enemies":"Small Slimes","floor":3,"turns":3},{"damage":0,"enemies":"Jaw Worm","floor":4,"turns":4},{"damage":0,"enemies":"2 Fungi Beasts","floor":5,"turns":3},{"damage":8,"enemies":"Lagavulin","floor":7,"turns":7},{"damage":0,"enemies":"Large Slime","floor":8,"turns":5},{"damage":7,"enemies":"3 Louse","floor":10,"turns":5},{"damage":2,"enemies":"2 Fungi Beasts","floor":11,"turns":3},{"damage":17,"enemies":"Slime Boss","floor":16,"turns":6},{"damage":0,"enemies":"Spheric Guardian","floor":18,"turns":3},{"damage":24,"enemies":"2 Thieves","floor":19,"turns":4},{"damage":14,"enemies":"Cultist and Chosen","floor":22,"turns":4},{"damage":33,"enemies":"Gremlin Leader","floor":23,"turns":4},{"damage":11,"enemies":"3 Cultists","floor":31,"turns":3},{"damage":4,"enemies":"Automaton","floor":33,"turns":6},{"damage":25,"enemies":"3 Darklings","floor":35,"turns":3},{"damage":3,"enemies":"Orb Walker","floor":37,"turns":2},{"damage":8,"enemies":"4 Shapes","floor":42,"turns":4},{"damage":0,"enemies":"Mind Bloom Boss Battle","floor":44,"turns":3},{"damage":12,"enemies":"Transient","floor":46,"turns":5},{"damage":34,"enemies":"Nemesis","floor":48,"turns":5},{"damage":91,"enemies":"Time Eater","floor":50,"turns":8}],"seed_played":"-8164770407696842571","potions_obtained":[{"floor":4,"key":"Fire Potion"},{"floor":5,"key":"SkillPotion"},{"floor":10,"key":"EssenceOfSteel"},{"floor":16,"key":"FairyPotion"},{"floor":22,"key":"GamblersBrew"},{"floor":31,"key":"SpeedPotion"},{"floor":34,"key":"SpeedPotion"},{"floor":46,"key":"Fire Potion"}],"is_trial":false,"path_per_floor":["M","$","M","M","M","R","E","M","T","M","M","R","$","?","R","B",null,"M","M","?","?","M","E","$","R","T","R","?","?","$","M","R","B",null,"M","?","M","?","$","R","?","M","T","?","R","M","R","E","R","B"],"character_chosen":"DEFECT","items_purchased":["Panache","SkillPotion","Strength Potion","Apotheosis"],"campfire_rested":5,"item_purchase_floors":[24,30,30,39],"current_hp_per_floor":[62,62,52,52,52,52,44,44,44,37,35,55,55,55,55,38,68,68,44,44,68,54,21,21,41,51,51,51,51,51,40,63,59,83,58,58,55,76,76,76,76,68,68,68,68,56,80,46,70,0],"gold":206,"neow_bonus":"THREE_RARE_CARDS","is_prod":false,"is_daily":false,"chose_seed":false,"campfire_upgraded":4,"win_rate":0,"timestamp":1565989260,"path_taken":["M","$","M","M","M","R","E","M","T","M","?","R","$","?","R","BOSS","M","M","?","?","?","E","?","R","T","R","?","?","$","M","R","BOSS","M","?","M","?","$","R","?","M","T","?","R","?","R","E","R","BOSS"],"build_version":"2019-07-17","purchased_purges":2,"victory":false,"max_hp_per_floor":[68,68,68,68,68,68,68,68,68,68,68,68,68,68,68,68,68,68,68,68,68,68,68,68,68,78,78,78,78,78,78,78,78,83,83,83,83,83,83,83,83,83,83,83,83,83,83,83,83,83],"card_choices":[{"not_picked":["Seek","Hyperbeam"],"picked":"Creative AI","floor":0},{"not_picked":["Sweeping Beam","Streamline"],"picked":"Conserve Battery","floor":1},{"not_picked":["Auto Shields","Tempest"],"picked":"Loop","floor":3},{"not_picked":["Auto Shields","Ball Lightning"],"picked":"Steam","floor":4},{"not_picked":["Cold Snap","Coolheaded"],"picked":"Turbo","floor":5},{"not_picked":["Go for the Eyes","Barrage","Coolheaded"],"picked":"SKIP","floor":7},{"not_picked":["Leap","Gash","Cold Snap"],"picked":"SKIP","floor":8},{"not_picked":["Chaos","Turbo","Compile Driver"],"picked":"SKIP","floor":10},{"not_picked":["Hello World","Barrage"],"picked":"Biased Cognition","floor":11},{"not_picked":["Buffer","Electrodynamics"],"picked":"Amplify","floor":16},{"not_picked":["Cold Snap+1","Reprogram"],"picked":"Capacitor","floor":18},{"not_picked":["Leap","Consume"],"picked":"Storm","floor":19},{"not_picked":["Rebound","Leap"],"picked":"Steam","floor":22},{"not_picked":["Coolheaded","Darkness"],"picked":"Steam Power+1","floor":23},{"not_picked":["Chaos","Doom and Gloom"],"picked":"Defragment","floor":31},{"not_picked":["Electrodynamics","Creative AI"],"picked":"Seek","floor":33},{"not_picked":["Coolheaded","Defragment"],"picked":"Capacitor","floor":34},{"not_picked":["Sunder+1","Leap","Loop+1"],"picked":"SKIP","floor":35},{"not_picked":["Dramatic Entrance","Swift Strike"],"picked":"Enlightenment","floor":36},{"not_picked":["Compile Driver","Ball Lightning","Echo Form"],"picked":"SKIP","floor":37},{"not_picked":["Ball Lightning+1","Capacitor"],"picked":"FTL","floor":42},{"not_picked":["Redo+1","Stack","Hologram+1"],"picked":"SKIP","floor":46},{"not_picked":["Conserve Battery","Turbo+1"],"picked":"Core Surge","floor":48}],"player_experience":119839,"relics_obtained":[{"floor":7,"key":"Omamori"},{"floor":23,"key":"Centennial Puzzle"},{"floor":26,"key":"Pear"},{"floor":43,"key":"Oddly Smooth Stone"},{"floor":44,"key":"Du-Vu Doll"},{"floor":48,"key":"Dodecahedron"}],"event_choices":[{"damage_healed":0,"gold_gain":0,"player_choice":"Grow","damage_taken":0,"max_hp_gain":0,"max_hp_loss":0,"event_name":"Living Wall","floor":14,"gold_loss":0,"cards_upgraded":["Biased Cognition"]},{"damage_healed":0,"gold_gain":0,"player_choice":"Ignored","damage_taken":0,"max_hp_gain":0,"max_hp_loss":0,"event_name":"Ghosts","floor":20,"gold_loss":0},{"cards_removed":["Capacitor"],"damage_healed":24,"gold_gain":0,"player_choice":"Offered Uncommon","damage_taken":0,"max_hp_gain":0,"max_hp_loss":0,"event_name":"Bonfire Elementals","floor":21,"gold_loss":0},{"damage_healed":0,"gold_gain":0,"player_choice":"Ignored","damage_taken":0,"max_hp_gain":0,"max_hp_loss":0,"event_name":"Vampires","floor":28,"gold_loss":0},{"damage_healed":0,"gold_gain":99,"player_choice":"Stole From Cult","damage_taken":0,"max_hp_gain":0,"max_hp_loss":0,"event_name":"Nest","floor":29,"gold_loss":0},{"damage_healed":0,"gold_gain":0,"player_choice":"Memory 1","damage_taken":0,"max_hp_gain":0,"max_hp_loss":0,"event_name":"SensoryStone","floor":36,"gold_loss":0},{"damage_healed":21,"gold_gain":0,"player_choice":"Writhe","damage_taken":0,"max_hp_gain":0,"max_hp_loss":0,"event_name":"Winding Halls","floor":38,"gold_loss":0,"cards_obtained":["Writhe"]},{"damage_healed":0,"gold_gain":0,"player_choice":"Paid","damage_taken":0,"relics_obtained":["Red Mask"],"max_hp_gain":0,"max_hp_loss":0,"event_name":"Tomb of Lord Red Mask","floor":41,"gold_loss":25},{"damage_healed":0,"gold_gain":0,"player_choice":"Fight","damage_taken":0,"max_hp_gain":0,"max_hp_loss":0,"event_name":"MindBloom","floor":44,"gold_loss":0}],"is_beta":false,"boss_relics":[{"not_picked":["Orrery","Astrolabe"],"picked":"Cursed Key"},{"not_picked":["Runic Dome","Coffee Dripper"],"picked":"Tiny House"}],"items_purged_floors":[2,13],"is_endless":false,"potions_floor_spawned":[4,5,10,16,22,31,46],"killed_by":"Time Eater","ascension_level":1}