{"gold_per_floor":[209,228,242,69,86,86,86,113,113,133,168,182,52,84,84,155,155,175,186,186,111,111,111,143,43,43,43,78,91,121,150,150,227,227,246,246,196,214,259,259,284,284,331,342,342],"floor_reached":45,"playtime":1937,"items_purged":["Strike_R","Strike_R","Strike_R"],"score":1238,"play_id":"9103ed90-0620-4a83-b9df-7c4ca0d91127","local_time":"20190729231744","is_ascension_mode":true,"campfire_choices":[{"data":"Inflame","floor":6.0,"key":"SMITH"},{"data":"Bash","floor":15.0,"key":"SMITH"},{"floor":23.0,"key":"REST"},{"floor":27.0,"key":"REST"},{"floor":32.0,"key":"REST"},{"floor":42.0,"key":"REST"}],"neow_cost":"NONE","seed_source_timestamp":0,"circlet_count":0,"master_deck":["AscendersBane","Strike_R","Defend_R+1","Defend_R","Defend_R","Defend_R","Bash+1","Pummel","Inflame+1","Armaments+1","Sword Boomerang","Pommel Strike","Offering","Combust+1","Impervious","Corruption+1","Rupture+1","Exhume+1","Immolate","Exhume","Shrug It Off","Inflame+1","Feel No Pain+1","Shrug It Off"],"special_seed":0,"relics":["Burning Blood","Centennial Puzzle","Juzu Bracelet","Kunai","Frozen Egg 2","Singing Bowl","Black Star","Red Skull","Gremlin Horn","Dream Catcher","Sundial","War Paint","Pantograph","Smiling Mask","Red Mask","Velvet Choker","Charon\u0027s Ashes","PreservedInsect","Bottled Lightning"],"potions_floor_usage":[],"damage_taken":[{"damage":19.0,"enemies":"Jaw Worm","floor":1.0,"turns":4.0},{"damage":8.0,"enemies":"2 Louse","floor":2.0,"turns":3.0},{"damage":7.0,"enemies":"Small Slimes","floor":3.0,"turns":4.0},{"damage":14.0,"enemies":"Exordium Thugs","floor":5.0,"turns":7.0},{"damage":8.0,"enemies":"Gremlin Nob","floor":8.0,"turns":3.0},{"damage":14.0,"enemies":"Red Slaver","floor":10.0,"turns":2.0},{"damage":24.0,"enemies":"3 Sentries","floor":11.0,"turns":7.0},{"damage":9.0,"enemies":"2 Fungi Beasts","floor":12.0,"turns":3.0},{"damage":16.0,"enemies":"Lagavulin","floor":14.0,"turns":7.0},{"damage":16.0,"enemies":"Slime Boss","floor":16.0,"turns":6.0},{"damage":22.0,"enemies":"3 Byrds","floor":18.0,"turns":5.0},{"damage":23.0,"enemies":"2 Thieves","floor":19.0,"turns":4.0},{"damage":22.0,"enemies":"Book of Stabbing","floor":24.0,"turns":4.0},{"damage":9.0,"enemies":"Gremlin Leader","floor":28.0,"turns":5.0},{"damage":37.0,"enemies":"Sentry and Sphere","floor":29.0,"turns":5.0},{"damage":11.0,"enemies":"Slavers","floor":30.0,"turns":3.0},{"damage":6.0,"enemies":"Masked Bandits","floor":31.0,"turns":2.0},{"damage":49.0,"enemies":"Champ","floor":33.0,"turns":9.0},{"damage":7.0,"enemies":"Orb Walker","floor":35.0,"turns":3.0},{"damage":13.0,"enemies":"3 Shapes","floor":38.0,"turns":5.0},{"damage":52.0,"enemies":"2 Orb Walkers","floor":39.0,"turns":5.0},{"damage":6.0,"enemies":"Giant Head","floor":41.0,"turns":5.0},{"damage":6.0,"enemies":"Sphere and 2 Shapes","floor":44.0,"turns":4.0},{"damage":48,"enemies":"Nemesis","floor":45,"turns":4}],"seed_played":"-6042593808241788818","potions_obtained":[{"floor":1.0,"key":"EssenceOfSteel"},{"floor":2.0,"key":"Fire Potion"},{"floor":8.0,"key":"Regen Potion"},{"floor":12.0,"key":"Explosive Potion"},{"floor":18.0,"key":"Explosive Potion"},{"floor":29.0,"key":"Energy Potion"},{"floor":30.0,"key":"SteroidPotion"},{"floor":33.0,"key":"SneckoOil"},{"floor":35.0,"key":"SkillPotion"},{"floor":38.0,"key":"Energy Potion"},{"floor":39.0,"key":"Ancient Potion"}],"is_trial":false,"path_per_floor":["M","M","M","$","M","R","?","E","T","M","E","M","$","E","R","B",null,"M","M","?","?","$","R","E","$","T","R","E","M","E","?","R","B",null,"M","?","$","M","?","?","E","R","T","M","E"],"character_chosen":"IRONCLAD","items_purchased":["Centennial Puzzle","PowerPotion"],"campfire_rested":4,"item_purchase_floors":[4,13],"current_hp_per_floor":[55,53,52,52,44,44,44,42,42,34,31,28,28,20,20,10,60,46,29,29,29,29,52,36,36,36,61,58,29,24,26,53,35,74,73,73,73,66,20,20,20,46,46,48,0],"gold":342,"neow_bonus":"HUNDRED_GOLD","is_prod":false,"is_daily":false,"chose_seed":false,"campfire_upgraded":2,"win_rate":0,"timestamp":1564438664,"path_taken":["M","M","M","$","M","R","?","E","T","M","E","M","$","E","R","BOSS","M","M","?","?","?","R","E","$","T","R","E","M","E","?","R","BOSS","M","?","$","M","?","?","E","R","T","M","E"],"build_version":"2019-07-18","purchased_purges":3,"victory":false,"max_hp_per_floor":[75,75,75,75,75,75,75,75,75,75,75,75,75,77,77,77,77,79,79,79,79,79,79,79,79,79,81,81,83,83,85,87,87,87,87,83,83,83,83,83,83,85,85,87,87],"card_choices":[{"not_picked":["Searing Blow","Shrug It Off"],"picked":"Pummel","floor":1.0},{"not_picked":["Twin Strike","Seeing Red"],"picked":"Inflame","floor":2.0},{"not_picked":["Burning Pact","True Grit"],"picked":"Armaments","floor":3.0},{"not_picked":["Rage","Body Slam","True Grit"],"picked":"SKIP","floor":5.0},{"not_picked":["Infernal Blade","Havoc"],"picked":"Sword Boomerang","floor":8.0},{"not_picked":["Flex","Heavy Blade"],"picked":"Pommel Strike","floor":10.0},{"not_picked":["Clash","Combust"],"picked":"Offering","floor":11.0},{"not_picked":["Body Slam","Cleave"],"picked":"Combust+1","floor":12.0},{"not_picked":["Reckless Charge","Dropkick","Burning Pact"],"picked":"Singing Bowl","floor":14.0},{"not_picked":["Brutality+1","Exhume"],"picked":"Impervious","floor":16.0},{"not_picked":["Perfected Strike","Body Slam","Burning Pact"],"picked":"Singing Bowl","floor":18.0},{"not_picked":["Cleave","Disarm"],"picked":"Corruption+1","floor":19.0},{"not_picked":["Warcry+1","Shrug It Off"],"picked":"Rupture+1","floor":24.0},{"not_picked":["Whirlwind","Burning Pact","Twin Strike"],"picked":"Singing Bowl","floor":27.0},{"not_picked":["Metallicize+1","Fire Breathing+1"],"picked":"Exhume","floor":28.0},{"not_picked":["True Grit","Iron Wave","Twin Strike+1"],"picked":"Singing Bowl","floor":29.0},{"not_picked":["Anger","True Grit"],"picked":"Immolate","floor":30.0},{"not_picked":["Reckless Charge","Power Through+1","Twin Strike"],"picked":"Singing Bowl","floor":31.0},{"not_picked":["Metallicize+1","Havoc","Perfected Strike+1"],"picked":"Singing Bowl","floor":32.0},{"not_picked":["Berserk+1","Barricade+1"],"picked":"Exhume","floor":33.0},{"not_picked":["Bloodletting","Armaments"],"picked":"Shrug It Off","floor":35.0},{"not_picked":["Ghostly Armor","Corruption+1"],"picked":"Inflame+1","floor":38.0},{"not_picked":["Sword Boomerang","Spot Weakness"],"picked":"Feel No Pain+1","floor":39.0},{"not_picked":["Headbutt","Berserk+1"],"picked":"Shrug It Off","floor":41.0},{"not_picked":["Iron Wave","Combust+1","Sword Boomerang"],"picked":"Singing Bowl","floor":42.0},{"not_picked":["Armaments","Clash","Flex+1"],"picked":"Singing Bowl","floor":44.0}],"player_experience":2257434,"relics_obtained":[{"floor":8.0,"key":"Juzu Bracelet"},{"floor":9.0,"key":"Kunai"},{"floor":11.0,"key":"Frozen Egg 2"},{"floor":14.0,"key":"Singing Bowl"},{"floor":24.0,"key":"Red Skull"},{"floor":24.0,"key":"Gremlin Horn"},{"floor":26.0,"key":"Dream Catcher"},{"floor":28.0,"key":"Sundial"},{"floor":28.0,"key":"War Paint"},{"floor":30.0,"key":"Pantograph"},{"floor":30.0,"key":"Smiling Mask"},{"floor":31.0,"key":"Red Mask"},{"floor":39.0,"key":"Charon\u0027s Ashes"},{"floor":41.0,"key":"PreservedInsect"},{"floor":41.0,"key":"Bottled Lightning"}],"event_choices":[{"damage_healed":0.0,"max_hp_gain":0.0,"max_hp_loss":0.0,"gold_gain":0.0,"event_name":"Golden Wing","player_choice":"Ignored","floor":7.0,"gold_loss":0.0,"damage_taken":0.0},{"damage_healed":0.0,"max_hp_gain":0.0,"max_hp_loss":0.0,"gold_gain":0.0,"event_name":"The Mausoleum","player_choice":"Ignored","floor":20.0,"gold_loss":0.0,"damage_taken":0.0},{"cards_removed":["Strike_R"],"damage_healed":0.0,"max_hp_gain":0.0,"max_hp_loss":0.0,"gold_gain":0.0,"event_name":"Beggar","player_choice":"Gave Gold","floor":21.0,"gold_loss":75.0,"damage_taken":0.0},{"damage_healed":0.0,"max_hp_gain":0.0,"max_hp_loss":0.0,"gold_gain":0.0,"event_name":"Masked Bandits","player_choice":"Fought Bandits","floor":31.0,"gold_loss":0.0,"damage_taken":0.0},{"damage_healed":0.0,"max_hp_gain":0.0,"max_hp_loss":4.0,"gold_gain":0.0,"event_name":"Winding Halls","player_choice":"Max HP","floor":36.0,"gold_loss":0.0,"damage_taken":0.0},{"damage_healed":0.0,"max_hp_gain":0.0,"max_hp_loss":0.0,"gold_gain":0.0,"event_name":"Mysterious Sphere","player_choice":"Fight","floor":39.0,"gold_loss":0.0,"damage_taken":0.0},{"damage_healed":0.0,"max_hp_gain":0.0,"max_hp_loss":0.0,"gold_gain":0.0,"event_name":"Accursed Blacksmith","player_choice":"Forge","floor":40.0,"gold_loss":0.0,"damage_taken":0.0,"cards_upgraded":["Armaments"]}],"is_beta":true,"boss_relics":[{"not_picked":["Busted Crown","Tiny House"],"picked":"Black Star"},{"not_picked":["Eternal Feather","Coffee Dripper"],"picked":"Velvet Choker"}],"items_purged_floors":[13,25,37],"is_endless":false,"potions_floor_spawned":[1,2,8,10,12,18,29,30,33,35,38,39],"killed_by":"Nemesis","ascension_level":20}