{"gold_per_floor":[119,137,137,27,27,27,68,68,68,84,84,84,157,171,171,296,296,316,346,420,159,177,177,198,248,322,322,336,486,486,506,506,506],"floor_reached":33,"playtime":1252,"items_purged":["Strike_R","Defend_R"],"score":408,"play_id":"1e2a56f7-88fe-49f0-894b-9363b7c512be","local_time":"20190822053913","is_ascension_mode":true,"campfire_choices":[{"data":"Pommel Strike","floor":6,"key":"SMITH"},{"data":"Inflame","floor":12,"key":"SMITH"},{"floor":15,"key":"REST"},{"floor":23,"key":"REST"},{"floor":27,"key":"REST"},{"data":"Double Tap","floor":30,"key":"SMITH"},{"floor":32,"key":"REST"}],"neow_cost":"PERCENT_DAMAGE","seed_source_timestamp":2854410426800,"circlet_count":0,"master_deck":["AscendersBane","Strike_R","Strike_R","Strike_R","Strike_R","Defend_R+1","Defend_R","Bash+1","Shrug It Off","Pommel Strike+1","Inflame+1","Shrug It Off","Shrug It Off","Double Tap+1","Shrug It Off+1","Bludgeon","Sword Boomerang+1","Necronomicurse"],"relics":["Burning Blood","Golden Idol","Kunai","Ancient Tea Set","SsserpentHead","Philosopher\u0027s Stone","Necronomicon","Blue Candle"],"potions_floor_usage":[7,16,16,33,33,33,33],"damage_taken":[{"damage":2,"enemies":"Small Slimes","floor":1,"turns":5},{"damage":6,"enemies":"Jaw Worm","floor":2,"turns":4},{"damage":26,"enemies":"Gremlin Nob","floor":7,"turns":4},{"damage":0,"enemies":"Cultist","floor":10,"turns":3},{"damage":29,"enemies":"Exordium Thugs","floor":13,"turns":5},{"damage":15,"enemies":"Lots of Slimes","floor":14,"turns":6},{"damage":57,"enemies":"Hexaghost","floor":16,"turns":13},{"damage":45,"enemies":"3 Byrds","floor":18,"turns":8},{"damage":0,"enemies":"Chosen","floor":20,"turns":4},{"damage":26,"enemies":"3 Cultists","floor":22,"turns":5},{"damage":18,"enemies":"Shelled Parasite and Fungi","floor":24,"turns":3},{"damage":12,"enemies":"Centurion and Healer","floor":28,"turns":5},{"damage":11,"enemies":"Snake Plant","floor":31,"turns":3},{"damage":66,"enemies":"Automaton","floor":33,"turns":8}],"seed_played":"-3640565930546883921","potions_obtained":[{"floor":2,"key":"Regen Potion"},{"floor":13,"key":"BloodPotion"},{"floor":14,"key":"Energy Potion"},{"floor":18,"key":"EntropicBrew"},{"floor":19,"key":"Ancient Potion"}],"is_trial":false,"path_per_floor":["M","M","?","$","?","R","E","?","T","M","?","R","M","M","R","B",null,"M","?","M","$","M","R","M","?","T","R","M","?","R","M","R","B"],"character_chosen":"IRONCLAD","items_purchased":["Inflame","Bludgeon"],"campfire_rested":4,"item_purchase_floors":[4,21],"current_hp_per_floor":[71,71,71,71,53,53,42,42,42,48,48,48,25,16,42,13,70,31,31,37,37,17,43,31,15,15,41,35,35,35,30,56,0],"gold":506,"neow_bonus":"TWENTY_PERCENT_HP_BONUS","is_prod":false,"is_daily":false,"chose_seed":false,"campfire_upgraded":3,"win_rate":0,"timestamp":1566419953,"path_taken":["M","M","?","$","?","R","E","?","T","M","?","R","?","M","R","BOSS","M","?","?","$","M","R","M","?","T","R","M","?","R","M","R","BOSS"],"build_version":"2019-07-17","purchased_purges":2,"victory":false,"max_hp_per_floor":[96,96,89,89,89,89,89,89,89,89,89,89,89,89,89,89,89,89,89,89,89,89,89,89,89,89,89,89,89,89,89,89,89],"card_choices":[{"not_picked":["Pommel Strike","Cleave"],"picked":"Shrug It Off","floor":1},{"not_picked":["Shrug It Off","Thunderclap"],"picked":"Pommel Strike","floor":2},{"not_picked":["Reckless Charge","Body Slam","Clothesline"],"picked":"SKIP","floor":7},{"not_picked":["Spot Weakness","Flex","Body Slam"],"picked":"SKIP","floor":10},{"not_picked":["Flex","Anger"],"picked":"Shrug It Off","floor":13},{"not_picked":["Cleave","Heavy Blade"],"picked":"Shrug It Off","floor":14},{"not_picked":["Feed","Bludgeon"],"picked":"Double Tap","floor":16},{"not_picked":["Combust","Entrench"],"picked":"Shrug It Off+1","floor":18},{"not_picked":["Havoc+1","Wild Strike","Thunderclap+1"],"picked":"SKIP","floor":20},{"not_picked":["Anger","Headbutt"],"picked":"Sword Boomerang+1","floor":22},{"not_picked":["Armaments","Sword Boomerang","Headbutt"],"picked":"SKIP","floor":24},{"not_picked":["Body Slam+1","Feed","Rupture"],"picked":"SKIP","floor":28},{"not_picked":["Armaments","Wild Strike","Sever Soul"],"picked":"SKIP","floor":31}],"player_experience":163403,"relics_obtained":[{"floor":7,"key":"Kunai"},{"floor":9,"key":"Ancient Tea Set"},{"floor":25,"key":"Necronomicon"},{"floor":26,"key":"Blue Candle"}],"event_choices":[{"damage_healed":0,"gold_gain":0,"player_choice":"Lose Max HP","damage_taken":0,"relics_obtained":["Golden Idol"],"max_hp_gain":0,"max_hp_loss":7,"event_name":"Golden Idol","floor":3,"gold_loss":0},{"damage_healed":0,"gold_gain":0,"player_choice":"Entered Light","damage_taken":18,"max_hp_gain":0,"max_hp_loss":0,"event_name":"Shining Light","floor":5,"gold_loss":0,"cards_upgraded":["Bash","Defend_R"]},{"cards_removed":["Defend_R"],"damage_healed":0,"gold_gain":0,"player_choice":"Forget","damage_taken":0,"max_hp_gain":0,"max_hp_loss":0,"event_name":"Living Wall","floor":8,"gold_loss":0},{"damage_healed":0,"gold_gain":0,"player_choice":"Trade","damage_taken":0,"relics_obtained":["SsserpentHead"],"max_hp_gain":0,"max_hp_loss":0,"event_name":"FaceTrader","floor":11,"gold_loss":0},{"damage_healed":0,"gold_gain":0,"player_choice":"Bought 1 Potion","damage_taken":0,"max_hp_gain":0,"max_hp_loss":0,"event_name":"The Woman in Blue","floor":19,"gold_loss":0},{"damage_healed":0,"gold_gain":0,"player_choice":"Obtained Book","damage_taken":16,"max_hp_gain":0,"max_hp_loss":0,"event_name":"Cursed Tome","floor":25,"gold_loss":0},{"damage_healed":0,"gold_gain":100,"player_choice":"Pray","damage_taken":0,"max_hp_gain":0,"max_hp_loss":0,"event_name":"Golden Shrine","floor":29,"gold_loss":0}],"is_beta":false,"boss_relics":[{"not_picked":["White Beast Statue","Astrolabe"],"picked":"Philosopher\u0027s Stone"}],"items_purged_floors":[4,21],"is_endless":false,"potions_floor_spawned":[2,13,14,18,24],"killed_by":"Automaton","ascension_level":11}