{"gold_per_floor":[20,20,37,47,65,65,90,90,90,115,115,129,149,180,180,180],"floor_reached":16,"playtime":1184,"items_purged":[],"score":189,"play_id":"2f1cc636-32fa-4c96-82a0-0c49a706f00b","local_time":"20190817191103","is_ascension_mode":true,"campfire_choices":[{"data":"Fusion","floor":6,"key":"SMITH"},{"floor":8,"key":"REST"},{"data":"Barrage","floor":11,"key":"SMITH"},{"data":"Blizzard","floor":15,"key":"SMITH"}],"neow_cost":"NO_GOLD","seed_source_timestamp":351142431965442,"circlet_count":0,"master_deck":["AscendersBane","Strike_B","Strike_B","Strike_B","Strike_B","Defend_B","Defend_B","Defend_B","Defend_B","Zap","Dualcast","Core Surge","Sweeping Beam","Rip and Tear","Fusion+1","Barrage+1","Glacier","Hologram","Cold Snap","Undo+1","Conserve Battery+1","Blizzard+1"],"relics":["Cracked Core","PreservedInsect","Bottled Flame","Toxic Egg 2","Mummified Hand"],"potions_floor_usage":[5,10,16],"damage_taken":[{"damage":0,"enemies":"2 Louse","floor":1,"turns":3},{"damage":0,"enemies":"Cultist","floor":3,"turns":2},{"damage":0,"enemies":"Small Slimes","floor":4,"turns":2},{"damage":6,"enemies":"Exordium Thugs","floor":5,"turns":3},{"damage":30,"enemies":"Lagavulin","floor":7,"turns":7},{"damage":1,"enemies":"3 Sentries","floor":10,"turns":4},{"damage":0,"enemies":"Blue Slaver","floor":12,"turns":3},{"damage":5,"enemies":"3 Louse","floor":13,"turns":3},{"damage":2,"enemies":"Lagavulin","floor":14,"turns":6},{"damage":51,"enemies":"Slime Boss","floor":16,"turns":8}],"seed_played":"3493163898847763074","potions_obtained":[{"floor":3,"key":"SteroidPotion"},{"floor":4,"key":"Energy Potion"},{"floor":10,"key":"Dexterity Potion"},{"floor":13,"key":"LiquidBronze"}],"is_trial":false,"path_per_floor":["M","?","M","M","M","R","E","R","T","E","R","M","M","E","R","B"],"character_chosen":"DEFECT","items_purchased":[],"campfire_rested":1,"item_purchase_floors":[],"current_hp_per_floor":[68,68,68,68,62,62,32,54,54,53,53,53,48,46,46,0],"gold":180,"neow_bonus":"THREE_RARE_CARDS","is_prod":false,"is_daily":false,"chose_seed":false,"campfire_upgraded":3,"win_rate":0,"timestamp":1566094263,"path_taken":["M","?","M","?","M","R","E","R","T","E","R","M","M","E","R","BOSS"],"build_version":"2019-07-17","purchased_purges":0,"victory":false,"max_hp_per_floor":[75,75,75,75,75,75,75,75,75,75,75,75,75,75,75,75],"card_choices":[{"not_picked":["Meteor Strike","Multi-Cast"],"picked":"Core Surge","floor":0},{"not_picked":["Gash","Double Energy"],"picked":"Sweeping Beam","floor":1},{"not_picked":["Skim","Rip and Tear"],"picked":"Fusion","floor":3},{"not_picked":["Gash","Streamline"],"picked":"Barrage","floor":4},{"not_picked":["Gash","Beam Cell"],"picked":"Glacier","floor":5},{"not_picked":["Sweeping Beam","Stack"],"picked":"Hologram","floor":7},{"not_picked":["Force Field","Leap"],"picked":"Cold Snap","floor":10},{"not_picked":["BootSequence+1","Multi-Cast+1"],"picked":"Undo+1","floor":12},{"not_picked":["Steam Power+1","Turbo+1"],"picked":"Conserve Battery+1","floor":13},{"not_picked":["Lockon","Heatsinks"],"picked":"Blizzard","floor":14}],"player_experience":624059,"relics_obtained":[{"floor":7,"key":"PreservedInsect"},{"floor":9,"key":"Bottled Flame"},{"floor":10,"key":"Toxic Egg 2"},{"floor":14,"key":"Mummified Hand"}],"event_choices":[{"damage_healed":0,"gold_gain":0,"player_choice":"1 cards matched","damage_taken":0,"max_hp_gain":0,"max_hp_loss":0,"event_name":"Match and Keep!","floor":2,"gold_loss":0,"cards_obtained":["Rip and Tear"]}],"is_beta":false,"boss_relics":[],"items_purged_floors":[],"is_endless":false,"potions_floor_spawned":[3,4,10,13],"killed_by":"Slime Boss","ascension_level":11}