{"gold_per_floor":[119,194,194,207,276,303,319,319,319,334,334,380,395,406,406,503,503,523,523,523,540,363,392,392,392,418,436,469,514,525,539,539,539],"floor_reached":33,"playtime":2618,"items_purged":[],"score":312,"play_id":"4c573108-3969-4425-88ee-70ef339cbad1","local_time":"20190628025907","is_ascension_mode":false,"campfire_choices":[{"floor":8.0,"key":"REST"},{"floor":15,"key":"REST"},{"floor":24,"key":"REST"},{"floor":32,"key":"REST"}],"neow_cost":"NONE","seed_source_timestamp":146255234651000,"circlet_count":0,"master_deck":["Defend_G","Defend_G","Defend_G","Defend_G","Defend_G","Strike_G","Strike_G","Strike_G","Strike_G","Strike_G","Survivor","Neutralize","Blade Dance","Calculated Gamble","Blade Dance","Flying Knee","Poisoned Stab","Glass Knife","Quick Slash","Phantasmal Killer","Infinite Blades","RitualDagger","Dagger Throw","Secret Weapon","Sucker Punch","Ghostly","Ghostly","Ghostly","Ghostly","Ghostly","Flying Knee","Finisher+1","Choke","Dagger Spray"],"special_seed":0,"relics":["Ring of the Snake","Oddly Smooth Stone","Bottled Flame","Vajra","Matryoshka","Ancient Tea Set","Pen Nib","Runic Pyramid","Bag of Preparation","Mango","Lantern","Blood Vial","Meat on the Bone","Bronze Scales"],"potions_floor_usage":[16,28,28,31,33],"damage_taken":[{"damage":0.0,"enemies":"Jaw Worm","floor":1.0,"turns":6.0},{"damage":0.0,"enemies":"Small Slimes","floor":4.0,"turns":3.0},{"damage":45.0,"enemies":"3 Sentries","floor":6.0,"turns":11.0},{"damage":0.0,"enemies":"Cultist","floor":7.0,"turns":4.0},{"damage":7,"enemies":"Lots of Slimes","floor":10,"turns":4},{"damage":13,"enemies":"Large Slime","floor":13,"turns":6},{"damage":3,"enemies":"Exordium Thugs","floor":14,"turns":3},{"damage":25,"enemies":"Hexaghost","floor":16,"turns":8},{"damage":12,"enemies":"2 Thieves","floor":18,"turns":4},{"damage":0,"enemies":"Chosen","floor":21,"turns":3},{"damage":53,"enemies":"Book of Stabbing","floor":23,"turns":6},{"damage":12,"enemies":"Snake Plant","floor":27,"turns":3},{"damage":4,"enemies":"Gremlin Leader","floor":28,"turns":4},{"damage":8,"enemies":"Chosen and Byrds","floor":30,"turns":5},{"damage":2,"enemies":"3 Cultists","floor":31,"turns":3},{"damage":43,"enemies":"Automaton","floor":33,"turns":6}],"seed_played":"-719640407902958530","potions_obtained":[{"floor":4.0,"key":"EntropicBrew"},{"floor":6.0,"key":"Weak Potion"},{"floor":14,"key":"Fire Potion"},{"floor":16,"key":"Explosive Potion"},{"floor":23,"key":"EssenceOfSteel"},{"floor":28,"key":"Ancient Potion"},{"floor":31,"key":"GhostInAJar"}],"is_trial":false,"path_per_floor":["M","?","?","M","T","E","M","R","T","M","$","T","M","M","R","B",null,"M","?","T","M","$","E","R","?","T","M","E","T","M","M","R","B"],"character_chosen":"THE_SILENT","items_purchased":["Secret Weapon"],"campfire_rested":4,"item_purchase_floors":[22],"current_hp_per_floor":[77,66,59,59,59,14,14,37,37,30,30,30,17,14,37,12,77,65,59,73,73,73,20,47,45,45,33,31,31,25,25,38,0],"gold":539,"neow_bonus":"TEN_PERCENT_HP_BONUS","is_prod":false,"is_daily":false,"chose_seed":false,"campfire_upgraded":0,"win_rate":0.0,"timestamp":1561658347,"path_taken":["M","?","?","?","?","E","M","R","T","?","$","?","?","M","R","BOSS","M","?","?","M","$","E","R","?","T","M","E","?","M","?","R","BOSS"],"build_version":"2019-01-23","purchased_purges":0,"victory":false,"max_hp_per_floor":[77,77,77,77,77,77,77,77,77,77,77,77,77,77,77,77,77,77,77,91,91,91,91,91,45,45,45,45,45,45,45,45,45],"card_choices":[{"not_picked":["Flying Knee","Dagger Throw"],"picked":"Blade Dance","floor":1.0},{"not_picked":["Crippling Poison","PiercingWail"],"picked":"Calculated Gamble","floor":4.0},{"not_picked":["Blur","Flechettes"],"picked":"Blade Dance","floor":6.0},{"not_picked":["Leg Sweep","Poisoned Stab"],"picked":"Flying Knee","floor":7.0},{"not_picked":["Footwork","PiercingWail"],"picked":"Poisoned Stab","floor":10},{"not_picked":["Acrobatics","Dagger Spray"],"picked":"Glass Knife","floor":13},{"not_picked":["Underhanded Strike","Outmaneuver"],"picked":"Quick Slash","floor":14},{"not_picked":["Adrenaline","Bullet Time"],"picked":"Phantasmal Killer","floor":16},{"not_picked":["Distraction+1","Backflip"],"picked":"Infinite Blades","floor":18},{"not_picked":["Poisoned Stab+1","Skewer"],"picked":"Dagger Throw","floor":21},{"not_picked":["Calculated Gamble","Caltrops"],"picked":"Sucker Punch","floor":23},{"not_picked":["Distraction","Dagger Throw+1"],"picked":"Flying Knee","floor":27},{"not_picked":["Bouncing Flask","Sucker Punch+1"],"picked":"Finisher+1","floor":28},{"not_picked":["Flying Knee","Reflex"],"picked":"Choke","floor":30},{"not_picked":["Crippling Poison","Noxious Fumes"],"picked":"Dagger Spray","floor":31}],"player_experience":4752,"relics_obtained":[{"floor":5.0,"key":"Bottled Flame"},{"floor":6.0,"key":"Vajra"},{"floor":9.0,"key":"Matryoshka"},{"floor":12,"key":"Ancient Tea Set"},{"floor":12,"key":"Pen Nib"},{"floor":20,"key":"Bag of Preparation"},{"floor":20,"key":"Mango"},{"floor":23,"key":"Lantern"},{"floor":26,"key":"Blood Vial"},{"floor":28,"key":"Meat on the Bone"},{"floor":29,"key":"Bronze Scales"}],"event_choices":[{"damage_healed":0.0,"max_hp_gain":0.0,"max_hp_loss":0.0,"gold_gain":75.0,"event_name":"World of Goop","player_choice":"Gather Gold","floor":2.0,"gold_loss":0.0,"damage_taken":11.0},{"damage_healed":0.0,"max_hp_gain":0.0,"max_hp_loss":0.0,"gold_gain":0.0,"event_name":"Scrap Ooze","player_choice":"Success","floor":3.0,"gold_loss":0.0,"damage_taken":7.0,"relics_obtained":["Oddly Smooth Stone"]},{"damage_healed":0,"gold_gain":0,"player_choice":"Joined the Cult","damage_taken":6,"max_hp_gain":0,"max_hp_loss":0,"event_name":"Nest","floor":19,"gold_loss":0,"cards_obtained":["RitualDagger"]},{"damage_healed":0,"gold_gain":0,"player_choice":"Became a Ghost","damage_taken":0,"max_hp_gain":0,"max_hp_loss":46,"event_name":"Ghosts","floor":25,"gold_loss":0,"cards_obtained":["Ghostly","Ghostly","Ghostly","Ghostly","Ghostly"]}],"is_beta":false,"boss_relics":[{"not_picked":["HoveringKite","Ring of the Serpent"],"picked":"Runic Pyramid"}],"items_purged_floors":[],"is_endless":false,"potions_floor_spawned":[4,6,14,16,23,27,28,31],"killed_by":"Automaton","ascension_level":0}