{"gold_per_floor":[99,99,99,99,99,99,99,99,99,99,84,34,34,34,34,34,34,34,0,0,0,0,0,0,0,0,0,0,0,0,0,0,0,0,0,0,0,0,0,0,0,0,0,0,0,0,0],"floor_reached":47,"playtime":2990,"items_purged":[],"score":685,"play_id":"f4b671ae-a2a1-4b82-a2d4-f07e0a71f815","local_time":"20190818115141","is_ascension_mode":true,"campfire_choices":[{"floor":7,"key":"REST"},{"floor":15,"key":"REST"},{"data":"Flex","floor":23,"key":"SMITH"},{"floor":25,"key":"REST"},{"data":"Limit Break","floor":32,"key":"SMITH"},{"data":"Metallicize","floor":40,"key":"SMITH"},{"floor":42,"key":"RECALL"}],"neow_cost":"NONE","seed_source_timestamp":244235633694751,"circlet_count":0,"master_deck":["Strike_R","Strike_R","Strike_R","Defend_R","Defend_R","Defend_R","Bash","Thunderclap","Iron Wave","Armaments+1","Flex+1","Headbutt+1","Metallicize+1","Uppercut+1","Hemokinesis+1","Reaper+1","Metallicize","Headbutt+1","Rupture+1","Flame Barrier","Fiend Fire+1","Intimidate","Pain","Limit Break+1","Parasite","Iron Wave+1","Pommel Strike+1","Offering","Shockwave+1","Rupture+1","Flame Barrier+1","Writhe","Parasite","True Grit+1"],"relics":["Ectoplasm","Molten Egg 2","Centennial Puzzle","Strawberry","Smiling Mask","Cursed Key","Regal Pillow","Blood Vial","Sundial","Runic Cube","Anchor","Dream Catcher","Bottled Lightning"],"potions_floor_usage":[8,8,29,30,31,47],"damage_taken":[{"damage":0,"enemies":"2 Louse","floor":1,"turns":2},{"damage":1,"enemies":"Cultist","floor":2,"turns":3},{"damage":2,"enemies":"Jaw Worm","floor":3,"turns":3},{"damage":12,"enemies":"Exordium Thugs","floor":4,"turns":5},{"damage":3,"enemies":"Large Slime","floor":5,"turns":6},{"damage":39,"enemies":"Lagavulin","floor":6,"turns":6},{"damage":17,"enemies":"Gremlin Nob","floor":8,"turns":4},{"damage":3,"enemies":"Looter","floor":11,"turns":2},{"damage":10,"enemies":"Lagavulin","floor":13,"turns":5},{"damage":13,"enemies":"Hexaghost","floor":16,"turns":8},{"damage":2,"enemies":"Spheric Guardian","floor":18,"turns":3},{"damage":16,"enemies":"2 Thieves","floor":19,"turns":3},{"damage":4,"enemies":"3 Cultists","floor":20,"turns":6},{"damage":28,"enemies":"Shelled Parasite and Fungi","floor":21,"turns":4},{"damage":20,"enemies":"Sentry and Sphere","floor":22,"turns":8},{"damage":19,"enemies":"Book of Stabbing","floor":27,"turns":4},{"damage":12,"enemies":"Chosen and Byrds","floor":29,"turns":4},{"damage":20,"enemies":"3 Cultists","floor":30,"turns":5},{"damage":14,"enemies":"Slavers","floor":31,"turns":2},{"damage":60,"enemies":"Automaton","floor":33,"turns":7},{"damage":6,"enemies":"Orb Walker","floor":35,"turns":3},{"damage":20,"enemies":"3 Darklings","floor":36,"turns":2},{"damage":32,"enemies":"Spire Growth","floor":37,"turns":4},{"damage":14,"enemies":"Giant Head","floor":41,"turns":4},{"damage":19,"enemies":"Writhing Mass","floor":44,"turns":4},{"damage":23,"enemies":"Transient","floor":46,"turns":5},{"damage":61,"enemies":"Reptomancer","floor":47,"turns":2}],"seed_played":"-7708511619910463231","potions_obtained":[{"floor":1,"key":"FearPotion"},{"floor":5,"key":"Poison Potion"},{"floor":8,"key":"Strength Potion"},{"floor":11,"key":"Poison Potion"},{"floor":13,"key":"Fire Potion"},{"floor":18,"key":"Swift Potion"},{"floor":31,"key":"LiquidBronze"},{"floor":35,"key":"EssenceOfSteel"},{"floor":41,"key":"Weak Potion"}],"is_trial":false,"path_per_floor":["M","M","M","M","M","E","R","E","T","?","M","?","E","?","R","B",null,"M","M","M","M","M","R","?","R","T","E","T","M","M","E","R","B",null,"M","M","M","?","?","R","E","R","T","M","$","M","E"],"character_chosen":"IRONCLAD","items_purchased":[],"campfire_rested":3,"item_purchase_floors":[],"current_hp_per_floor":[80,79,77,65,62,23,47,30,37,37,34,34,24,24,50,37,87,85,69,80,52,32,32,32,58,58,48,48,38,32,52,52,36,87,81,63,48,48,48,48,36,36,36,29,29,26,0],"gold":0,"neow_bonus":"BOSS_RELIC","is_prod":false,"is_daily":false,"chose_seed":false,"campfire_upgraded":3,"win_rate":0,"timestamp":1566118301,"path_taken":["M","M","M","M","M","E","R","E","T","?","M","?","E","?","R","BOSS","M","M","M","M","M","R","?","R","T","E","?","?","M","E","R","BOSS","M","M","M","?","?","R","E","R","T","M","$","M","E"],"build_version":"2019-07-17","purchased_purges":0,"victory":false,"max_hp_per_floor":[80,80,80,80,80,80,80,80,87,87,87,87,87,87,87,87,87,87,87,87,87,87,87,87,87,87,87,87,87,87,87,87,87,87,87,87,87,87,87,87,87,87,87,87,87,87,87],"card_choices":[{"not_picked":["Pummel","Anger"],"picked":"Evolve","floor":1},{"not_picked":["Warcry","Blood for Blood"],"picked":"Thunderclap","floor":2},{"not_picked":["Flame Barrier","Burning Pact"],"picked":"Iron Wave","floor":3},{"not_picked":["Flex","Iron Wave"],"picked":"Armaments","floor":4},{"not_picked":["Clash","Shockwave"],"picked":"Flex","floor":5},{"not_picked":["Whirlwind","Thunderclap"],"picked":"Headbutt","floor":6},{"not_picked":["Feed+1","Warcry"],"picked":"Metallicize","floor":8},{"not_picked":["Clash+1","Flex"],"picked":"Uppercut+1","floor":11},{"not_picked":["Brutality","Bloodletting"],"picked":"Hemokinesis+1","floor":13},{"not_picked":["Bludgeon+1","Barricade"],"picked":"Reaper+1","floor":16},{"not_picked":["Feel No Pain","Flex"],"picked":"Metallicize","floor":18},{"not_picked":["Body Slam+1","Entrench"],"picked":"Headbutt+1","floor":19},{"not_picked":["Wild Strike+1","Fire Breathing+1"],"picked":"Rupture+1","floor":20},{"not_picked":["Infernal Blade","Sword Boomerang+1"],"picked":"Flame Barrier","floor":21},{"not_picked":["Armaments","Evolve","Flex"],"picked":"SKIP","floor":22},{"not_picked":["Headbutt+1","Havoc"],"picked":"Limit Break","floor":27},{"not_picked":["Sword Boomerang+1","Warcry+1","Thunderclap+1"],"picked":"SKIP","floor":29},{"not_picked":["Anger+1","True Grit"],"picked":"Iron Wave+1","floor":30},{"not_picked":["Perfected Strike+1","Brutality"],"picked":"Pommel Strike+1","floor":31},{"not_picked":["Brutality","Exhume"],"picked":"Offering","floor":33},{"not_picked":["Shrug It Off+1","Iron Wave+1"],"picked":"Shockwave+1","floor":35},{"not_picked":["Flex","Havoc","Iron Wave+1"],"picked":"SKIP","floor":36},{"not_picked":["Flex","Sword Boomerang+1"],"picked":"Rupture+1","floor":37},{"not_picked":["Clash+1","Dark Embrace"],"picked":"Flame Barrier+1","floor":41},{"not_picked":["Infernal Blade+1","Thunderclap+1","Flame Barrier"],"picked":"SKIP","floor":44},{"not_picked":["Spot Weakness+1","Shrug It Off+1"],"picked":"True Grit+1","floor":46}],"player_experience":189975,"relics_obtained":[{"floor":6,"key":"Molten Egg 2"},{"floor":8,"key":"Centennial Puzzle"},{"floor":9,"key":"Strawberry"},{"floor":13,"key":"Smiling Mask"},{"floor":27,"key":"Regal Pillow"},{"floor":28,"key":"Blood Vial"},{"floor":31,"key":"Sundial"},{"floor":39,"key":"Anchor"},{"floor":41,"key":"Dream Catcher"},{"floor":43,"key":"Bottled Lightning"}],"event_choices":[{"damage_healed":0,"gold_gain":0,"player_choice":"Ignored","damage_taken":0,"max_hp_gain":0,"max_hp_loss":0,"event_name":"Liars Game","floor":10,"gold_loss":0},{"cards_removed":["Strike_R"],"damage_healed":0,"gold_gain":0,"player_choice":"Card Removal","damage_taken":0,"max_hp_gain":0,"max_hp_loss":0,"event_name":"The Cleric","floor":12,"gold_loss":50},{"damage_healed":0,"gold_gain":0,"player_choice":"Upgraded","damage_taken":0,"max_hp_gain":0,"max_hp_loss":0,"event_name":"Upgrade Shrine","floor":14,"gold_loss":0,"cards_upgraded":["Armaments"]},{"damage_healed":0,"gold_gain":0,"cards_transformed":["Strike_R","Defend_R"],"player_choice":"Became Test Subject","damage_taken":0,"max_hp_gain":0,"max_hp_loss":0,"event_name":"Drug Dealer","floor":24,"gold_loss":0,"cards_obtained":["Fiend Fire","Intimidate"]},{"cards_removed":["Evolve"],"damage_healed":0,"gold_gain":0,"player_choice":"Removed Power","damage_taken":0,"max_hp_gain":0,"max_hp_loss":0,"event_name":"Falling","floor":38,"gold_loss":0},{"damage_healed":0,"gold_gain":0,"player_choice":"Relic","damage_taken":0,"max_hp_gain":0,"max_hp_loss":0,"event_name":"Wheel of Change","floor":39,"gold_loss":0}],"is_beta":false,"boss_relics":[{"not_picked":["Calling Bell","Runic Dome"],"picked":"Cursed Key"},{"not_picked":["Tiny House","Velvet Choker"],"picked":"Runic Cube"}],"items_purged_floors":[],"is_endless":false,"potions_floor_spawned":[1,5,8,11,13,18,21,22,31,35,41,46],"killed_by":"Reptomancer","ascension_level":4}