{"gold_per_floor":[119,44,60,60,60,60,86,86,109,127,51,85,85,103,103,181,181,197,197,26,26,26,52,52,52,52,72,72,85,85,85,85,161,161,177,192,192,192,210,210,245,245,245,262,40,70,87,87,87,87,87,87,87,32,58,58],"floor_reached":56,"playtime":2542,"items_purged":["Strike_R"],"score":1808,"play_id":"7ddd3b97-f257-4987-829d-58317d3799cd","local_time":"20190706131645","is_ascension_mode":true,"campfire_choices":[{"data":"Bash","floor":6.0,"key":"SMITH"},{"data":"Battle Trance","floor":8.0,"key":"SMITH"},{"floor":13.0,"key":"REST"},{"data":"Inflame","floor":15.0,"key":"SMITH"},{"floor":24.0,"key":"REST"},{"data":"Inflame","floor":28.0,"key":"SMITH"},{"data":"Sword Boomerang","floor":30.0,"key":"SMITH"},{"data":"Metallicize","floor":32.0,"key":"SMITH"},{"data":"True Grit","floor":40.0,"key":"SMITH"},{"floor":42.0,"key":"RECALL"},{"floor":49.0,"key":"REST"},{"floor":53.0,"key":"REST"}],"neow_cost":"PERCENT_DAMAGE","seed_source_timestamp":0,"circlet_count":0,"master_deck":["AscendersBane","Strike_R","Strike_R","Defend_R","Defend_R","Defend_R","Defend_R","Bash+1","Rampage","Battle Trance+1","Metallicize+1","Sword Boomerang+1","Inflame+1","Inflame+1","Battle Trance","Feed","Shockwave","Ghostly","Ghostly","Ghostly","Whirlwind+1","Flame Barrier","Juggernaut","True Grit+1","Heavy Blade+1","Armaments+1","Disarm","Spot Weakness+1","Flame Barrier+1"],"special_seed":0,"relics":["Burning Blood","Gremlin Horn","Omamori","Potion Belt","Art of War","Cursed Key","Pen Nib","Unceasing Top","Bronze Scales","Snecko Eye","Vajra","TheAbacus","Pear","Paper Frog"],"potions_floor_usage":[56,56,56,56,56,56,56,56],"damage_taken":[{"damage":5.0,"enemies":"Small Slimes","floor":1.0,"turns":4.0},{"damage":14.0,"enemies":"Jaw Worm","floor":3.0,"turns":4.0},{"damage":32.0,"enemies":"Gremlin Nob","floor":7.0,"turns":4.0},{"damage":0.0,"enemies":"Cultist","floor":10.0,"turns":3.0},{"damage":28.0,"enemies":"3 Sentries","floor":12.0,"turns":8.0},{"damage":9.0,"enemies":"3 Louse","floor":14.0,"turns":4.0},{"damage":35.0,"enemies":"Slime Boss","floor":16.0,"turns":8.0},{"damage":16.0,"enemies":"Spheric Guardian","floor":18.0,"turns":4.0},{"damage":47.0,"enemies":"Slavers","floor":23.0,"turns":8.0},{"damage":0.0,"enemies":"3 Byrds","floor":27.0,"turns":3.0},{"damage":0.0,"enemies":"Snecko","floor":29.0,"turns":3.0},{"damage":23.0,"enemies":"Collector","floor":33.0,"turns":6.0},{"damage":0.0,"enemies":"3 Shapes","floor":35.0,"turns":5.0},{"damage":0.0,"enemies":"3 Darklings","floor":36.0,"turns":3.0},{"damage":0.0,"enemies":"Spire Growth","floor":39.0,"turns":4.0},{"damage":28.0,"enemies":"Reptomancer","floor":41.0,"turns":5.0},{"damage":7.0,"enemies":"Maw","floor":44.0,"turns":6.0},{"damage":3.0,"enemies":"Nemesis","floor":46.0,"turns":5.0},{"damage":7.0,"enemies":"Jaw Worm Horde","floor":47.0,"turns":5.0},{"damage":19.0,"enemies":"Time Eater","floor":50.0,"turns":8.0},{"damage":62.0,"enemies":"Donu and Deca","floor":51.0,"turns":9.0},{"damage":32.0,"enemies":"Shield and Spear","floor":55.0,"turns":9.0},{"damage":77,"enemies":"The Heart","floor":56,"turns":8}],"seed_played":"5338038034351494124","potions_obtained":[{"floor":1.0,"key":"SkillPotion"},{"floor":23.0,"key":"PowerPotion"},{"floor":25.0,"key":"PowerPotion"},{"floor":25.0,"key":"EntropicBrew"},{"floor":29.0,"key":"Regen Potion"},{"floor":35.0,"key":"GamblersBrew"},{"floor":39.0,"key":"PowerPotion"},{"floor":44.0,"key":"SpeedPotion"},{"floor":55.0,"key":"Ancient Potion"}],"is_trial":false,"path_per_floor":["M","$","M","?","T","R","E","R","T","M","$","E","R","M","R","B",null,"M","?","$","?","?","E","R","?","T","M","R","M","R","?","R","B",null,"M","M","?","?","M","R","E","R","T","M","$","E","M","$","R","B","B",null,"R","$","E","B"],"character_chosen":"IRONCLAD","items_purchased":["Inflame","Pen Nib","TheAbacus","PowerPotion"],"campfire_rested":4,"item_purchase_floors":[11,20,45,54],"current_hp_per_floor":[65,65,57,57,57,57,31,31,31,37,37,15,41,38,38,9,69,62,62,62,62,46,8,22,22,22,31,31,37,37,24,24,25,51,60,63,63,63,63,63,41,41,41,40,40,57,60,60,81,72,16,68,85,85,59,0],"gold":58,"neow_bonus":"TWENTY_PERCENT_HP_BONUS","is_prod":false,"is_daily":false,"chose_seed":false,"campfire_upgraded":7,"win_rate":0,"timestamp":1562415405,"path_taken":["M","$","M","?","?","R","E","R","T","?","$","E","R","M","R","BOSS","M","?","$","?","?","E","R","?","T","?","R","M","R","?","R","BOSS","M","M","?","?","M","R","E","R","T","?","$","E","M","$","R","BOSS","BOSS","R","$","E","BOSS"],"build_version":"2019-07-03","purchased_purges":1,"victory":false,"max_hp_per_floor":[89,89,89,89,89,89,89,89,89,89,89,89,89,89,89,89,89,92,92,92,92,46,49,49,49,49,52,52,52,52,57,57,60,60,63,63,63,63,63,63,63,63,63,63,63,77,81,81,81,85,85,85,85,85,85,85],"card_choices":[{"not_picked":["Hemokinesis","Armaments"],"picked":"Rampage","floor":1.0},{"not_picked":["Armaments","Heavy Blade"],"picked":"Battle Trance","floor":3.0},{"not_picked":["Dropkick","Shrug It Off"],"picked":"Metallicize","floor":7.0},{"not_picked":["Pummel","Wild Strike"],"picked":"Sword Boomerang","floor":10.0},{"not_picked":["Rampage","Searing Blow"],"picked":"Inflame","floor":12.0},{"not_picked":["Dual Wield","Havoc"],"picked":"Battle Trance","floor":14.0},{"not_picked":["Berserk","Brutality"],"picked":"Feed","floor":16.0},{"not_picked":["Iron Wave","Sword Boomerang+1"],"picked":"Shockwave","floor":18.0},{"not_picked":["Pommel Strike","Bloodletting"],"picked":"Whirlwind+1","floor":23.0},{"not_picked":["Berserk","Cleave","Anger+1"],"picked":"SKIP","floor":27.0},{"not_picked":["Clash","Heavy Blade"],"picked":"Flame Barrier","floor":29.0},{"not_picked":["Dark Embrace","Feed"],"picked":"Juggernaut","floor":33.0},{"not_picked":["Dual Wield","Iron Wave","Body Slam+1"],"picked":"SKIP","floor":35.0},{"not_picked":["Bloodletting","Blood for Blood"],"picked":"True Grit","floor":36.0},{"not_picked":["Cleave","Iron Wave"],"picked":"Heavy Blade+1","floor":39.0},{"not_picked":["Berserk","True Grit"],"picked":"Armaments+1","floor":41.0},{"not_picked":["Twin Strike+1","Intimidate","Entrench"],"picked":"SKIP","floor":44.0},{"not_picked":["Uppercut","Clothesline"],"picked":"Disarm","floor":46.0},{"not_picked":["Heavy Blade","Twin Strike"],"picked":"Spot Weakness+1","floor":47.0},{"not_picked":["Wild Strike","Immolate"],"picked":"Flame Barrier+1","floor":55.0}],"player_experience":2176981,"relics_obtained":[{"floor":5.0,"key":"Gremlin Horn"},{"floor":7.0,"key":"Omamori"},{"floor":9.0,"key":"Potion Belt"},{"floor":12.0,"key":"Art of War"},{"floor":23.0,"key":"Bronze Scales"},{"floor":41.0,"key":"Vajra"},{"floor":46.0,"key":"Pear"},{"floor":55.0,"key":"Paper Frog"}],"event_choices":[{"damage_healed":0.0,"max_hp_gain":0.0,"max_hp_loss":0.0,"gold_gain":0.0,"event_name":"Liars Game","player_choice":"Ignored","floor":4.0,"gold_loss":0.0,"damage_taken":0.0},{"damage_healed":0.0,"max_hp_gain":0.0,"max_hp_loss":0.0,"gold_gain":0.0,"event_name":"Beggar","player_choice":"Ignored","floor":19.0,"gold_loss":0.0,"damage_taken":0.0},{"damage_healed":0.0,"max_hp_gain":0.0,"max_hp_loss":0.0,"gold_gain":0.0,"event_name":"The Mausoleum","player_choice":"Opened","floor":21.0,"gold_loss":0.0,"damage_taken":0.0,"relics_obtained":["Unceasing Top"],"cards_obtained":["Writhe"]},{"damage_healed":0.0,"max_hp_gain":0.0,"max_hp_loss":46.0,"gold_gain":0.0,"event_name":"Ghosts","player_choice":"Became a Ghost","floor":22.0,"gold_loss":0.0,"damage_taken":0.0,"cards_obtained":["Ghostly","Ghostly","Ghostly"]},{"damage_healed":0.0,"max_hp_gain":0.0,"max_hp_loss":0.0,"gold_gain":0.0,"event_name":"Lab","player_choice":"Got Potions","floor":25.0,"gold_loss":0.0,"damage_taken":0.0},{"damage_healed":0.0,"max_hp_gain":5.0,"max_hp_loss":0.0,"gold_gain":0.0,"event_name":"Forgotten Altar","player_choice":"Shed Blood","floor":31.0,"gold_loss":0.0,"damage_taken":18.0},{"cards_removed":["Strike_R"],"damage_healed":0.0,"max_hp_gain":0.0,"max_hp_loss":0.0,"gold_gain":0.0,"event_name":"Falling","player_choice":"Removed Attack","floor":37.0,"gold_loss":0.0,"damage_taken":0.0},{"cards_removed":["Strike_R"],"damage_healed":0.0,"max_hp_gain":0.0,"max_hp_loss":0.0,"gold_gain":0.0,"event_name":"Purifier","player_choice":"Purged","floor":38.0,"gold_loss":0.0,"damage_taken":0.0}],"is_beta":true,"boss_relics":[{"not_picked":["Calling Bell","Eternal Feather"],"picked":"Cursed Key"},{"not_picked":["Tiny House","Sozu"],"picked":"Snecko Eye"}],"items_purged_floors":[2],"is_endless":false,"potions_floor_spawned":[1,23,29,35,39,44,46,55],"killed_by":"The Heart","ascension_level":20}