{"gold_per_floor":[112,29,47,62,80,80,80,96,96,108,23,23,36,47,47,120,120,135,135],"floor_reached":19,"playtime":825,"items_purged":[],"score":326,"play_id":"8ef65a99-52e5-42a1-80f7-3c954a12742d","local_time":"20180922212605","is_ascension_mode":true,"campfire_choices":[{"data":"Armaments","floor":6,"key":"SMITH"},{"data":"Combust","floor":12,"key":"SMITH"},{"data":"True Grit","floor":15,"key":"SMITH"}],"neow_cost":"NONE","seed_source_timestamp":432040395577520,"circlet_count":0,"master_deck":["Strike_R","Strike_R","Strike_R","Strike_R","Strike_R","Defend_R","Defend_R","Defend_R","Defend_R","Bash","AscendersBane","Metallicize","Armaments+1","Cleave","Searing Blow","Battle Trance","Clothesline","Combust+1","Reaper","True Grit+1","Uppercut","Juggernaut","True Grit"],"relics":["Burning Blood","Lantern","Blue Candle","Cursed Key"],"potions_floor_usage":[8,16],"damage_taken":[{"damage":1,"enemies":"Cultist","floor":1,"turns":3},{"damage":12,"enemies":"Small Slimes","floor":3,"turns":4},{"damage":0,"enemies":"2 Louse","floor":4,"turns":3},{"damage":8,"enemies":"2 Fungi Beasts","floor":5,"turns":4},{"damage":3,"enemies":"Exordium Wildlife","floor":8,"turns":4},{"damage":2,"enemies":"3 Louse","floor":10,"turns":4},{"damage":0,"enemies":"2 Fungi Beasts","floor":13,"turns":4},{"damage":52,"enemies":"Gremlin Gang","floor":14,"turns":4},{"damage":14,"enemies":"Slime Boss","floor":16,"turns":9},{"damage":39,"enemies":"Shell Parasite","floor":18,"turns":8},{"damage":58,"enemies":"Masked Bandits","floor":19,"turns":3}],"seed_played":"8713675916624909434","potions_obtained":[{"floor":3,"key":"EssenceOfSteel"},{"floor":4,"key":"Swift Potion"},{"floor":10,"key":"Dexterity Potion"},{"floor":13,"key":"Fire Potion"}],"is_trial":false,"path_per_floor":["M","$","M","M","M","R","?","M","T","M","$","R","M","M","R","B",null,"M"],"character_chosen":"IRONCLAD","items_purchased":["Armaments","Cleave","Reaper"],"campfire_rested":0,"item_purchase_floors":[2,2,11],"current_hp_per_floor":[73,73,67,73,71,71,71,74,74,75,75,75,75,37,37,41,67,38,0],"gold":135,"neow_bonus":"RANDOM_COMMON_RELIC","is_prod":false,"is_daily":false,"chose_seed":false,"campfire_upgraded":3,"win_rate":0,"timestamp":1537647965,"path_taken":["M","$","?","M","?","R","?","M","T","M","?","R","M","M","R","BOSS","M","?"],"build_version":"2018-09-20","purchased_purges":0,"victory":false,"max_hp_per_floor":[75,75,75,75,75,75,75,75,75,75,75,75,75,75,75,75,75,75,75],"card_choices":[{"not_picked":["Twin Strike","Armaments"],"picked":"Metallicize","floor":1},{"not_picked":["Clash","Sentinel","Warcry"],"picked":"SKIP","floor":3},{"not_picked":["Iron Wave","Armaments"],"picked":"Searing Blow","floor":4},{"not_picked":["Shockwave","Armaments"],"picked":"Battle Trance","floor":5},{"not_picked":["Entrench","Armaments"],"picked":"Clothesline","floor":8},{"not_picked":["Clash","Flex"],"picked":"Combust","floor":10},{"not_picked":["Heavy Blade","Armaments"],"picked":"True Grit","floor":13},{"not_picked":["Intimidate","Corruption"],"picked":"Uppercut","floor":14},{"not_picked":["Immolate","Exhume"],"picked":"Juggernaut","floor":16},{"not_picked":["Armaments","Flex"],"picked":"True Grit","floor":18}],"player_experience":1350481,"relics_obtained":[{"floor":9,"key":"Blue Candle"}],"event_choices":[{"event_name":"Liars Game","player_choice":"disagreed","floor":7,"damage_taken":0},{"event_name":"Masked Bandits","player_choice":"Fought Bandits","floor":19,"damage_taken":0}],"is_beta":true,"boss_relics":[{"not_picked":["Astrolabe","Lizard Tail"],"picked":"Cursed Key"}],"items_purged_floors":[],"is_endless":false,"potions_floor_spawned":[3,4,10,13],"killed_by":"Masked Bandits","ascension_level":20}