{"gold_per_floor":[110,110,172,188,202,234,234,234,260,295,310,235,309,329,329,430,430,450,178,190,65,75,2,2,2,26,26,54,54,83,183,183,183],"floor_reached":33,"playtime":1216,"items_purged":["Strike_R","Strike_R","Strike_R"],"score":403,"play_id":"c6698fd3-ac10-48de-a59e-99c0200a380e","local_time":"20190721105647","is_ascension_mode":true,"campfire_choices":[{"data":"Clash","floor":7,"key":"SMITH"},{"data":"Dual Wield","floor":15,"key":"SMITH"},{"data":"Apotheosis","floor":24,"key":"SMITH"},{"data":"Battle Trance","floor":27,"key":"SMITH"},{"data":"Clash","floor":32,"key":"SMITH"}],"neow_cost":"NONE","seed_source_timestamp":345580859423200,"circlet_count":0,"master_deck":["Strike_R+1","Strike_R+1","Defend_R","Defend_R+1","Defend_R","Defend_R","Bash+1","Clash+1","Clash+1","Second Wind","Dual Wield+1","Fiend Fire+1","Apotheosis+1","Battle Trance+1","Decay","Infernal Blade+1"],"relics":["Burning Blood","Boot","Bag of Preparation","Bronze Scales","Pear","Cursed Key","PreservedInsect","Ornamental Fan","Whetstone","Ice Cream","Meat on the Bone"],"potions_floor_usage":[6,16,30,31,33],"damage_taken":[{"damage":8,"enemies":"Jaw Worm","floor":1,"turns":4},{"damage":0,"enemies":"2 Louse","floor":4,"turns":2},{"damage":2,"enemies":"Small Slimes","floor":5,"turns":5},{"damage":10,"enemies":"Gremlin Nob","floor":6,"turns":3},{"damage":22,"enemies":"3 Sentries","floor":10,"turns":11},{"damage":0,"enemies":"Blue Slaver","floor":11,"turns":2},{"damage":0,"enemies":"Exordium Thugs","floor":14,"turns":3},{"damage":28,"enemies":"The Guardian","floor":16,"turns":6},{"damage":7,"enemies":"2 Thieves","floor":18,"turns":3},{"damage":6,"enemies":"3 Byrds","floor":20,"turns":3},{"damage":9,"enemies":"Centurion and Healer","floor":22,"turns":4},{"damage":5,"enemies":"Book of Stabbing","floor":28,"turns":3},{"damage":11,"enemies":"Gremlin Leader","floor":30,"turns":2},{"damage":19,"enemies":"Colosseum Slavers","floor":31,"turns":3},{"damage":0,"enemies":"Colosseum Nobs","floor":31,"turns":3},{"damage":46,"enemies":"Automaton","floor":33,"turns":4}],"seed_played":"4466152459726617215","potions_obtained":[{"floor":1,"key":"Swift Potion"},{"floor":4,"key":"AttackPotion"},{"floor":6,"key":"EssenceOfSteel"},{"floor":14,"key":"PowerPotion"},{"floor":16,"key":"Weak Potion"},{"floor":20,"key":"PowerPotion"}],"is_trial":false,"path_per_floor":["M","?","?","M","M","E","R","?","T","E","M","$","T","M","R","B",null,"M","$","M","$","M","$","R","?","T","R","E","?","E","?","R","B"],"character_chosen":"IRONCLAD","items_purchased":["Apotheosis","Battle Trance"],"campfire_rested":0,"item_purchase_floors":[19,23],"current_hp_per_floor":[70,70,70,76,80,76,76,60,60,44,50,50,60,66,66,44,79,78,78,78,78,75,75,75,75,75,75,76,58,53,46,46,0],"gold":183,"neow_bonus":"UPGRADE_CARD","is_prod":false,"is_daily":false,"chose_seed":false,"campfire_upgraded":5,"win_rate":0,"timestamp":1563674207,"path_taken":["M","?","?","M","M","E","R","?","T","E","M","$","?","?","R","BOSS","M","$","M","$","M","$","R","?","T","R","E","?","E","?","R","BOSS"],"build_version":"2019-07-17","purchased_purges":3,"victory":false,"max_hp_per_floor":[80,80,80,80,80,80,80,80,80,80,80,80,90,90,90,90,90,90,90,90,90,90,90,90,90,90,90,90,95,95,95,95,95],"card_choices":[{"not_picked":["Blood for Blood","Headbutt","Rage"],"picked":"SKIP","floor":1},{"not_picked":["Iron Wave","True Grit","Anger"],"picked":"SKIP","floor":4},{"not_picked":["Berserk","Twin Strike"],"picked":"Clash","floor":5},{"not_picked":["Iron Wave","Body Slam"],"picked":"Clash","floor":6},{"not_picked":["Perfected Strike","Spot Weakness"],"picked":"Second Wind","floor":10},{"not_picked":["Feel No Pain","Seeing Red"],"picked":"Dual Wield","floor":11},{"not_picked":["Perfected Strike","Searing Blow","Clothesline"],"picked":"SKIP","floor":14},{"not_picked":["Barricade","Offering"],"picked":"Fiend Fire","floor":16},{"not_picked":["Body Slam","Ghostly Armor","Flex"],"picked":"SKIP","floor":18},{"not_picked":["Twin Strike+1","Anger+1","Body Slam"],"picked":"SKIP","floor":20},{"not_picked":["Cleave","Havoc","Blood for Blood"],"picked":"SKIP","floor":22},{"not_picked":["Ghostly Armor","Rampage+1","Disarm"],"picked":"SKIP","floor":28},{"not_picked":["True Grit","Twin Strike","Power Through"],"picked":"SKIP","floor":30},{"not_picked":["Shrug It Off","Thunderclap"],"picked":"Infernal Blade+1","floor":31}],"player_experience":118771,"relics_obtained":[{"floor":6,"key":"Boot"},{"floor":9,"key":"Bag of Preparation"},{"floor":10,"key":"Bronze Scales"},{"floor":13,"key":"Pear"},{"floor":26,"key":"PreservedInsect"},{"floor":28,"key":"Ornamental Fan"},{"floor":30,"key":"Whetstone"},{"floor":31,"key":"Ice Cream"},{"floor":31,"key":"Meat on the Bone"}],"event_choices":[{"damage_healed":0,"gold_gain":0,"player_choice":"Ignored","damage_taken":0,"max_hp_gain":0,"max_hp_loss":0,"event_name":"Liars Game","floor":2,"gold_loss":0},{"damage_healed":0,"gold_gain":62,"player_choice":"Gained Gold","damage_taken":0,"max_hp_gain":0,"max_hp_loss":0,"event_name":"Golden Wing","floor":3,"gold_loss":0},{"damage_healed":0,"gold_gain":0,"player_choice":"Entered Light","damage_taken":16,"max_hp_gain":0,"max_hp_loss":0,"event_name":"Shining Light","floor":8,"gold_loss":0,"cards_upgraded":["Defend_R","Strike_R"]},{"damage_healed":0,"gold_gain":0,"player_choice":"Ignored","damage_taken":0,"max_hp_gain":0,"max_hp_loss":0,"event_name":"Vampires","floor":25,"gold_loss":0},{"damage_healed":0,"gold_gain":0,"player_choice":"Shed Blood","damage_taken":23,"max_hp_gain":5,"max_hp_loss":0,"event_name":"Forgotten Altar","floor":29,"gold_loss":0},{"damage_healed":0,"gold_gain":0,"player_choice":"Fight","damage_taken":0,"max_hp_gain":0,"max_hp_loss":0,"event_name":"Colosseum","floor":31,"gold_loss":0},{"damage_healed":0,"gold_gain":0,"player_choice":"Fought Nobs","damage_taken":0,"max_hp_gain":0,"max_hp_loss":0,"event_name":"Colosseum","floor":31,"gold_loss":0}],"is_beta":false,"boss_relics":[{"not_picked":["Runic Dome","Calling Bell"],"picked":"Cursed Key"}],"items_purged_floors":[12,19,21],"is_endless":false,"potions_floor_spawned":[1,4,6,14,16,20,22,31],"killed_by":"Automaton","ascension_level":6}