{"gold_per_floor":[110,110,110,123,141,166,166,193,193,221,221,234,384,24,24,97,97,115,125,141,159,159,159,159,188,188,201,201,233,233,249,249,322,322,341,341,137,137,151,151,151,203,250,279,279,290,316,329,329,329],"floor_reached":51,"playtime":2595,"items_purged":["Doubt","Strike_R"],"score":1392,"play_id":"2535b18e-6b7e-494a-a8a4-b64a61bb151b","local_time":"20180726174413","is_ascension_mode":true,"campfire_choices":[{"data":"Flame Barrier","floor":7.0,"key":"SMITH"},{"data":"Spot Weakness","floor":11.0,"key":"SMITH"},{"floor":15,"key":"REST"},{"data":"Battle Trance","floor":23,"key":"SMITH"},{"data":"Immolate","floor":28,"key":"SMITH"},{"floor":30,"key":"DIG"},{"floor":32,"key":"DIG"},{"floor":40,"key":"DIG"},{"data":"Feel No Pain","floor":45,"key":"SMITH"},{"data":"Demon Form","floor":49,"key":"SMITH"}],"neow_cost":"NONE","seed_source_timestamp":0,"circlet_count":0,"master_deck":["Strike_R","Strike_R","Strike_R","Strike_R","Defend_R+1","Defend_R","Defend_R","Defend_R+1","Bash+1","AscendersBane","Battle Trance+1","Iron Wave","Flame Barrier+1","Spot Weakness+1","Disarm+1","Seeing Red+1","Shockwave+1","Reaper","Havoc+1","Offering+1","Flame Barrier+1","Disarm+1","Battle Trance+1","Shrug It Off+1","Immolate+1","Impervious+1","Exhume+1","True Grit+1","Feel No Pain+1","Deep Breath+1","Madness+1","Madness+1","Shrug It Off+1","Demon Form+1","Feel No Pain","Limit Break+1","Warcry+1"],"special_seed":0,"relics":["Burning Blood","Question Card","Bottled Flame","Paper Frog","Toxic Egg 2","Runic Dome","Nloth\u0027s Gift","Nilry\u0027s Codex","Darkstone Periapt","Shuriken","Shovel","Pear","War Paint","Sozu","Centennial Puzzle","Bird Faced Urn","Anchor","Dodecahedron"],"potions_floor_usage":[42],"damage_taken":[{"damage":0.0,"enemies":"2 Louse","floor":1.0,"turns":1.0},{"damage":0.0,"enemies":"Small Slimes","floor":4.0,"turns":1.0},{"damage":0.0,"enemies":"Cultist","floor":5.0,"turns":1.0},{"damage":26.0,"enemies":"Gremlin Nob","floor":6.0,"turns":4.0},{"damage":28.0,"enemies":"Lagavulin","floor":8.0,"turns":10.0},{"damage":26.0,"enemies":"Gremlin Nob","floor":10.0,"turns":4.0},{"damage":14,"enemies":"Exordium Thugs","floor":12,"turns":6},{"damage":2,"enemies":"The Guardian","floor":16,"turns":9},{"damage":10,"enemies":"Shell Parasite","floor":18,"turns":5},{"damage":9,"enemies":"Spheric Guardian","floor":19,"turns":4},{"damage":6,"enemies":"Chosen and Byrds","floor":20,"turns":5},{"damage":28,"enemies":"Slaver and Parasite","floor":21,"turns":7},{"damage":10,"enemies":"Book of Stabbing","floor":25,"turns":7},{"damage":5,"enemies":"Snake Plant","floor":27,"turns":11},{"damage":14,"enemies":"Gremlin Leader","floor":29,"turns":5},{"damage":11,"enemies":"Snecko","floor":31,"turns":3},{"damage":23,"enemies":"Champ","floor":33,"turns":13},{"damage":16,"enemies":"3 Darklings","floor":35,"turns":3},{"damage":10,"enemies":"Flame Bruiser 1 Orb","floor":39,"turns":8},{"damage":17,"floor":42,"turns":5},{"damage":18,"enemies":"Nemesis","floor":44,"turns":9},{"damage":17,"enemies":"Maw","floor":46,"turns":8},{"damage":21,"enemies":"Giant Head","floor":47,"turns":9},{"damage":5,"enemies":"3 Darklings","floor":48,"turns":4},{"damage":37,"enemies":"Donu and Deca","floor":50,"turns":7}],"seed_played":"1287650482998798337","potions_obtained":[{"floor":4.0,"key":"Swift Potion"},{"floor":8.0,"key":"SpeedPotion"},{"floor":12,"key":"GamblersBrew"},{"floor":16,"key":"LiquidBronze"}],"is_trial":false,"path_per_floor":["M","?","?","M","M","E","R","E","T","E","R","M","?","$","R","B",null,"M","M","M","M","?","R","?","E","T","M","R","E","R","M","R","B",null,"M","?","$","?","M","R","?","?","T","E","R","M","E","M","R","B"],"character_chosen":"IRONCLAD","items_purchased":["Shockwave+1","Reaper","Havoc+1","Deep Breath+1"],"campfire_rested":1,"item_purchase_floors":[14,14,14,37],"current_hp_per_floor":[74,74,79,80,80,60,60,38,38,18,18,10,10,10,34,47,72,68,65,79,71,71,71,50,53,53,80,80,80,90,90,90,76,89,83,83,83,66,93,93,93,93,93,93,93,93,91,96,96,96],"gold":329,"neow_bonus":"THREE_ENEMY_KILL","is_prod":false,"is_daily":false,"chose_seed":false,"campfire_upgraded":6,"win_rate":0,"timestamp":1532623453,"path_taken":["M","?","?","M","?","E","R","E","T","E","R","M","?","$","R","BOSS","M","M","?","M","?","R","?","E","T","M","R","E","R","M","R","BOSS","M","?","$","?","?","R","?","?","T","E","R","?","E","M","R","BOSS"],"build_version":"2018-07-25","purchased_purges":2,"victory":true,"max_hp_per_floor":[75,75,80,80,80,80,80,80,80,80,80,80,80,80,80,80,80,80,80,80,80,80,80,80,80,80,80,80,80,90,90,90,93,93,93,93,93,93,93,93,93,93,93,93,93,93,96,96,96,96],"card_choices":[{"not_picked":["Flex","Fire Breathing"],"picked":"Twin Strike","floor":1.0},{"not_picked":["Armaments","Iron Wave"],"picked":"Battle Trance","floor":4.0},{"not_picked":["Barricade","Clash"],"picked":"Iron Wave","floor":5.0},{"not_picked":["Havoc","Warcry"],"picked":"Flame Barrier","floor":6.0},{"not_picked":["Whirlwind","Carnage","Havoc"],"picked":"Spot Weakness","floor":8.0},{"not_picked":["Body Slam","Clash","Anger"],"picked":"Disarm","floor":10.0},{"not_picked":["Sever Soul","Body Slam","Clash"],"picked":"Seeing Red+1","floor":12},{"not_picked":["Double Tap+1","Juggernaut","Bludgeon"],"picked":"Offering+1","floor":16},{"not_picked":["Wild Strike","Intimidate+1","Hemokinesis"],"picked":"Flame Barrier+1","floor":18},{"not_picked":["Headbutt","Perfected Strike","Heavy Blade"],"picked":"Disarm+1","floor":19},{"not_picked":["Clash","Twin Strike","Sword Boomerang"],"picked":"Battle Trance+1","floor":20},{"not_picked":["Iron Wave","Seeing Red+1","Spot Weakness+1"],"picked":"Shrug It Off+1","floor":21},{"not_picked":["Pommel Strike","Juggernaut","Perfected Strike"],"picked":"Immolate","floor":25},{"not_picked":["Metallicize","Armaments+1","Hemokinesis+1"],"picked":"Impervious+1","floor":27},{"not_picked":["Perfected Strike","Flex+1","Armaments+1"],"picked":"Exhume+1","floor":29},{"not_picked":["Searing Blow","Reckless Charge","Clothesline"],"picked":"True Grit+1","floor":31},{"not_picked":["Sword Boomerang+1","Cleave","Juggernaut"],"picked":"Feel No Pain","floor":35},{"not_picked":["Warcry+1","Infernal Blade+1","Cleave"],"picked":"Shrug It Off+1","floor":39},{"not_picked":["Sword Boomerang+1","Wild Strike","Bloodletting+1"],"picked":"Demon Form","floor":44},{"not_picked":["Clash","Barricade","True Grit+1"],"picked":"Feel No Pain","floor":46},{"not_picked":["Hemokinesis+1","Feed","Offering+1"],"picked":"Limit Break+1","floor":47},{"not_picked":["Intimidate+1","Bloodletting+1","Perfected Strike+1"],"picked":"Warcry+1","floor":48}],"player_experience":1095799,"relics_obtained":[{"floor":6.0,"key":"Question Card"},{"floor":8.0,"key":"Bottled Flame"},{"floor":9.0,"key":"Paper Frog"},{"floor":10.0,"key":"Toxic Egg 2"},{"floor":24,"key":"Nilry\u0027s Codex"},{"floor":25,"key":"Darkstone Periapt"},{"floor":26,"key":"Shuriken"},{"floor":29,"key":"Shovel"},{"floor":30,"key":"Pear"},{"floor":32,"key":"War Paint"},{"floor":40,"key":"Centennial Puzzle"},{"floor":42,"key":"Bird Faced Urn"},{"floor":43,"key":"Anchor"},{"floor":47,"key":"Dodecahedron"}],"event_choices":[{"event_name":"Living Wall","player_choice":"Grow","floor":2.0,"damage_taken":0.0},{"event_name":"Big Fish","player_choice":"Donut","floor":3.0,"damage_taken":0.0},{"event_name":"Liars Game","player_choice":"agreed","floor":13,"damage_taken":0},{"event_name":"N\u0027loth","player_choice":"Traded a NeowsBlessing","floor":22,"damage_taken":0},{"event_name":"Cursed Tome","player_choice":"Obtained Book","floor":24,"damage_taken":0},{"event_name":"Tomb of Lord Red Mask","player_choice":"Ignored","floor":36,"damage_taken":0},{"event_name":"Winding Halls","player_choice":"Embrace Madness","floor":38,"damage_taken":0},{"event_name":"Falling","player_choice":"Removed Attack","floor":41,"damage_taken":0},{"event_name":"Mysterious Sphere","player_choice":"Fight","floor":42,"damage_taken":0}],"is_beta":true,"boss_relics":[{"not_picked":["Orrery","Pandora\u0027s Box"],"picked":"Runic Dome"},{"not_picked":["Calling Bell","Black Star"],"picked":"Sozu"}],"items_purged_floors":[14,37],"is_endless":false,"potions_floor_spawned":[4,8,12,16,19,25,27,29,42,44,46],"ascension_level":15}