{"gold_per_floor":[117,136,148,148,171,171,212,225,225,225,244,287,287,287,287,287],"floor_reached":16,"playtime":652,"items_purged":[],"score":224,"play_id":"d3d21919-60d2-4c38-b79e-41bb2a21a29b","local_time":"20190311161053","is_ascension_mode":true,"campfire_choices":[{"data":"Deadly Poison","floor":6.0,"key":"SMITH"},{"data":"Poisoned Stab","floor":10.0,"key":"SMITH"},{"data":"Dagger Spray","floor":13.0,"key":"SMITH"},{"floor":15.0,"key":"REST"}],"neow_cost":"NONE","seed_source_timestamp":474715253570025,"circlet_count":0,"master_deck":["AscendersBane","Defend_G","Defend_G","Defend_G","Defend_G","Defend_G","Strike_G","Strike_G","Strike_G","Strike_G","Strike_G","Survivor","Neutralize+1","Dagger Spray+1","Crippling Poison","Poisoned Stab+1","Deadly Poison+1"],"special_seed":0,"relics":["Ring of the Snake","Golden Idol","Blood Vial","Meat on the Bone","Ginger"],"potions_floor_usage":[16],"damage_taken":[{"damage":0.0,"enemies":"2 Louse","floor":1.0,"turns":5.0},{"damage":0.0,"enemies":"Small Slimes","floor":2.0,"turns":3.0},{"damage":0.0,"enemies":"Cultist","floor":3.0,"turns":4.0},{"damage":2.0,"enemies":"2 Fungi Beasts","floor":5.0,"turns":4.0},{"damage":26.0,"enemies":"Lagavulin","floor":7.0,"turns":8.0},{"damage":7.0,"enemies":"Large Slime","floor":8.0,"turns":8.0},{"damage":0.0,"enemies":"Lots of Slimes","floor":11.0,"turns":1.0},{"damage":25.0,"enemies":"3 Sentries","floor":12.0,"turns":10.0},{"damage":55,"enemies":"Slime Boss","floor":16,"turns":10}],"seed_played":"487490545456201571","potions_obtained":[{"floor":1.0,"key":"SteroidPotion"},{"floor":3.0,"key":"AttackPotion"},{"floor":12.0,"key":"SteroidPotion"}],"is_trial":false,"path_per_floor":["M","M","M","?","M","R","E","M","T","R","M","E","R","?","R","B"],"character_chosen":"THE_SILENT","items_purchased":[],"campfire_rested":1,"item_purchase_floors":[],"current_hp_per_floor":[59,59,59,59,57,57,31,26,26,26,40,29,29,29,47,0],"gold":287,"neow_bonus":"THREE_CARDS","is_prod":false,"is_daily":false,"chose_seed":false,"campfire_upgraded":3,"win_rate":0,"timestamp":1552320653,"path_taken":["M","M","M","?","M","R","E","M","T","R","M","E","R","?","R","BOSS"],"build_version":"2019-02-06","purchased_purges":0,"victory":false,"max_hp_per_floor":[66,66,66,60,60,60,60,60,60,60,60,60,60,60,60,60],"card_choices":[{"not_picked":["Prepared","Leg Sweep"],"picked":"Dagger Spray","floor":0.0},{"not_picked":["Endless Agony","Bane"],"picked":"Crippling Poison","floor":1.0},{"not_picked":["Quick Slash","Backflip"],"picked":"Poisoned Stab","floor":2.0},{"not_picked":["Expertise","Outmaneuver"],"picked":"Deadly Poison","floor":3.0},{"not_picked":["Bane","Dodge and Roll","Underhanded Strike"],"picked":"SKIP","floor":5.0},{"not_picked":["Expertise","Riddle With Holes","Poisoned Stab"],"picked":"SKIP","floor":7.0},{"not_picked":["Riddle With Holes","Backflip","Bouncing Flask"],"picked":"SKIP","floor":8.0},{"not_picked":["Dodge and Roll","Choke","Reflex"],"picked":"SKIP","floor":11.0},{"not_picked":["Flechettes","Dodge and Roll","Accuracy"],"picked":"SKIP","floor":12.0}],"player_experience":1910951,"relics_obtained":[{"floor":7.0,"key":"Blood Vial"},{"floor":9.0,"key":"Meat on the Bone"},{"floor":12.0,"key":"Ginger"}],"event_choices":[{"damage_healed":0.0,"max_hp_gain":0.0,"max_hp_loss":6.0,"gold_gain":0.0,"event_name":"Golden Idol","player_choice":"Lose Max HP","floor":4.0,"gold_loss":0.0,"damage_taken":0.0,"relics_obtained":["Golden Idol"]},{"damage_healed":0.0,"max_hp_gain":0.0,"max_hp_loss":0.0,"gold_gain":0.0,"event_name":"Living Wall","player_choice":"Grow","floor":14.0,"gold_loss":0.0,"damage_taken":0.0,"cards_upgraded":["Neutralize"]}],"is_beta":true,"boss_relics":[],"items_purged_floors":[],"is_endless":false,"potions_floor_spawned":[1,3,12],"killed_by":"Slime Boss","ascension_level":20}