{"gold_per_floor":[118,118,128,140,150,150,150,163,163,176,75,95,95,105,105,105],"floor_reached":16,"playtime":638,"items_purged":["Strike_R"],"score":192,"play_id":"4e955d3b-0782-4a5c-b383-88c1cf441a04","local_time":"20180914175437","is_ascension_mode":true,"campfire_choices":[{"data":"Bash","floor":6.0,"key":"SMITH"},{"data":"Clothesline","floor":13.0,"key":"SMITH"},{"data":"True Grit","floor":15.0,"key":"SMITH"}],"neow_cost":"NONE","seed_source_timestamp":0,"circlet_count":0,"master_deck":["Strike_R","Strike_R","Strike_R","Strike_R","Defend_R","Defend_R","Defend_R","Defend_R","Bash+1","AscendersBane","Feel No Pain","Havoc","Clothesline+1","Ghostly Armor","Sword Boomerang","Anger","True Grit+1"],"special_seed":0,"relics":["Burning Blood","Dream Catcher","NlothsMask"],"potions_floor_usage":[16,16],"damage_taken":[{"damage":9.0,"enemies":"Jaw Worm","floor":1.0,"turns":6.0},{"damage":4.0,"enemies":"2 Louse","floor":3.0,"turns":4.0},{"damage":18.0,"enemies":"Cultist","floor":4.0,"turns":5.0},{"damage":16.0,"enemies":"3 Louse","floor":5.0,"turns":6.0},{"damage":15.0,"enemies":"Exordium Thugs","floor":8.0,"turns":5.0},{"damage":14.0,"enemies":"Red Slaver","floor":10.0,"turns":6.0},{"damage":15.0,"enemies":"3 Louse","floor":12.0,"turns":3.0},{"damage":1.0,"enemies":"Looter","floor":14.0,"turns":4.0},{"damage":55,"enemies":"Hexaghost","floor":16,"turns":11}],"seed_played":"-5398239007614389563","potions_obtained":[{"floor":1.0,"key":"EntropicBrew"},{"floor":4.0,"key":"Regen Potion"},{"floor":5.0,"key":"FearPotion"}],"is_trial":false,"path_per_floor":["M","?","M","M","M","R","?","M","T","M","$","M","R","M","R"],"character_chosen":"IRONCLAD","items_purchased":["Anger"],"campfire_rested":0,"item_purchase_floors":[11],"current_hp_per_floor":[65,65,67,55,60,60,60,51,51,43,43,34,34,39,39,0],"gold":105,"neow_bonus":"RANDOM_COMMON_RELIC","is_prod":false,"is_daily":false,"chose_seed":false,"campfire_upgraded":3,"win_rate":0,"timestamp":1536944077,"path_taken":["M","?","M","M","?","R","?","M","T","M","$","M","R","M","R","BOSS"],"build_version":"2018-09-12","purchased_purges":1,"victory":false,"max_hp_per_floor":[75,75,75,75,75,75,75,75,75,75,75,75,75,75,75,75],"card_choices":[{"not_picked":["Twin Strike","Entrench"],"picked":"Feel No Pain","floor":1.0},{"not_picked":["Perfected Strike","Intimidate"],"picked":"Havoc","floor":3.0},{"not_picked":["Wild Strike","Body Slam"],"picked":"Clothesline","floor":4.0},{"not_picked":["Uppercut","Wild Strike"],"picked":"Ghostly Armor","floor":5.0},{"not_picked":["Cleave","Second Wind"],"picked":"Sword Boomerang","floor":8.0},{"not_picked":["Bloodletting","Thunderclap","Rupture"],"picked":"SKIP","floor":10.0},{"not_picked":["Perfected Strike","Heavy Blade","Sword Boomerang"],"picked":"SKIP","floor":12.0},{"not_picked":["Metallicize","Power Through"],"picked":"True Grit","floor":14.0}],"player_experience":1296020,"relics_obtained":[],"event_choices":[{"event_name":"Liars Game","player_choice":"disagreed","floor":2.0,"damage_taken":0.0},{"event_name":"FaceTrader","player_choice":"Trade","floor":7.0,"damage_taken":0.0}],"is_beta":true,"boss_relics":[],"items_purged_floors":[11],"is_endless":false,"potions_floor_spawned":[1,4,5,8,12],"killed_by":"Hexaghost","ascension_level":20}