{"gold_per_floor":[111,111,130,145,165,165,175,175,223,254,265,297,297,222,222,317,317,337,351,261,23,43,69,69,69,150,185,185,23,49,60,60,158,208,226,226,244,244,344,344,394,411,411,430,448,104,133,149,149,149],"floor_reached":51,"playtime":1983,"items_purged":["Strike_R","Strike_R"],"score":1177,"play_id":"fb4d9d9e-2f91-4ce5-b5bf-3f03f9f3e045","local_time":"20190822063703","is_ascension_mode":true,"campfire_choices":[{"data":"Bash","floor":6,"key":"SMITH"},{"data":"Immolate","floor":13,"key":"SMITH"},{"data":"Bludgeon","floor":15,"key":"SMITH"},{"data":"Flame Barrier","floor":24,"key":"SMITH"},{"data":"Metallicize","floor":32,"key":"SMITH"},{"data":"Metallicize","floor":40,"key":"SMITH"},{"floor":49,"key":"REST"}],"neow_cost":"PERCENT_DAMAGE","seed_source_timestamp":5583783613600,"circlet_count":0,"master_deck":["AscendersBane","Strike_R","Strike_R+1","Defend_R+1","Defend_R+1","Defend_R+1","Bash+1","Immolate+1","Inflame","Flame Barrier+1","Metallicize+1","Shrug It Off+1","Shrug It Off","Shrug It Off+1","Bludgeon+1","Disarm+1","Double Tap+1","Double Tap+1","Infernal Blade+1","Master of Strategy+1","Seeing Red+1","Impervious+1","Shockwave+1","Metallicize+1","Battle Trance+1","Burning Pact+1"],"relics":["Burning Blood","PreservedInsect","Toxic Egg 2","Whetstone","Sozu","Lantern","Pantograph","Darkstone Periapt","Mummified Hand","Red Mask","Tiny House","Nunchaku","Charon\u0027s Ashes","Bottled Flame","Happy Flower","Strange Spoon","Singing Bowl"],"potions_floor_usage":[7,12,12,37],"damage_taken":[{"damage":1,"enemies":"Cultist","floor":1,"turns":3},{"damage":0,"enemies":"Small Slimes","floor":3,"turns":2},{"damage":7,"enemies":"2 Louse","floor":4,"turns":2},{"damage":4,"enemies":"Gremlin Gang","floor":5,"turns":3},{"damage":10,"enemies":"Exordium Thugs","floor":7,"turns":3},{"damage":12,"enemies":"Gremlin Nob","floor":10,"turns":4},{"damage":0,"enemies":"Looter","floor":11,"turns":3},{"damage":0,"enemies":"Lagavulin","floor":12,"turns":2},{"damage":23,"enemies":"Slime Boss","floor":16,"turns":8},{"damage":0,"enemies":"2 Thieves","floor":18,"turns":1},{"damage":7,"enemies":"Shell Parasite","floor":19,"turns":3},{"damage":7,"enemies":"Shelled Parasite and Fungi","floor":22,"turns":5},{"damage":15,"enemies":"Slavers","floor":23,"turns":3},{"damage":6,"enemies":"Book of Stabbing","floor":27,"turns":3},{"damage":0,"enemies":"Masked Bandits","floor":30,"turns":3},{"damage":8,"enemies":"Chosen and Byrds","floor":31,"turns":5},{"damage":44,"enemies":"Automaton","floor":33,"turns":11},{"damage":0,"enemies":"3 Shapes","floor":35,"turns":3},{"damage":22,"enemies":"3 Darklings","floor":37,"turns":5},{"damage":31,"enemies":"Mind Bloom Boss Battle","floor":39,"turns":6},{"damage":16,"enemies":"2 Orb Walkers","floor":41,"turns":5},{"damage":5,"enemies":"Writhing Mass","floor":42,"turns":4},{"damage":7,"enemies":"Spire Growth","floor":44,"turns":4},{"damage":0,"enemies":"Maw","floor":45,"turns":9},{"damage":0,"enemies":"Reptomancer","floor":47,"turns":3},{"damage":7,"enemies":"Sphere and 2 Shapes","floor":48,"turns":3},{"damage":40,"enemies":"Donu and Deca","floor":50,"turns":9}],"seed_played":"-3180139139176786608","potions_obtained":[{"floor":4,"key":"GamblersBrew"},{"floor":7,"key":"AttackPotion"},{"floor":11,"key":"Poison Potion"},{"floor":16,"key":"Swift Potion"}],"is_trial":false,"path_per_floor":["M","?","M","M","M","R","M","?","T","E","M","E","R","$","R","B",null,"M","M","?","$","M","E","R","T","T","E","?","$","?","M","R","B",null,"M","?","M","?","?","R","?","M","T","M","M","$","E","M","R","B",null],"character_chosen":"IRONCLAD","items_purchased":["Double Tap+1","Master of Strategy+1","Happy Flower","Strange Spoon"],"campfire_rested":1,"item_purchase_floors":[21,29,46,46],"current_hp_per_floor":[56,56,62,61,63,63,59,43,43,37,43,49,49,49,49,32,68,74,73,73,73,72,63,63,63,63,63,48,48,54,52,52,39,79,85,85,69,69,60,60,50,51,51,50,56,56,64,63,87,53],"gold":149,"neow_bonus":"THREE_RARE_CARDS","is_prod":false,"is_daily":false,"chose_seed":false,"campfire_upgraded":6,"win_rate":0,"timestamp":1566423423,"path_taken":["M","?","M","M","M","R","M","?","T","E","M","E","R","$","R","BOSS","M","M","?","$","?","E","R","?","T","E","?","$","?","M","R","BOSS","M","?","M","?","?","R","?","?","T","M","M","$","E","M","R","BOSS"],"build_version":"2019-07-17","purchased_purges":2,"victory":true,"max_hp_per_floor":[80,80,80,80,80,80,80,80,80,80,80,80,80,80,80,80,80,80,80,80,80,80,80,80,80,80,80,85,85,85,85,85,85,90,90,85,85,85,85,85,85,85,85,85,85,85,87,87,87,87],"card_choices":[{"not_picked":["Bludgeon","Feed"],"picked":"Immolate","floor":0},{"not_picked":["Heavy Blade","Wild Strike"],"picked":"Inflame","floor":1},{"not_picked":["Body Slam","Reckless Charge"],"picked":"Flame Barrier","floor":3},{"not_picked":["Anger","Spot Weakness"],"picked":"Metallicize","floor":4},{"not_picked":["Blood for Blood","True Grit"],"picked":"Shrug It Off","floor":5},{"not_picked":["Perfected Strike","Rage"],"picked":"Shrug It Off","floor":7},{"not_picked":["Anger","Headbutt"],"picked":"Shrug It Off","floor":10},{"not_picked":["Spot Weakness+1","Armaments+1"],"picked":"Bludgeon","floor":11},{"not_picked":["Body Slam","Wild Strike"],"picked":"Disarm+1","floor":12},{"not_picked":["Bludgeon","Juggernaut"],"picked":"Double Tap+1","floor":16},{"not_picked":["Wild Strike","Headbutt","Heavy Blade+1"],"picked":"SKIP","floor":18},{"not_picked":["Blood for Blood+1","Carnage+1","Intimidate+1"],"picked":"SKIP","floor":19},{"not_picked":["Corruption+1","Fire Breathing","Body Slam"],"picked":"SKIP","floor":22},{"not_picked":["True Grit+1","Body Slam","Combust+1"],"picked":"SKIP","floor":23},{"not_picked":["Clothesline+1","Twin Strike+1"],"picked":"Infernal Blade+1","floor":27},{"not_picked":["Thunderclap","Bludgeon"],"picked":"Seeing Red+1","floor":31},{"not_picked":["Limit Break+1","Offering+1"],"picked":"Impervious+1","floor":33},{"not_picked":["Headbutt+1","Flame Barrier+1"],"picked":"Shockwave+1","floor":35},{"not_picked":["Sword Boomerang","Wild Strike+1","Intimidate+1"],"picked":"SKIP","floor":37},{"not_picked":["Heavy Blade","Havoc+1"],"picked":"Metallicize","floor":39},{"not_picked":["Flex+1","Entrench+1"],"picked":"Battle Trance+1","floor":41},{"not_picked":["Shrug It Off+1","Cleave+1","Flex+1"],"picked":"SKIP","floor":42},{"not_picked":["Iron Wave","Reaper","Warcry+1"],"picked":"SKIP","floor":44},{"not_picked":["Havoc+1","Body Slam+1","Armaments+1"],"picked":"SKIP","floor":45},{"not_picked":["Combust","Thunderclap+1","Feed"],"picked":"Singing Bowl","floor":47},{"not_picked":["Clash+1","Perfected Strike+1"],"picked":"Burning Pact+1","floor":48}],"player_experience":166090,"relics_obtained":[{"floor":9,"key":"PreservedInsect"},{"floor":10,"key":"Toxic Egg 2"},{"floor":12,"key":"Whetstone"},{"floor":23,"key":"Lantern"},{"floor":25,"key":"Pantograph"},{"floor":26,"key":"Darkstone Periapt"},{"floor":27,"key":"Mummified Hand"},{"floor":30,"key":"Red Mask"},{"floor":39,"key":"Nunchaku"},{"floor":41,"key":"Charon\u0027s Ashes"},{"floor":43,"key":"Bottled Flame"},{"floor":47,"key":"Singing Bowl"}],"event_choices":[{"damage_healed":0,"gold_gain":0,"player_choice":"Ignored","damage_taken":0,"max_hp_gain":0,"max_hp_loss":0,"event_name":"Liars Game","floor":2,"gold_loss":0},{"damage_healed":0,"gold_gain":0,"player_choice":"Entered Light","damage_taken":16,"max_hp_gain":0,"max_hp_loss":0,"event_name":"Shining Light","floor":8,"gold_loss":0,"cards_upgraded":["Defend_R","Shrug It Off"]},{"cards_removed":["Defend_R"],"damage_healed":0,"gold_gain":0,"player_choice":"Upgrade and Remove","damage_taken":0,"max_hp_gain":0,"max_hp_loss":0,"event_name":"Designer","floor":20,"gold_loss":90,"cards_upgraded":["Defend_R"]},{"damage_healed":0,"gold_gain":0,"player_choice":"Shed Blood","damage_taken":20,"max_hp_gain":5,"max_hp_loss":0,"event_name":"Forgotten Altar","floor":28,"gold_loss":0},{"damage_healed":0,"gold_gain":0,"player_choice":"Fought Bandits","damage_taken":0,"max_hp_gain":0,"max_hp_loss":0,"event_name":"Masked Bandits","floor":30,"gold_loss":0},{"damage_healed":0,"gold_gain":0,"player_choice":"Max HP","damage_taken":0,"max_hp_gain":0,"max_hp_loss":5,"event_name":"Winding Halls","floor":36,"gold_loss":0},{"cards_removed":["Strike_R"],"damage_healed":0,"gold_gain":0,"player_choice":"Removed Attack","damage_taken":0,"max_hp_gain":0,"max_hp_loss":0,"event_name":"Falling","floor":38,"gold_loss":0},{"damage_healed":0,"gold_gain":0,"player_choice":"Fight","damage_taken":0,"max_hp_gain":0,"max_hp_loss":0,"event_name":"MindBloom","floor":39,"gold_loss":0},{"damage_healed":0,"gold_gain":0,"player_choice":"Fight","damage_taken":0,"max_hp_gain":0,"max_hp_loss":0,"event_name":"Mysterious Sphere","floor":41,"gold_loss":0}],"is_beta":false,"boss_relics":[{"not_picked":["Busted Crown","Philosopher\u0027s Stone"],"picked":"Sozu"},{"not_picked":["Velvet Choker","Runic Dome"],"picked":"Tiny House"}],"items_purged_floors":[14,21],"is_endless":false,"potions_floor_spawned":[4,7,11,16,22,23,30,37,39,45,47,48],"ascension_level":11}