{"gold_per_floor":[12,29,4,4,17,17,32,57,57,57],"floor_reached":10,"playtime":302,"items_purged":[],"score":136,"play_id":"d60a28a7-d770-4f1e-b55b-1244f9b9ede7","local_time":"20190709222404","is_ascension_mode":true,"campfire_choices":[{"data":"Uppercut","floor":6,"key":"SMITH"}],"neow_cost":"NO_GOLD","seed_source_timestamp":16353857216853,"circlet_count":0,"master_deck":["AscendersBane","Strike_R","Strike_R","Strike_R","Strike_R","Strike_R","Defend_R","Defend_R","Defend_R","Defend_R","Bash","Impervious","Pommel Strike","Armaments","Uppercut+1","Wild Strike"],"special_seed":0,"relics":["Burning Blood","Letter Opener","Matryoshka"],"potions_floor_usage":[10],"damage_taken":[{"damage":13.0,"enemies":"Cultist","floor":1.0,"turns":5.0},{"damage":7.0,"enemies":"Jaw Worm","floor":2.0,"turns":4.0},{"damage":7,"enemies":"Small Slimes","floor":5,"turns":5},{"damage":6,"enemies":"Looter","floor":7,"turns":4},{"damage":40,"enemies":"Lagavulin","floor":8,"turns":7},{"damage":25,"enemies":"Gremlin Nob","floor":10,"turns":3}],"seed_played":"-2753233363264823881","potions_obtained":[{"floor":7,"key":"Fruit Juice"}],"is_trial":false,"path_per_floor":["M","M","$","?","M","R","M","E","T","E"],"character_chosen":"IRONCLAD","items_purchased":["Armaments"],"campfire_rested":0,"item_purchase_floors":[3],"current_hp_per_floor":[61,60,60,49,48,48,48,14,14,0],"gold":57,"neow_bonus":"THREE_RARE_CARDS","is_prod":false,"is_daily":false,"chose_seed":false,"campfire_upgraded":1,"win_rate":0,"timestamp":1562707444,"path_taken":["M","M","?","?","?","R","M","E","T","E"],"build_version":"2019-07-03","purchased_purges":0,"victory":false,"max_hp_per_floor":[75,75,75,75,75,75,75,75,75,80],"card_choices":[{"not_picked":["Double Tap","Reaper"],"picked":"Impervious","floor":0.0},{"not_picked":["Flex","Blood for Blood"],"picked":"Pommel Strike","floor":1.0},{"not_picked":["Dropkick","Clash","True Grit"],"picked":"SKIP","floor":2.0},{"not_picked":["Perfected Strike","Armaments"],"picked":"Uppercut","floor":5},{"not_picked":["Whirlwind","Body Slam"],"picked":"Wild Strike","floor":7},{"not_picked":["Fire Breathing","Searing Blow","Headbutt"],"picked":"SKIP","floor":8}],"player_experience":2187838,"relics_obtained":[{"floor":8,"key":"Letter Opener"},{"floor":9,"key":"Matryoshka"}],"event_choices":[{"damage_healed":0.0,"max_hp_gain":0.0,"max_hp_loss":0.0,"gold_gain":0.0,"event_name":"Wheel of Change","player_choice":"Damaged","floor":4.0,"gold_loss":0.0,"damage_taken":11.0}],"is_beta":true,"boss_relics":[],"items_purged_floors":[],"is_endless":false,"potions_floor_spawned":[7],"killed_by":"Gremlin Nob","ascension_level":20}