{"gold_per_floor":[115,129,59,78,78,93,107,119,119,139,139,139],"floor_reached":12,"playtime":406,"items_purged":[],"score":74,"play_id":"3d76723f-090d-4643-8dba-b718e65f8807","local_time":"20190702103033","is_ascension_mode":false,"campfire_choices":[],"neow_cost":"NONE","seed_source_timestamp":521244248922300,"circlet_count":0,"master_deck":["Strike_R","Strike_R","Strike_R","Strike_R","Strike_R","Defend_R","Defend_R","Defend_R","Bash","Armaments","Entrench","Entrench","Iron Wave","Battle Trance"],"relics":["Burning Blood","NeowsBlessing","Kunai"],"potions_floor_usage":[12],"damage_taken":[{"damage":0,"enemies":"Jaw Worm","floor":1,"turns":1},{"damage":0,"enemies":"Small Slimes","floor":2,"turns":1},{"damage":0,"enemies":"Cultist","floor":4,"turns":1},{"damage":29,"enemies":"Gremlin Gang","floor":6,"turns":7},{"damage":11,"enemies":"Red Slaver","floor":7,"turns":5},{"damage":17,"enemies":"Large Slime","floor":8,"turns":7},{"damage":13,"enemies":"3 Louse","floor":10,"turns":4},{"damage":34,"enemies":"Gremlin Nob","floor":12,"turns":4}],"seed_played":"4229699490468828633","potions_obtained":[{"floor":6,"key":"Swift Potion"},{"floor":7,"key":"EssenceOfSteel"},{"floor":10,"key":"Swift Potion"}],"is_trial":false,"path_per_floor":["M","M","$","M","?","M","M","M","T","M","$","E"],"character_chosen":"IRONCLAD","items_purchased":["Entrench"],"campfire_rested":0,"item_purchase_floors":[3],"current_hp_per_floor":[80,80,80,80,73,50,45,34,34,27,27,0],"gold":139,"neow_bonus":"THREE_ENEMY_KILL","is_prod":false,"is_daily":false,"chose_seed":false,"campfire_upgraded":0,"win_rate":0,"timestamp":1562031033,"path_taken":["M","M","$","M","?","M","M","M","T","M","$","E"],"build_version":"2019-07-01","purchased_purges":0,"victory":false,"max_hp_per_floor":[80,80,80,80,80,80,80,80,80,80,80,80],"card_choices":[{"not_picked":["Flex","Blood for Blood"],"picked":"Armaments","floor":1},{"not_picked":["Twin Strike","Warcry","Feel No Pain"],"picked":"SKIP","floor":2},{"not_picked":["Havoc","Heavy Blade"],"picked":"Entrench","floor":4},{"not_picked":["Clash","Havoc","Entrench"],"picked":"SKIP","floor":6},{"not_picked":["Thunderclap","Wild Strike"],"picked":"Iron Wave","floor":7},{"not_picked":["Clothesline","Entrench"],"picked":"Battle Trance","floor":8},{"not_picked":["Sword Boomerang","Infernal Blade","Havoc"],"picked":"SKIP","floor":10}],"player_experience":106006,"relics_obtained":[{"floor":9,"key":"Kunai"}],"event_choices":[{"cards_removed":["Defend_R"],"damage_healed":0,"gold_gain":0,"player_choice":"Card Removal","damage_taken":7,"max_hp_gain":0,"max_hp_loss":0,"event_name":"Golden Wing","floor":5,"gold_loss":0}],"is_beta":false,"boss_relics":[],"items_purged_floors":[],"is_endless":false,"potions_floor_spawned":[6,7,10],"killed_by":"Gremlin Nob","ascension_level":0}