{"gold_per_floor":[119,13,13,13,23,57,57,88,113,113,113,132,160,178,178,252,252,205,216,216,141,156,156,156,156,156,156,183,199,229,18,18,91,91,101,101,121,0,51,51,51,83,83,83,108,108,135,153,153,153,153,153,153,14,48,48],"floor_reached":57,"playtime":3190,"items_purged":["Strike_G"],"score":3259,"play_id":"31022772-9308-40f9-b23a-c15821f1b41f","local_time":"20190127231827","is_ascension_mode":true,"campfire_choices":[{"data":"Poisoned Stab","floor":7.0,"key":"SMITH"},{"data":"Neutralize","floor":10.0,"key":"SMITH"},{"data":"Dagger Spray","floor":15.0,"key":"SMITH"},{"floor":23,"key":"REST"},{"data":"Footwork","floor":25,"key":"SMITH"},{"floor":32,"key":"RECALL"},{"data":"Leg Sweep","floor":40,"key":"SMITH"},{"floor":44,"key":"REST"},{"data":"Catalyst","floor":49,"key":"SMITH"},{"data":"PiercingWail","floor":53,"key":"SMITH"}],"neow_cost":"NONE","seed_source_timestamp":102855008032846,"circlet_count":0,"master_deck":["AscendersBane","Defend_G+1","Defend_G+1","Defend_G+1","Defend_G+1","Defend_G+1","Survivor","Neutralize+1","Footwork+1","Poisoned Stab+1","Dagger Spray+1","Envenom+1","Dodge and Roll","PiercingWail+1","Well Laid Plans+1","Wraith Form v2+1","Adrenaline+1","Accuracy+1","Noxious Fumes+1","Infinite Blades+1","PiercingWail","Leg Sweep+1","Blur","Wraith Form v2+1","Catalyst+1","Footwork+1","Catalyst+1","Caltrops+1","Blur"],"special_seed":0,"relics":["Ring of the Snake","NeowsBlessing","Anchor","Frozen Egg 2","Happy Flower","Omamori","Bottled Flame","Astrolabe","Enchiridion","Bottled Tornado","Whetstone","Orichalcum","DollysMirror","Black Star","Red Mask","Incense Burner","Torii","Regal Pillow","Snake Skull","Sundial","Molten Egg 2","Dream Catcher","Lantern","Kunai"],"potions_floor_usage":[50,56,56],"damage_taken":[{"damage":0.0,"enemies":"2 Louse","floor":1.0,"turns":1.0},{"damage":0.0,"enemies":"Small Slimes","floor":5.0,"turns":1.0},{"damage":0.0,"enemies":"3 Sentries","floor":6.0,"turns":1.0},{"damage":32.0,"enemies":"Gremlin Nob","floor":8.0,"turns":4.0},{"damage":6.0,"enemies":"Cultist","floor":12.0,"turns":3.0},{"damage":3.0,"enemies":"Lagavulin","floor":13.0,"turns":6.0},{"damage":0.0,"enemies":"Exordium Thugs","floor":14.0,"turns":4.0},{"damage":6.0,"enemies":"Hexaghost","floor":16.0,"turns":12.0},{"damage":0,"enemies":"2 Thieves","floor":18,"turns":5},{"damage":9,"enemies":"3 Byrds","floor":19,"turns":5},{"damage":5,"enemies":"Centurion and Healer","floor":22,"turns":8},{"damage":0,"enemies":"Gremlin Leader","floor":28,"turns":8},{"damage":0,"enemies":"Snecko","floor":29,"turns":6},{"damage":0,"enemies":"Book of Stabbing","floor":30,"turns":6},{"damage":0,"enemies":"Automaton","floor":33,"turns":11},{"damage":0,"enemies":"3 Shapes","floor":35,"turns":5},{"damage":0,"enemies":"3 Darklings","floor":37,"turns":6},{"damage":0,"enemies":"2 Orb Walkers","floor":39,"turns":6},{"damage":21,"enemies":"Reptomancer","floor":42,"turns":8},{"damage":0,"enemies":"Nemesis","floor":45,"turns":7},{"damage":0,"enemies":"Giant Head","floor":47,"turns":10},{"damage":0,"enemies":"Spire Growth","floor":48,"turns":5},{"damage":1,"enemies":"Donu and Deca","floor":50,"turns":10},{"damage":19,"enemies":"Time Eater","floor":51,"turns":8},{"damage":0,"enemies":"Shield and Spear","floor":55,"turns":9},{"damage":0,"enemies":"The Heart","floor":56,"turns":8}],"seed_played":"4181605450999539038","potions_obtained":[{"floor":6.0,"key":"AttackPotion"},{"floor":11.0,"key":"Fruit Juice"},{"floor":11.0,"key":"Swift Potion"},{"floor":13.0,"key":"Fire Potion"},{"floor":16.0,"key":"GhostInAJar"},{"floor":29,"key":"Poison Potion"}],"is_trial":false,"path_per_floor":["M","$","?","?","M","E","R","E","T","R","?","M","E","M","R","B",null,"M","M","?","$","M","R","?","R","T","?","E","M","E","$","R","B",null,"M","?","M","?","?","R","?","E","T","R","E","?","E","M","R","B","B",null,"R","$","E","B",null],"character_chosen":"THE_SILENT","items_purchased":["Footwork","Poisoned Stab","DollysMirror","Caltrops+1","Energy Potion"],"campfire_rested":2,"item_purchase_floors":[2,2,31,54,54],"current_hp_per_floor":[59,59,48,53,53,53,53,21,21,21,21,15,12,12,12,11,60,60,51,30,30,25,47,47,47,47,40,40,40,40,40,40,40,67,67,67,67,67,67,67,67,46,46,76,76,76,76,76,76,75,56,71,71,71,71,71],"gold":48,"neow_bonus":"THREE_ENEMY_KILL","is_prod":false,"is_daily":false,"chose_seed":false,"campfire_upgraded":7,"win_rate":0,"timestamp":1548631107,"path_taken":["M","$","?","?","M","E","R","E","T","R","?","M","E","M","R","BOSS","M","?","?","$","M","R","?","R","T","?","E","?","E","$","R","BOSS","M","?","?","?","?","R","?","E","T","R","E","?","E","M","R","BOSS","BOSS","R","$","E","BOSS"],"build_version":"2019-01-23","purchased_purges":1,"victory":true,"max_hp_per_floor":[66,66,66,71,71,71,71,71,71,71,71,71,71,71,71,76,76,76,76,76,76,76,76,76,76,76,76,76,76,76,76,76,76,76,76,76,76,76,76,76,76,76,76,76,76,76,76,76,76,76,76,76,76,76,76,76],"card_choices":[{"not_picked":["Slice","Dodge and Roll","Prepared"],"picked":"SKIP","floor":1.0},{"not_picked":["Flying Knee","Catalyst"],"picked":"Dagger Spray","floor":5.0},{"not_picked":["Slice","Acrobatics","Concentrate"],"picked":"SKIP","floor":6.0},{"not_picked":["All Out Attack","Prepared"],"picked":"Envenom+1","floor":8.0},{"not_picked":["Acrobatics","Eviscerate"],"picked":"Dodge and Roll","floor":12.0},{"not_picked":["Flying Knee","Dagger Spray"],"picked":"PiercingWail","floor":13.0},{"not_picked":["Deadly Poison","Distraction"],"picked":"Well Laid Plans+1","floor":14.0},{"not_picked":["Doppelganger","A Thousand Cuts+1"],"picked":"Wraith Form v2+1","floor":16.0},{"not_picked":["Deadly Poison","PiercingWail"],"picked":"Infinite Blades+1","floor":18},{"not_picked":["Dagger Spray","Deadly Poison"],"picked":"PiercingWail","floor":19},{"not_picked":["Sucker Punch","Poisoned Stab","Outmaneuver"],"picked":"SKIP","floor":22},{"not_picked":["Prepared","Bouncing Flask"],"picked":"Leg Sweep","floor":28},{"not_picked":["Quick Slash","Slice"],"picked":"Blur","floor":29},{"not_picked":["Bullet Time","Backstab","Dagger Throw"],"picked":"SKIP","floor":30},{"not_picked":["PiercingWail+1","Expertise"],"picked":"Catalyst+1","floor":35},{"not_picked":["Backstab","Terror+1","Poisoned Stab"],"picked":"SKIP","floor":37},{"not_picked":["Poisoned Stab","PiercingWail+1"],"picked":"Footwork+1","floor":39},{"not_picked":["Masterful Stab","PiercingWail"],"picked":"Catalyst","floor":42},{"not_picked":["Finisher","Masterful Stab","Riddle With Holes"],"picked":"SKIP","floor":45},{"not_picked":["Calculated Gamble+1","Skewer","Dagger Spray+1"],"picked":"SKIP","floor":47},{"not_picked":["Backflip","Outmaneuver","Deflect"],"picked":"SKIP","floor":48},{"not_picked":["Storm of Steel","Dagger Throw+1"],"picked":"Blur","floor":55}],"player_experience":1785175,"relics_obtained":[{"floor":6.0,"key":"Frozen Egg 2"},{"floor":8.0,"key":"Happy Flower"},{"floor":9.0,"key":"Omamori"},{"floor":13.0,"key":"Bottled Flame"},{"floor":20,"key":"Enchiridion"},{"floor":26,"key":"Bottled Tornado"},{"floor":28,"key":"Whetstone"},{"floor":30,"key":"Orichalcum"},{"floor":39,"key":"Incense Burner"},{"floor":42,"key":"Torii"},{"floor":42,"key":"Regal Pillow"},{"floor":45,"key":"Snake Skull"},{"floor":45,"key":"Sundial"},{"floor":47,"key":"Molten Egg 2"},{"floor":47,"key":"Dream Catcher"},{"floor":55,"key":"Lantern"},{"floor":55,"key":"Kunai"}],"event_choices":[{"damage_healed":0.0,"max_hp_gain":0.0,"max_hp_loss":0.0,"gold_gain":0.0,"event_name":"Scrap Ooze","player_choice":"Success","floor":3.0,"gold_loss":0.0,"damage_taken":11.0,"relics_obtained":["Anchor"]},{"damage_healed":0.0,"max_hp_gain":5.0,"max_hp_loss":0.0,"gold_gain":0.0,"event_name":"Big Fish","player_choice":"Donut","floor":4.0,"gold_loss":0.0,"damage_taken":0.0},{"damage_healed":0.0,"max_hp_gain":0.0,"max_hp_loss":0.0,"gold_gain":0.0,"event_name":"Lab","player_choice":"Got Potions","floor":11.0,"gold_loss":0.0,"damage_taken":0.0},{"damage_healed":0,"gold_gain":0,"player_choice":"Obtained Book","damage_taken":21,"max_hp_gain":0,"max_hp_loss":0,"event_name":"Cursed Tome","floor":20,"gold_loss":0},{"damage_healed":0,"gold_gain":0,"player_choice":"Simplicity","damage_taken":0,"max_hp_gain":0,"max_hp_loss":0,"event_name":"Back to Basics","floor":24,"gold_loss":0,"cards_upgraded":["Defend_G","Defend_G","Defend_G","Defend_G","Defend_G","Strike_G"]},{"damage_healed":0,"gold_gain":0,"player_choice":"","damage_taken":7,"max_hp_gain":0,"max_hp_loss":0,"event_name":"Knowing Skull","floor":27,"potions_obtained":[],"gold_loss":0,"cards_obtained":[]},{"cards_removed":["Strike_G"],"damage_healed":0,"gold_gain":0,"player_choice":"Purged","damage_taken":0,"max_hp_gain":0,"max_hp_loss":0,"event_name":"Purifier","floor":36,"gold_loss":0},{"damage_healed":0,"gold_gain":0,"player_choice":"Paid","damage_taken":0,"relics_obtained":["Red Mask"],"max_hp_gain":0,"max_hp_loss":0,"event_name":"Tomb of Lord Red Mask","floor":38,"gold_loss":121},{"damage_healed":0,"gold_gain":0,"player_choice":"Fight","damage_taken":0,"max_hp_gain":0,"max_hp_loss":0,"event_name":"Mysterious Sphere","floor":39,"gold_loss":0},{"damage_healed":0,"gold_gain":0,"player_choice":"Memory 1","damage_taken":0,"max_hp_gain":0,"max_hp_loss":0,"event_name":"SensoryStone","floor":41,"gold_loss":0},{"damage_healed":0,"gold_gain":0,"player_choice":"0 cards matched","damage_taken":0,"max_hp_gain":0,"max_hp_loss":0,"event_name":"Match and Keep!","floor":46,"gold_loss":0,"cards_obtained":[]}],"is_beta":true,"boss_relics":[{"not_picked":["Sozu","WristBlade"],"picked":"Astrolabe"},{"not_picked":["Eternal Feather","Empty Cage"],"picked":"Black Star"}],"items_purged_floors":[21],"is_endless":false,"potions_floor_spawned":[6,13,16,28,29,30,37,39,45,48],"ascension_level":20}