{"gold_per_floor":[117,117,38,52,52,52,78,78,78,113,35,35,111,124,124,124],"floor_reached":16,"playtime":328,"items_purged":[],"score":216,"play_id":"4d7962d2-2371-4539-a3f0-7955ffce5936","local_time":"20190823061603","is_ascension_mode":true,"campfire_choices":[{"data":"Fiend Fire","floor":6,"key":"SMITH"},{"data":"Bash","floor":12,"key":"SMITH"},{"data":"Metallicize","floor":15,"key":"SMITH"}],"neow_cost":"NONE","seed_source_timestamp":92388930358200,"circlet_count":0,"master_deck":["AscendersBane","Strike_R","Strike_R","Strike_R","Strike_R","Defend_R","Defend_R+1","Defend_R","Defend_R","Bash+1","Inflame+1","Fiend Fire+1","Feel No Pain","Flex","Inflame","Metallicize+1"],"relics":["Burning Blood","NeowsBlessing","Orichalcum","Ginger","Mercury Hourglass","Strawberry","Paper Frog"],"potions_floor_usage":[],"damage_taken":[{"damage":0,"enemies":"Small Slimes","floor":1,"turns":1},{"damage":0,"enemies":"Jaw Worm","floor":4,"turns":1},{"damage":0,"enemies":"Gremlin Nob","floor":7,"turns":1},{"damage":15,"enemies":"Lagavulin","floor":10,"turns":6},{"damage":0,"enemies":"2 Louse","floor":14,"turns":2},{"damage":59,"enemies":"Hexaghost","floor":16,"turns":11}],"seed_played":"-5144139410824301291","potions_obtained":[{"floor":1,"key":"Explosive Potion"}],"is_trial":false,"path_per_floor":["M","?","$","M","?","R","E","?","T","E","$","R","T","M","R","B"],"character_chosen":"IRONCLAD","items_purchased":["Fiend Fire","Metallicize"],"campfire_rested":0,"item_purchase_floors":[3,11],"current_hp_per_floor":[78,71,71,77,65,65,71,55,55,53,53,53,53,59,59,0],"gold":124,"neow_bonus":"THREE_ENEMY_KILL","is_prod":false,"is_daily":false,"chose_seed":false,"campfire_upgraded":3,"win_rate":0,"timestamp":1566508563,"path_taken":["M","?","$","M","?","R","E","?","T","E","$","R","?","M","R","BOSS"],"build_version":"2019-07-17","purchased_purges":0,"victory":false,"max_hp_per_floor":[80,80,80,80,80,80,80,80,80,87,87,87,87,87,87,87],"card_choices":[{"not_picked":["Perfected Strike","Anger"],"picked":"Inflame","floor":1},{"not_picked":["Iron Wave","Flex"],"picked":"Feel No Pain","floor":4},{"not_picked":["Feel No Pain","Pummel"],"picked":"Flex","floor":7},{"not_picked":["Iron Wave","Fire Breathing"],"picked":"Inflame","floor":10},{"not_picked":["Searing Blow","Perfected Strike","Inflame"],"picked":"SKIP","floor":14}],"player_experience":179089,"relics_obtained":[{"floor":7,"key":"Ginger"},{"floor":9,"key":"Mercury Hourglass"},{"floor":10,"key":"Strawberry"},{"floor":13,"key":"Paper Frog"}],"event_choices":[{"cards_removed":["Strike_R"],"damage_healed":0,"gold_gain":0,"player_choice":"Card Removal","damage_taken":7,"max_hp_gain":0,"max_hp_loss":0,"event_name":"Golden Wing","floor":2,"gold_loss":0},{"damage_healed":0,"gold_gain":0,"player_choice":"Success","damage_taken":12,"relics_obtained":["Orichalcum"],"max_hp_gain":0,"max_hp_loss":0,"event_name":"Scrap Ooze","floor":5,"gold_loss":0},{"damage_healed":0,"gold_gain":0,"player_choice":"Entered Light","damage_taken":16,"max_hp_gain":0,"max_hp_loss":0,"event_name":"Shining Light","floor":8,"gold_loss":0,"cards_upgraded":["Inflame","Defend_R"]}],"is_beta":false,"boss_relics":[],"items_purged_floors":[],"is_endless":false,"potions_floor_spawned":[1],"killed_by":"Hexaghost","ascension_level":13}