{"gold_per_floor":[115,125,143,143,163,163,88,88,141,141,171,171,8,43,43,147,147,158,171,26,125,125,125],"floor_reached":23,"playtime":784,"items_purged":["Strike_R"],"score":297,"play_id":"2dc19ae2-14d4-4022-8fe5-7de57d77127d","local_time":"20190724124050","is_ascension_mode":true,"campfire_choices":[{"data":"Body Slam","floor":6,"key":"SMITH"},{"data":"Metallicize","floor":8,"key":"SMITH"},{"data":"Shrug It Off","floor":10,"key":"SMITH"},{"data":"Barricade","floor":15,"key":"SMITH"}],"neow_cost":"NONE","seed_source_timestamp":611456623933100,"circlet_count":0,"master_deck":["Strike_R","Strike_R","Strike_R","Defend_R","Defend_R","Defend_R","Defend_R","Bash","Shrug It Off+1","Metallicize+1","Body Slam+1","Barricade+1","Entrench","Feed","Metallicize+1"],"relics":["Black Blood","NeowsBlessing","Boot","Ancient Tea Set","Bronze Scales","Blood Vial","Omamori","Orichalcum"],"potions_floor_usage":[23],"damage_taken":[{"damage":0,"enemies":"2 Louse","floor":1,"turns":1},{"damage":0,"enemies":"Small Slimes","floor":2,"turns":1},{"damage":0,"enemies":"Jaw Worm","floor":3,"turns":1},{"damage":5,"enemies":"3 Louse","floor":5,"turns":5},{"damage":4,"enemies":"3 Sentries","floor":14,"turns":11},{"damage":17,"enemies":"The Guardian","floor":16,"turns":8},{"damage":21,"enemies":"Shell Parasite","floor":18,"turns":10},{"damage":37,"enemies":"Spheric Guardian","floor":19,"turns":10},{"damage":68,"enemies":"Book of Stabbing","floor":23,"turns":7}],"seed_played":"-4686557644159982521","potions_obtained":[{"floor":3,"key":"BloodPotion"},{"floor":5,"key":"Dexterity Potion"},{"floor":16,"key":"Strength Potion"}],"is_trial":false,"path_per_floor":["M","M","M","?","M","R","$","R","T","R","?","?","$","E","R","B",null,"M","M","$","?","?","E"],"character_chosen":"IRONCLAD","items_purchased":["Barricade","Omamori"],"campfire_rested":0,"item_purchase_floors":[13,20],"current_hp_per_floor":[78,80,80,80,80,80,80,80,80,80,80,73,73,75,75,66,77,68,43,43,43,43,0],"gold":125,"neow_bonus":"THREE_ENEMY_KILL","is_prod":false,"is_daily":false,"chose_seed":false,"campfire_upgraded":4,"win_rate":0,"timestamp":1563939650,"path_taken":["M","M","M","?","M","R","$","R","T","R","?","?","$","E","R","BOSS","M","M","$","?","?","E"],"build_version":"2019-07-17","purchased_purges":1,"victory":false,"max_hp_per_floor":[80,80,80,80,80,80,80,80,80,80,80,80,80,80,80,80,80,80,80,80,80,80,80],"card_choices":[{"not_picked":["Clothesline","Twin Strike"],"picked":"Shrug It Off","floor":1},{"not_picked":["Havoc","Entrench"],"picked":"Metallicize","floor":2},{"not_picked":["Burning Pact","Thunderclap"],"picked":"Body Slam","floor":3},{"not_picked":["Armaments","Iron Wave","Sever Soul"],"picked":"SKIP","floor":5},{"not_picked":["True Grit","Infernal Blade"],"picked":"Entrench","floor":14},{"not_picked":["Demon Form","Dark Embrace"],"picked":"Feed","floor":16},{"not_picked":["Armaments","Corruption","Searing Blow"],"picked":"SKIP","floor":18},{"not_picked":["Iron Wave","Anger"],"picked":"Metallicize+1","floor":19}],"player_experience":124826,"relics_obtained":[{"floor":9,"key":"Boot"},{"floor":14,"key":"Blood Vial"}],"event_choices":[{"cards_removed":["Strike_R"],"damage_healed":0,"gold_gain":0,"player_choice":"Forget","damage_taken":0,"max_hp_gain":0,"max_hp_loss":0,"event_name":"Living Wall","floor":4,"gold_loss":0},{"damage_healed":0,"gold_gain":30,"player_choice":"Searched \u00272\u0027 times","damage_taken":0,"relics_obtained":["Ancient Tea Set"],"max_hp_gain":0,"max_hp_loss":0,"event_name":"Dead Adventurer","floor":11,"gold_loss":0},{"damage_healed":0,"gold_gain":0,"player_choice":"Success","damage_taken":7,"relics_obtained":["Bronze Scales"],"max_hp_gain":0,"max_hp_loss":0,"event_name":"Scrap Ooze","floor":12,"gold_loss":0},{"damage_healed":0,"gold_gain":99,"player_choice":"Stole From Cult","damage_taken":0,"max_hp_gain":0,"max_hp_loss":0,"event_name":"Nest","floor":21,"gold_loss":0},{"damage_healed":0,"gold_gain":0,"player_choice":"Opened","damage_taken":0,"relics_obtained":["Orichalcum"],"max_hp_gain":0,"max_hp_loss":0,"event_name":"The Mausoleum","floor":22,"gold_loss":0}],"is_beta":false,"boss_relics":[{"not_picked":["Runic Cube","Fusion Hammer"],"picked":"Black Blood"}],"items_purged_floors":[7],"is_endless":false,"potions_floor_spawned":[3,5,16,18,19],"killed_by":"Book of Stabbing","ascension_level":8}