{"gold_per_floor":[112,112,37,56,67,97,97,122,147,147,166,177,177,195,195,272,272,284,105,125,125,175,175,175],"floor_reached":24,"playtime":815,"items_purged":["Strike_G","Strike_G"],"score":412,"play_id":"0d712b9a-7e04-40d4-a8fb-3d1de312201b","local_time":"20190425215537","is_ascension_mode":true,"campfire_choices":[{"floor":7,"key":"REST"},{"data":"Noxious Fumes","floor":10,"key":"SMITH"},{"data":"Footwork","floor":13,"key":"SMITH"},{"data":"Corpse Explosion","floor":15,"key":"SMITH"},{"floor":23,"key":"REST"}],"neow_cost":"NONE","seed_source_timestamp":270685643048381,"circlet_count":0,"master_deck":["AscendersBane","Defend_G","Defend_G","Defend_G","Defend_G","Defend_G","Strike_G+1","Strike_G","Strike_G+1","Survivor","Neutralize","Sucker Punch","Dagger Spray+1","Noxious Fumes+1","PiercingWail","Corpse Explosion+1","Footwork+1","Dagger Throw","Glass Knife","Deadly Poison","Caltrops","Necronomicurse"],"relics":["Ring of the Snake","Whetstone","Blood Vial","Snake Skull","Cursed Key","Necronomicon"],"potions_floor_usage":[8,20,24],"damage_taken":[{"damage":9,"enemies":"Small Slimes","floor":1,"turns":3},{"damage":0,"enemies":"Jaw Worm","floor":4,"turns":4},{"damage":0,"enemies":"2 Louse","floor":5,"turns":2},{"damage":35,"enemies":"Gremlin Nob","floor":6,"turns":5},{"damage":10,"enemies":"Lagavulin","floor":8,"turns":6},{"damage":2,"enemies":"Blue Slaver","floor":11,"turns":5},{"damage":1,"enemies":"Large Slime","floor":12,"turns":5},{"damage":2,"enemies":"Looter","floor":14,"turns":4},{"damage":4,"enemies":"Hexaghost","floor":16,"turns":9},{"damage":16,"enemies":"Spheric Guardian","floor":18,"turns":4},{"damage":12,"enemies":"2 Thieves","floor":20,"turns":5},{"damage":41,"enemies":"Book of Stabbing","floor":24,"turns":4}],"seed_played":"-489313378248291461","potions_obtained":[{"floor":5,"key":"Energy Potion"},{"floor":8,"key":"FearPotion"},{"floor":11,"key":"Fruit Juice"},{"floor":20,"key":"LiquidBronze"}],"is_trial":false,"path_per_floor":["M","?","$","M","M","E","R","E","T","R","M","M","R","M","R","B",null,"M","$","M","?","?","R","E"],"character_chosen":"THE_SILENT","items_purchased":["Caltrops"],"campfire_rested":2,"item_purchase_floors":[19],"current_hp_per_floor":[50,50,50,50,50,15,34,24,24,24,24,25,25,25,25,23,55,41,41,36,15,15,36,0],"gold":175,"neow_bonus":"THREE_CARDS","is_prod":false,"is_daily":false,"chose_seed":false,"campfire_upgraded":3,"win_rate":0,"timestamp":1556225737,"path_taken":["M","?","$","M","M","E","R","E","T","R","M","M","R","M","R","BOSS","M","$","M","?","?","R","E"],"build_version":"2019-04-23","purchased_purges":2,"victory":false,"max_hp_per_floor":[66,66,66,66,66,66,66,66,66,66,66,66,66,66,66,66,66,66,66,71,71,71,71,71],"card_choices":[{"not_picked":["Backflip","Outmaneuver"],"picked":"Sucker Punch","floor":0},{"not_picked":["Quick Slash","Cloak And Dagger"],"picked":"Dagger Spray","floor":1},{"not_picked":["Reflex","Cloak And Dagger"],"picked":"Noxious Fumes","floor":4},{"not_picked":["Prepared","Backflip"],"picked":"PiercingWail","floor":5},{"not_picked":["Blur","Backflip"],"picked":"Corpse Explosion","floor":6},{"not_picked":["Predator","Blade Dance"],"picked":"Footwork","floor":8},{"not_picked":["Sucker Punch","Prepared"],"picked":"Dagger Throw","floor":11},{"not_picked":["Underhanded Strike","Prepared","Deflect"],"picked":"SKIP","floor":12},{"not_picked":["Underhanded Strike","Calculated Gamble","Choke"],"picked":"SKIP","floor":14},{"not_picked":["Grand Finale","Die Die Die"],"picked":"Glass Knife","floor":16},{"not_picked":["Poisoned Stab+1","Distraction"],"picked":"Deadly Poison","floor":18},{"not_picked":["Sucker Punch","Dagger Throw","Blade Dance"],"picked":"SKIP","floor":20}],"player_experience":2032780,"relics_obtained":[{"floor":6,"key":"Whetstone"},{"floor":8,"key":"Blood Vial"},{"floor":9,"key":"Snake Skull"},{"floor":21,"key":"Necronomicon"}],"event_choices":[{"damage_healed":0,"gold_gain":0,"player_choice":"Grow","damage_taken":0,"max_hp_gain":0,"max_hp_loss":0,"event_name":"Living Wall","floor":2,"gold_loss":0,"cards_upgraded":["Dagger Spray"]},{"damage_healed":0,"gold_gain":0,"player_choice":"Obtained Book","damage_taken":21,"max_hp_gain":0,"max_hp_loss":0,"event_name":"Cursed Tome","floor":21,"gold_loss":0},{"damage_healed":0,"gold_gain":50,"player_choice":"Stole From Cult","damage_taken":0,"max_hp_gain":0,"max_hp_loss":0,"event_name":"Nest","floor":22,"gold_loss":0}],"is_beta":true,"boss_relics":[{"not_picked":["Busted Crown","HoveringKite"],"picked":"Cursed Key"}],"items_purged_floors":[3,19],"is_endless":false,"potions_floor_spawned":[5,8,11,20],"killed_by":"Book of Stabbing","ascension_level":20}