{"gold_per_floor":[10,22,22,47,59,112,124,175,213,225,251,303,336,371,383,494,506,539,551,563,587,649,688,700,744,756,784,808,820,172,192,192,271,271,288,288,302,316,316,350,350,384,384,384,413,431,12,62,62,62],"floor_reached":51,"playtime":3163,"items_purged":["Strike_R","Strike_R"],"score":1379,"play_id":"699639b2-80f3-48fa-a249-7529833f9a1c","local_time":"20180818202913","is_ascension_mode":true,"campfire_choices":[{"data":"Bash","floor":7.0,"key":"SMITH"},{"floor":10.0,"key":"REST"},{"floor":15.0,"key":"REST"},{"floor":24.0,"key":"REST"},{"floor":32.0,"key":"REST"},{"floor":41,"key":"REST"},{"floor":44,"key":"REST"},{"floor":49,"key":"REST"}],"neow_cost":"NO_GOLD","seed_source_timestamp":0,"circlet_count":0,"master_deck":["Strike_R","Strike_R","Strike_R","Defend_R","Defend_R","Defend_R","Defend_R","Bash+1","AscendersBane","Power Through","Pommel Strike","Shockwave","Demon Form","Clothesline","Iron Wave","Cleave+1","Armaments","Reaper+1","Shrug It Off","Armaments","Metallicize","Shrug It Off","True Grit","Feel No Pain","Exhume","Burning Pact+1","Master of Strategy","Magnetism","Iron Wave+1","Shrug It Off","Whirlwind+1","Apotheosis","Metallicize+1","Evolve+1","Inflame+1"],"special_seed":0,"relics":["Burning Blood","MawBank","Bloody Idol","Centennial Puzzle","Nunchaku","Regal Pillow","Molten Egg 2","Fusion Hammer","Bottled Lightning","Oddly Smooth Stone","Dodecahedron","Gremlin Horn","Bronze Scales","Mercury Hourglass","Medical Kit","Black Star","Frozen Egg 2","Pantograph","The Courier","Smiling Mask","Ice Cream","Pear","Matryoshka"],"potions_floor_usage":[40,40,50],"damage_taken":[{"damage":3.0,"enemies":"Jaw Worm","floor":1.0,"turns":5.0},{"damage":0.0,"enemies":"Small Slimes","floor":2.0,"turns":3.0},{"damage":1.0,"enemies":"2 Louse","floor":4.0,"turns":3.0},{"damage":40.0,"enemies":"3 Sentries","floor":6.0,"turns":12.0},{"damage":27.0,"enemies":"Gremlin Nob","floor":8.0,"turns":5.0},{"damage":12.0,"enemies":"Blue Slaver","floor":11.0,"turns":3.0},{"damage":32.0,"enemies":"3 Sentries","floor":12.0,"turns":8.0},{"damage":10.0,"enemies":"Large Slime","floor":13.0,"turns":4.0},{"damage":4.0,"enemies":"3 Louse","floor":14.0,"turns":3.0},{"damage":1.0,"enemies":"Slime Boss","floor":16.0,"turns":6.0},{"damage":21.0,"enemies":"Spheric Guardian","floor":18.0,"turns":6.0},{"damage":3.0,"enemies":"Chosen","floor":21.0,"turns":5.0},{"damage":33.0,"enemies":"Slavers","floor":23.0,"turns":6.0},{"damage":68.0,"enemies":"Book of Stabbing","floor":25.0,"turns":9.0},{"damage":9.0,"enemies":"Centurion and Healer","floor":27.0,"turns":9.0},{"damage":21.0,"enemies":"Cultist and Chosen","floor":28.0,"turns":8.0},{"damage":0.0,"enemies":"Shelled Parasite and Fungi","floor":31.0,"turns":4.0},{"damage":28.0,"enemies":"Automaton","floor":33.0,"turns":10.0},{"damage":29.0,"enemies":"3 Darklings","floor":35.0,"turns":6.0},{"damage":26.0,"enemies":"Flame Bruiser 1 Orb","floor":37.0,"turns":12.0},{"damage":61.0,"enemies":"Transient","floor":38.0,"turns":5.0},{"damage":42,"enemies":"2 Orb Walkers","floor":40,"turns":7},{"damage":31,"enemies":"Nemesis","floor":42,"turns":11},{"damage":57,"enemies":"Giant Head","floor":45,"turns":10},{"damage":20,"enemies":"Jaw Worm Horde","floor":46,"turns":4},{"damage":78,"enemies":"Donu and Deca","floor":50,"turns":11}],"seed_played":"405078870571999519","potions_obtained":[{"floor":1.0,"key":"Weak Potion"},{"floor":4.0,"key":"Poison Potion"},{"floor":12.0,"key":"Energy Potion"},{"floor":14.0,"key":"SkillPotion"},{"floor":16.0,"key":"Strength Potion"},{"floor":21.0,"key":"LiquidBronze"},{"floor":31.0,"key":"LiquidBronze"},{"floor":33.0,"key":"Dexterity Potion"},{"floor":38.0,"key":"Strength Potion"}],"is_trial":false,"path_per_floor":["M","M","?","M","?","E","R","E","T","R","M","E","M","M","R","B",null,"M","?","T","M","?","E","R","E","T","M","M","T","$","M","R","B",null,"M","?","M","M","?","E","R","E","T","R","E","M","$","?","R","B"],"character_chosen":"IRONCLAD","items_purchased":["Metallicize","Mercury Hourglass","Medical Kit","Shrug It Off","True Grit","Apotheosis","Metallicize+1","Evolve+1","Inflame+1","SteroidPotion"],"campfire_rested":7,"item_purchase_floors":[30,30,30,30,30,47,47,47,47,47],"current_hp_per_floor":[85,89,63,68,68,34,34,13,13,52,46,20,16,18,57,62,76,61,61,66,79,81,59,81,33,38,62,76,81,81,81,81,81,81,81,71,81,31,31,21,60,81,81,81,45,50,50,55,91,39],"gold":62,"neow_bonus":"TWENTY_PERCENT_HP_BONUS","is_prod":false,"is_daily":false,"chose_seed":false,"campfire_upgraded":1,"win_rate":0,"timestamp":1534620553,"path_taken":["M","M","?","M","?","E","R","E","T","R","M","E","?","M","R","BOSS","M","?","?","M","?","E","R","E","T","M","M","?","$","M","R","BOSS","M","?","M","M","?","E","R","E","T","R","E","M","$","?","R","BOSS"],"build_version":"2018-08-16","purchased_purges":2,"victory":true,"max_hp_per_floor":[89,89,89,89,81,81,81,81,81,81,81,81,81,81,81,81,81,81,81,81,81,81,81,81,81,81,81,81,81,81,81,81,81,81,81,81,81,81,81,81,81,81,81,81,91,91,91,91,91,91],"card_choices":[{"not_picked":["Dual Wield","Pummel"],"picked":"Power Through","floor":1.0},{"not_picked":["Fire Breathing","Shrug It Off"],"picked":"Pommel Strike","floor":2.0},{"not_picked":["Headbutt","Pummel"],"picked":"Shockwave","floor":4.0},{"not_picked":["Sword Boomerang","Wild Strike"],"picked":"Demon Form","floor":6.0},{"not_picked":["Sword Boomerang","Corruption"],"picked":"Clothesline","floor":8.0},{"not_picked":["Pommel Strike","Inflame"],"picked":"Iron Wave","floor":11.0},{"not_picked":["Sever Soul","Blood for Blood"],"picked":"Cleave","floor":12.0},{"not_picked":["Pommel Strike+1","Twin Strike+1","Searing Blow+1"],"picked":"SKIP","floor":13.0},{"not_picked":["Spot Weakness","Combust"],"picked":"Armaments","floor":14.0},{"not_picked":["Brutality","Berserk"],"picked":"Reaper+1","floor":16.0},{"not_picked":["Warcry","Hemokinesis+1"],"picked":"Shrug It Off","floor":18.0},{"not_picked":["Havoc","Flex","Pommel Strike+1"],"picked":"SKIP","floor":21.0},{"not_picked":["Blood for Blood+1","Sever Soul+1","Clothesline+1"],"picked":"SKIP","floor":23.0},{"not_picked":["Inflame","Headbutt+1","Thunderclap+1"],"picked":"SKIP","floor":25.0},{"not_picked":["Wild Strike+1","Iron Wave+1"],"picked":"Armaments","floor":27.0},{"not_picked":["Clothesline+1","Spot Weakness","Entrench"],"picked":"SKIP","floor":28.0},{"not_picked":["Dropkick+1","Clash+1"],"picked":"Feel No Pain","floor":31.0},{"not_picked":["Demon Form","Berserk"],"picked":"Exhume","floor":33.0},{"not_picked":["Clash+1","Headbutt+1"],"picked":"Burning Pact+1","floor":35.0},{"not_picked":["Metamorphosis","Discovery"],"picked":"Master of Strategy","floor":36.0},{"not_picked":["Purity","Impatience"],"picked":"Magnetism","floor":36.0},{"not_picked":["Clash+1","Reckless Charge+1","Perfected Strike+1"],"picked":"SKIP","floor":37.0},{"not_picked":["Blood for Blood+1","Intimidate+1"],"picked":"Iron Wave+1","floor":38.0},{"not_picked":["Twin Strike+1","Pommel Strike+1","Spot Weakness"],"picked":"SKIP","floor":40},{"not_picked":["Havoc","Dropkick+1","Brutality+1"],"picked":"SKIP","floor":42},{"not_picked":["Bloodletting","Ghostly Armor"],"picked":"Shrug It Off","floor":45},{"not_picked":["Body Slam+1","Armaments+1"],"picked":"Whirlwind+1","floor":46}],"player_experience":1173531,"relics_obtained":[{"floor":6.0,"key":"Centennial Puzzle"},{"floor":8.0,"key":"Nunchaku"},{"floor":9.0,"key":"Regal Pillow"},{"floor":12.0,"key":"Molten Egg 2"},{"floor":20.0,"key":"Bottled Lightning"},{"floor":23.0,"key":"Oddly Smooth Stone"},{"floor":25.0,"key":"Dodecahedron"},{"floor":26.0,"key":"Gremlin Horn"},{"floor":29.0,"key":"Bronze Scales"},{"floor":40,"key":"Frozen Egg 2"},{"floor":40,"key":"Pantograph"},{"floor":42,"key":"The Courier"},{"floor":42,"key":"Smiling Mask"},{"floor":43,"key":"Ice Cream"},{"floor":45,"key":"Pear"},{"floor":45,"key":"Matryoshka"}],"event_choices":[{"event_name":"Scrap Ooze","player_choice":"success","floor":3.0,"damage_taken":26.0},{"event_name":"Golden Idol","player_choice":"Lose Max HP","floor":5.0,"damage_taken":0.0},{"event_name":"Forgotten Altar","player_choice":"Gave Idol","floor":19.0,"damage_taken":0.0},{"event_name":"Nest","player_choice":"Stole From Cult","floor":22.0,"damage_taken":0.0},{"event_name":"SensoryStone","player_choice":"Memory 3","floor":36.0,"damage_taken":0.0},{"event_name":"The Moai Head","player_choice":"Ignored","floor":39.0,"damage_taken":0.0},{"event_name":"Golden Shrine","player_choice":"Pray","floor":48,"damage_taken":0}],"is_beta":true,"boss_relics":[{"not_picked":["White Beast Statue","Calling Bell"],"picked":"Fusion Hammer"},{"not_picked":["Philosopher\u0027s Stone","Runic Dome"],"picked":"Black Star"}],"items_purged_floors":[30,47],"is_endless":false,"potions_floor_spawned":[1,4,12,14,16,21,31,33,38],"ascension_level":15}