{"path_per_floor":["M","M","?","?","?","E","M","E","T","M","R","M","M","$","R","B",null,"M","M","M","?","M","R","T","R","T","M","M","M"],"character_chosen":"IRONCLAD","items_purchased":["Tiny Chest"],"gold_per_floor":[15,28,28,103,103,128,146,174,198,218,218,229,244,43,43,118,118,129,95,112,112,122,122,122,122,122,140,156,170,170],"floor_reached":30,"campfire_rested":0,"playtime":1646,"item_purchase_floors":[],"current_hp_per_floor":[78,79,79,68,68,25,29,19,19,27,27,35,39,39,39,47,72,69,58,60,60,38,38,38,38,38,41,18,12,0],"items_purged":["Strike_R"],"gold":170,"score":488,"play_id":"50a020c5-80da-4f07-9ae5-5480bca794a2","local_time":"20180524215326","is_prod":false,"is_daily":false,"chose_seed":false,"is_ascension_mode":true,"campfire_upgraded":4,"win_rate":0,"timestamp":1527195206,"campfire_choices":[{"data":"Armaments","floor":11.0,"key":"SMITH"},{"data":"True Grit","floor":15.0,"key":"SMITH"},{"data":"Barricade","floor":23,"key":"SMITH"},{"data":"Demon Form","floor":25,"key":"SMITH"}],"path_taken":["M","M","?","?","?","E","M","E","T","?","R","M","M","$","R","BOSS","M","M","?","?","M","R","?","R","T","?","M","?","?"],"build_version":"2018-05-23v2","seed_source_timestamp":0,"purchased_purges":1,"victory":false,"master_deck":["Strike_R","Strike_R","Strike_R","Defend_R","Defend_R","Defend_R","Defend_R","Bash","AscendersBane","Immolate","Warcry","Battle Trance","Corruption","Warcry","Shrug It Off","Armaments+1","Barricade+1","Flame Barrier","True Grit+1","Demon Form+1","Entrench+1","Body Slam+1","Metallicize","Feel No Pain"],"max_hp_per_floor":[80,80,80,80,80,80,80,80,80,80,80,80,80,80,80,80,80,80,80,80,80,80,80,80,80,80,80,80,80,80],"relics":["Burning Blood","Bag of Preparation","Blood Vial","Oddly Smooth Stone","Tiny Chest","Lizard Tail","Matryoshka","Bronze Scales","Peace Pipe"],"card_choices":[{"not_picked":["Reaper","Impervious"],"picked":"Immolate","floor":0.0},{"not_picked":["Whirlwind","Blood for Blood"],"picked":"Warcry","floor":1.0},{"not_picked":["Headbutt","Havoc"],"picked":"Battle Trance","floor":2.0},{"not_picked":["Shockwave","Wild Strike"],"picked":"Shrug It Off","floor":6.0},{"not_picked":["Perfected Strike","Anger","Pommel Strike"],"picked":"SKIP","floor":7.0},{"not_picked":["Rage","Anger"],"picked":"Armaments","floor":8.0},{"not_picked":["Spot Weakness","Clash"],"picked":"Barricade","floor":10.0},{"not_picked":["Pummel","Perfected Strike"],"picked":"Flame Barrier","floor":12.0},{"not_picked":["Warcry","Flame Barrier"],"picked":"True Grit","floor":13.0},{"not_picked":["Impervious","Immolate"],"picked":"Demon Form","floor":16},{"not_picked":["Sword Boomerang","Wild Strike"],"picked":"Entrench+1","floor":18},{"not_picked":["Shrug It Off","Searing Blow"],"picked":"Body Slam+1","floor":19},{"not_picked":["Iron Wave","Clothesline","Heavy Blade"],"picked":"SKIP","floor":20},{"not_picked":["Wild Strike","Shockwave+1","Cleave"],"picked":"SKIP","floor":22},{"not_picked":["Fire Breathing+1","Clothesline","Infernal Blade"],"picked":"SKIP","floor":27},{"not_picked":["Carnage","Barricade","Headbutt"],"picked":"SKIP","floor":28},{"not_picked":["Iron Wave","Body Slam"],"picked":"Feel No Pain","floor":29}],"player_experience":616454,"potions_floor_usage":[16,16,18,22,27,28],"damage_taken":[{"damage":0.0,"enemies":"2 Louse","floor":1.0,"turns":2.0},{"damage":5.0,"enemies":"Small Slimes","floor":2.0,"turns":3.0},{"damage":49.0,"enemies":"Gremlin Nob","floor":6.0,"turns":5.0},{"damage":2.0,"enemies":"Jaw Worm","floor":7.0,"turns":3.0},{"damage":16.0,"enemies":"3 Sentries","floor":8.0,"turns":6.0},{"damage":0.0,"enemies":"3 Louse","floor":10.0,"turns":1.0},{"damage":0.0,"enemies":"Exordium Wildlife","floor":12.0,"turns":2.0},{"damage":4.0,"enemies":"Exordium Thugs","floor":13.0,"turns":4.0},{"damage":0,"enemies":"Hexaghost","floor":16,"turns":20},{"damage":11,"enemies":"Chosen","floor":18,"turns":9},{"damage":19,"enemies":"2 Thieves","floor":19,"turns":5},{"damage":6,"enemies":"Snake Plant","floor":20,"turns":5},{"damage":30,"enemies":"Centurion and Healer","floor":22,"turns":12},{"damage":5,"enemies":"Snecko","floor":27,"turns":8},{"damage":102,"enemies":"Cultist and Chosen","floor":28,"turns":8},{"damage":14,"enemies":"3 Cultists","floor":29,"turns":6},{"damage":17,"enemies":"Slaver and Parasite","floor":30,"turns":2}],"relics_obtained":[{"floor":6.0,"key":"Bag of Preparation"},{"floor":8.0,"key":"Blood Vial"},{"floor":9.0,"key":"Oddly Smooth Stone"},{"floor":24,"key":"Matryoshka"},{"floor":26,"key":"Bronze Scales"},{"floor":26,"key":"Peace Pipe"}],"event_choices":[{"event_name":"Living Wall","player_choice":"Forget","floor":3.0,"damage_taken":0.0},{"event_name":"World of Goop","player_choice":"Gather Gold","floor":4.0,"damage_taken":0.0},{"event_name":"Match and Keep!","player_choice":"2 cards matched","floor":5.0,"damage_taken":0.0},{"event_name":"Match and Keep!","player_choice":"1 cards matched","floor":21,"damage_taken":0}],"boss_relics":[{"not_picked":["Orrery","Runic Pyramid"],"picked":"Lizard Tail"}],"items_purged_floors":[],"potions_floor_spawned":[1,6,7,13,16,19,27,29],"seed_played":"-7879344229105582879","killed_by":"Slaver and Parasite","ascension_level":13,"potions_obtained":[{"floor":1.0,"key":"Ancient Potion"},{"floor":6.0,"key":"PowerPotion"},{"floor":7.0,"key":"Block Potion"},{"floor":13.0,"key":"EssenceOfSteel"},{"floor":16,"key":"EssenceOfSteel"},{"floor":19,"key":"Swift Potion"},{"floor":27,"key":"BloodPotion"},{"floor":29,"key":"EssenceOfSteel"}],"is_trial":false}