{"gold_per_floor":[109,120,130,20,20,46,65,17,66,66,85,13,27,0,0,0],"floor_reached":16,"playtime":852,"items_purged":["Strike_B"],"score":102,"play_id":"6fe5bdad-2ad2-44ac-b85e-2f85deb1d634","local_time":"20190812021959","is_ascension_mode":false,"campfire_choices":[{"data":"Storm","floor":10.0,"key":"SMITH"},{"floor":15.0,"key":"REST"}],"neow_cost":"NONE","seed_source_timestamp":0,"circlet_count":0,"master_deck":["Strike_B","Strike_B+1","Strike_B+1","Defend_B","Defend_B","Defend_B","Defend_B","Zap","Dualcast","Consume","Hologram","Steam Power","White Noise+1","Seek","Storm+1","Storm","Force Field"],"special_seed":0,"relics":["Cracked Core","NeowsBlessing","Matryoshka","Whetstone","Orichalcum"],"potions_floor_usage":[16],"damage_taken":[{"damage":0.0,"enemies":"Cultist","floor":1.0,"turns":1.0},{"damage":0.0,"enemies":"2 Louse","floor":2.0,"turns":1.0},{"damage":0.0,"enemies":"Small Slimes","floor":3.0,"turns":1.0},{"damage":34.0,"enemies":"Gremlin Nob","floor":6.0,"turns":5.0},{"damage":5.0,"enemies":"3 Louse","floor":7.0,"turns":5.0},{"damage":3.0,"enemies":"Blue Slaver","floor":11.0,"turns":4.0},{"damage":5.0,"enemies":"Exordium Wildlife","floor":13.0,"turns":3.0},{"damage":51,"enemies":"Hexaghost","floor":16,"turns":10}],"seed_played":"9189023683975397161","potions_obtained":[{"floor":2.0,"key":"Dexterity Potion"},{"floor":7.0,"key":"Swift Potion"}],"is_trial":false,"path_per_floor":["M","M","M","$","?","E","M","$","T","R","M","$","M","?","R","B"],"character_chosen":"DEFECT","items_purchased":["White Noise","SkillPotion","Storm"],"campfire_rested":1,"item_purchase_floors":[4,8,12],"current_hp_per_floor":[75,75,75,75,75,41,36,36,36,36,33,33,28,28,50,0],"gold":0,"neow_bonus":"THREE_ENEMY_KILL","is_prod":false,"is_daily":false,"chose_seed":false,"campfire_upgraded":1,"win_rate":0.0,"timestamp":1565601599,"path_taken":["M","?","M","$","?","E","M","$","T","R","M","?","M","?","R","BOSS"],"build_version":"2019-07-17","purchased_purges":1,"victory":false,"max_hp_per_floor":[75,75,75,75,75,75,75,75,75,75,75,75,75,75,75,75],"card_choices":[{"not_picked":["Rebound","Turbo"],"picked":"Consume","floor":1.0},{"not_picked":["Coolheaded","Leap"],"picked":"Hologram","floor":2.0},{"not_picked":["Reprogram","Gash"],"picked":"Steam Power","floor":3.0},{"not_picked":["Hologram","Conserve Battery"],"picked":"Seek","floor":6.0},{"not_picked":["Beam Cell","Steam"],"picked":"Storm","floor":7.0},{"not_picked":["Scrape","Heatsinks","Ball Lightning"],"picked":"SKIP","floor":11.0},{"not_picked":["Defragment","Storm"],"picked":"Force Field","floor":13.0}],"player_experience":76324,"relics_obtained":[{"floor":6.0,"key":"Matryoshka"},{"floor":9.0,"key":"Whetstone"},{"floor":9.0,"key":"Orichalcum"}],"event_choices":[{"damage_healed":0.0,"max_hp_gain":0.0,"max_hp_loss":0.0,"gold_gain":0.0,"event_name":"Upgrade Shrine","player_choice":"Upgraded","floor":5.0,"gold_loss":0.0,"damage_taken":0.0,"cards_upgraded":["White Noise"]},{"damage_healed":0.0,"max_hp_gain":0.0,"max_hp_loss":0.0,"gold_gain":0.0,"event_name":"World of Goop","player_choice":"Left Gold","floor":14.0,"gold_loss":27.0,"damage_taken":0.0}],"is_beta":false,"boss_relics":[],"items_purged_floors":[4],"is_endless":false,"potions_floor_spawned":[2,7],"killed_by":"Hexaghost","ascension_level":0}