{"gold_per_floor":[118,118,138,118,131,131,159,159,159,171,171,188,219,229,229,229],"floor_reached":16,"playtime":426,"items_purged":[],"score":224,"play_id":"2702e091-4289-4c6a-a6ff-f21e509a6ac9","local_time":"20190723231548","is_ascension_mode":true,"campfire_choices":[{"data":"Bash","floor":6.0,"key":"SMITH"},{"data":"Clothesline","floor":8.0,"key":"SMITH"},{"data":"Pommel Strike","floor":11,"key":"SMITH"},{"data":"Pummel","floor":15,"key":"SMITH"}],"neow_cost":"NONE","seed_source_timestamp":631864806945100,"circlet_count":0,"master_deck":["AscendersBane","Strike_R","Strike_R","Strike_R","Strike_R","Defend_R","Defend_R","Defend_R","Defend_R","Bash+1","Clothesline+1","Pommel Strike+1","Pummel+1","Reaper"],"special_seed":0,"relics":["Burning Blood","NeowsBlessing","Question Card","Singing Bowl","Unceasing Top"],"potions_floor_usage":[13],"damage_taken":[{"damage":0.0,"enemies":"Small Slimes","floor":1.0,"turns":1.0},{"damage":0.0,"enemies":"Cultist","floor":3.0,"turns":1.0},{"damage":0.0,"enemies":"Jaw Worm","floor":5.0,"turns":1.0},{"damage":6.0,"enemies":"Gremlin Nob","floor":7.0,"turns":3.0},{"damage":31,"enemies":"Exordium Thugs","floor":10,"turns":5},{"damage":7,"enemies":"Large Slime","floor":12,"turns":5},{"damage":40,"enemies":"Lagavulin","floor":13,"turns":6},{"damage":1,"enemies":"2 Fungi Beasts","floor":14,"turns":3},{"damage":58,"enemies":"Slime Boss","floor":16,"turns":9}],"seed_played":"4732691564257710085","potions_obtained":[{"floor":3.0,"key":"BloodPotion"},{"floor":4.0,"key":"AttackPotion"},{"floor":12,"key":"SmokeBomb"}],"is_trial":false,"path_per_floor":["M","?","M","?","M","R","E","R","T","M","R","M","E","M","R","B"],"character_chosen":"IRONCLAD","items_purchased":[],"campfire_rested":0,"item_purchase_floors":[],"current_hp_per_floor":[74,74,75,75,75,75,75,75,75,50,50,49,37,44,44,0],"gold":229,"neow_bonus":"THREE_ENEMY_KILL","is_prod":false,"is_daily":false,"chose_seed":false,"campfire_upgraded":4,"win_rate":0,"timestamp":1563920148,"path_taken":["M","?","?","?","M","R","E","R","T","?","R","M","E","M","R","BOSS"],"build_version":"2019-07-18","purchased_purges":0,"victory":false,"max_hp_per_floor":[75,75,75,75,75,75,75,75,75,75,75,75,77,79,79,79],"card_choices":[{"not_picked":["True Grit","Twin Strike"],"picked":"Clothesline","floor":1.0},{"not_picked":["Ghostly Armor","Wild Strike"],"picked":"Pommel Strike","floor":3.0},{"not_picked":["Clash","Flex","Warcry"],"picked":"SKIP","floor":5.0},{"not_picked":["Double Tap","Warcry","Sentinel"],"picked":"SKIP","floor":7.0},{"not_picked":["Clothesline","Fire Breathing","Twin Strike"],"picked":"Pummel","floor":10},{"not_picked":["Pommel Strike","Headbutt","Cleave"],"picked":"Reaper","floor":12},{"not_picked":["Evolve","Body Slam","Whirlwind","Flex"],"picked":"Singing Bowl","floor":13},{"not_picked":["Pommel Strike","Searing Blow","Sever Soul","Iron Wave"],"picked":"Singing Bowl","floor":14}],"player_experience":2237680,"relics_obtained":[{"floor":7.0,"key":"Question Card"},{"floor":9.0,"key":"Singing Bowl"},{"floor":13,"key":"Unceasing Top"}],"event_choices":[{"cards_removed":["Strike_R"],"damage_healed":0.0,"max_hp_gain":0.0,"max_hp_loss":0.0,"gold_gain":0.0,"event_name":"Bonfire Elementals","player_choice":"Offered Basic","floor":2.0,"gold_loss":0.0,"damage_taken":0.0},{"damage_healed":0.0,"max_hp_gain":0.0,"max_hp_loss":0.0,"gold_gain":0.0,"event_name":"The Woman in Blue","player_choice":"Bought 1 Potion","floor":4.0,"gold_loss":0.0,"damage_taken":0.0}],"is_beta":true,"boss_relics":[],"items_purged_floors":[],"is_endless":false,"potions_floor_spawned":[3,5,12],"killed_by":"Slime Boss","ascension_level":20}