{"gold_per_floor":[109,123,38,52,52,52,62,97,97,97,112,112,127,138,138,212,212,225,239,239,239,256,256,287,287,287,322,372,390,390,340,340,340],"floor_reached":33,"playtime":1154,"items_purged":[],"score":649,"play_id":"f7d2f60f-7340-4f51-95cc-37a754f79403","local_time":"20190430184634","is_ascension_mode":true,"campfire_choices":[{"data":"Corpse Explosion","floor":6.0,"key":"SMITH"},{"data":"Neutralize","floor":10.0,"key":"SMITH"},{"data":"Caltrops","floor":12.0,"key":"SMITH"},{"data":"Deadly Poison","floor":15.0,"key":"SMITH"},{"floor":23.0,"key":"REST"},{"data":"Quick Slash","floor":25.0,"key":"SMITH"},{"data":"Catalyst","floor":30.0,"key":"SMITH"},{"floor":32.0,"key":"REST"}],"neow_cost":"NONE","seed_source_timestamp":0,"circlet_count":0,"master_deck":["AscendersBane","Defend_G+1","Defend_G+1","Defend_G+1","Defend_G+1","Defend_G+1","Strike_G+1","Strike_G+1","Strike_G+1","Survivor","Neutralize+1","Quick Slash","Corpse Explosion+1","Predator+1","Caltrops+1","PiercingWail","Deadly Poison+1","Backflip+1","Quick Slash+1","Heel Hook","Catalyst+1","Malaise"],"special_seed":0,"relics":["Ring of the Snake","Anchor","Happy Flower","Singing Bowl","Cursed Key","Mango","Calipers"],"potions_floor_usage":[33],"damage_taken":[{"damage":2.0,"enemies":"2 Louse","floor":1.0,"turns":3.0},{"damage":0.0,"enemies":"Small Slimes","floor":2.0,"turns":3.0},{"damage":0.0,"enemies":"Cultist","floor":4.0,"turns":4.0},{"damage":4.0,"enemies":"Blue Slaver","floor":7.0,"turns":3.0},{"damage":17.0,"enemies":"Gremlin Nob","floor":8.0,"turns":4.0},{"damage":0.0,"enemies":"Gremlin Gang","floor":11.0,"turns":2.0},{"damage":0.0,"enemies":"Large Slime","floor":13.0,"turns":5.0},{"damage":0.0,"enemies":"Exordium Wildlife","floor":14.0,"turns":3.0},{"damage":15.0,"enemies":"The Guardian","floor":16.0,"turns":9.0},{"damage":4.0,"enemies":"3 Byrds","floor":18.0,"turns":3.0},{"damage":24.0,"enemies":"Chosen","floor":19.0,"turns":4.0},{"damage":20.0,"enemies":"Snecko","floor":22.0,"turns":5.0},{"damage":4.0,"enemies":"Slavers","floor":24.0,"turns":5.0},{"damage":6.0,"enemies":"Gremlin Leader","floor":27.0,"turns":7.0},{"damage":2.0,"enemies":"Centurion and Healer","floor":29.0,"turns":3.0},{"damage":65,"enemies":"Collector","floor":33,"turns":6}],"seed_played":"-7193449646008113460","potions_obtained":[{"floor":4.0,"key":"Ancient Potion"},{"floor":7.0,"key":"EntropicBrew"},{"floor":8.0,"key":"Swift Potion"},{"floor":11.0,"key":"Strength Potion"},{"floor":24.0,"key":"Poison Potion"}],"is_trial":false,"path_per_floor":["M","M","$","M","?","R","M","E","T","R","M","R","M","M","R","B",null,"M","M","?","?","M","R","E","R","T","E","?","M","R","?","R","B"],"character_chosen":"THE_SILENT","items_purchased":["Corpse Explosion"],"campfire_rested":2,"item_purchase_floors":[3],"current_hp_per_floor":[57,57,57,57,37,37,33,16,16,16,16,16,16,18,18,5,54,50,28,28,28,10,32,44,44,44,38,29,27,27,27,54,0],"gold":340,"neow_bonus":"RANDOM_COMMON_RELIC","is_prod":false,"is_daily":false,"chose_seed":false,"campfire_upgraded":6,"win_rate":0,"timestamp":1556646394,"path_taken":["M","M","$","M","?","R","M","E","T","R","M","R","M","M","R","BOSS","M","M","?","?","M","R","E","R","T","E","?","?","R","?","R","BOSS"],"build_version":"2019-04-23","purchased_purges":0,"victory":false,"max_hp_per_floor":[66,66,66,66,66,66,66,66,66,66,66,66,66,68,68,70,70,70,72,72,72,74,74,90,90,90,90,90,90,90,90,90,90],"card_choices":[{"not_picked":["Blade Dance","Bane","Heel Hook"],"picked":"SKIP","floor":1.0},{"not_picked":["Dodge and Roll","Heel Hook"],"picked":"Quick Slash","floor":2.0},{"not_picked":["Deadly Poison","All Out Attack"],"picked":"Predator","floor":4.0},{"not_picked":["PiercingWail","Reflex"],"picked":"Caltrops","floor":7.0},{"not_picked":["Heel Hook","Skewer","Outmaneuver"],"picked":"SKIP","floor":8.0},{"not_picked":["Envenom","Setup"],"picked":"PiercingWail","floor":11.0},{"not_picked":["Outmaneuver","Slice"],"picked":"Deadly Poison","floor":13.0},{"not_picked":["Prepared","Tactician","Flying Knee"],"picked":"Singing Bowl","floor":14.0},{"not_picked":["Die Die Die","Doppelganger","Corpse Explosion"],"picked":"Singing Bowl","floor":16.0},{"not_picked":["Leg Sweep","PiercingWail"],"picked":"Backflip+1","floor":18.0},{"not_picked":["Blade Dance","Acrobatics","Dagger Spray"],"picked":"Singing Bowl","floor":19.0},{"not_picked":["Dagger Spray","Backflip","All Out Attack"],"picked":"Singing Bowl","floor":22.0},{"not_picked":["Infinite Blades+1","Deadly Poison","Predator"],"picked":"Singing Bowl","floor":24.0},{"not_picked":["Bouncing Flask","Poisoned Stab"],"picked":"Catalyst","floor":27.0},{"not_picked":["Dash","Cloak And Dagger"],"picked":"Malaise","floor":29.0}],"player_experience":2036591,"relics_obtained":[{"floor":8.0,"key":"Happy Flower"},{"floor":9.0,"key":"Singing Bowl"},{"floor":24.0,"key":"Mango"},{"floor":27.0,"key":"Calipers"}],"event_choices":[{"damage_healed":0.0,"max_hp_gain":0.0,"max_hp_loss":0.0,"gold_gain":0.0,"event_name":"Shining Light","player_choice":"Entered Light","floor":5.0,"gold_loss":0.0,"damage_taken":20.0,"cards_upgraded":["Predator","Defend_G"]},{"damage_healed":0.0,"max_hp_gain":0.0,"max_hp_loss":0.0,"gold_gain":0.0,"event_name":"Back to Basics","player_choice":"Simplicity","floor":20.0,"gold_loss":0.0,"damage_taken":0.0,"cards_upgraded":["Defend_G","Defend_G","Defend_G","Defend_G","Strike_G","Strike_G","Strike_G","Strike_G","Strike_G"]},{"damage_healed":0.0,"max_hp_gain":0.0,"max_hp_loss":0.0,"gold_gain":0.0,"cards_transformed":["Strike_G","Strike_G"],"event_name":"Drug Dealer","player_choice":"Became Test Subject","floor":21.0,"gold_loss":0.0,"damage_taken":0.0,"cards_obtained":["Quick Slash","Heel Hook"]},{"damage_healed":0.0,"max_hp_gain":0.0,"max_hp_loss":0.0,"gold_gain":50.0,"event_name":"FaceTrader","player_choice":"Touch","floor":28.0,"gold_loss":0.0,"damage_taken":9.0},{"damage_healed":0.0,"max_hp_gain":0.0,"max_hp_loss":0.0,"gold_gain":0.0,"event_name":"The Joust","player_choice":"Bet on Murderer","floor":31.0,"gold_loss":50.0,"damage_taken":0.0}],"is_beta":true,"boss_relics":[{"not_picked":["Runic Dome","Black Star"],"picked":"Cursed Key"}],"items_purged_floors":[],"is_endless":false,"potions_floor_spawned":[4,7,8,11,24],"killed_by":"Collector","ascension_level":20}