{"gold_per_floor":[112,129,279,299,32,32,52,79,104,104,119,119,119,153,153,224,224,239,239,239,239,251,251,267,267],"floor_reached":25,"playtime":1109,"items_purged":["Doubt"],"score":473,"play_id":"fedd277c-6ead-414b-9e92-280f14c6069b","local_time":"20180826223455","is_ascension_mode":true,"campfire_choices":[{"data":"Bash","floor":6.0,"key":"SMITH"},{"data":"Clothesline","floor":10.0,"key":"SMITH"},{"data":"Combust","floor":13.0,"key":"SMITH"},{"data":"Limit Break","floor":15.0,"key":"SMITH"},{"data":"Armaments","floor":23.0,"key":"SMITH"}],"neow_cost":"","seed_source_timestamp":0,"circlet_count":0,"master_deck":["Strike_R","Strike_R","Strike_R","Strike_R","Strike_R","Defend_R","Defend_R","Defend_R","Defend_R","Bash+1","AscendersBane","Anger","Clothesline+1","Limit Break+1","Spot Weakness","Combust+1","Battle Trance","Iron Wave","Impervious","Armaments+1","Disarm","Headbutt","Ghostly","Ghostly","Ghostly","Ghostly","Ghostly","Disarm","Feel No Pain"],"special_seed":0,"relics":["Burning Blood","Happy Flower","Omamori","Ancient Tea Set","Boot","Orrery","Potion Belt","Necronomicon"],"potions_floor_usage":[25],"damage_taken":[{"damage":7.0,"enemies":"Small Slimes","floor":1.0,"turns":4.0},{"damage":14.0,"enemies":"Jaw Worm","floor":2.0,"turns":4.0},{"damage":1.0,"enemies":"2 Louse","floor":4.0,"turns":4.0},{"damage":11.0,"enemies":"Blue Slaver","floor":7.0,"turns":5.0},{"damage":14.0,"enemies":"Lagavulin","floor":8.0,"turns":4.0},{"damage":10.0,"enemies":"Exordium Wildlife","floor":11.0,"turns":4.0},{"damage":1.0,"enemies":"Gremlin Nob","floor":14.0,"turns":2.0},{"damage":41.0,"enemies":"Hexaghost","floor":16.0,"turns":9.0},{"damage":25.0,"enemies":"Shell Parasite","floor":18.0,"turns":10.0},{"damage":4.0,"enemies":"Spheric Guardian","floor":22.0,"turns":5.0},{"damage":10.0,"enemies":"Chosen and Byrds","floor":24.0,"turns":9.0},{"damage":18,"enemies":"Gremlin Leader","floor":25,"turns":6}],"seed_played":"-3212054631545087336","potions_obtained":[{"floor":7.0,"key":"AttackPotion"},{"floor":11.0,"key":"SteroidPotion"},{"floor":22.0,"key":"SteroidPotion"}],"is_trial":false,"path_per_floor":["M","M","?","M","$","R","M","E","T","R","M","?","R","E","R","B",null,"M","?","?","?","M","R","M"],"character_chosen":"IRONCLAD","items_purchased":["Spot Weakness","Combust","AttackPotion"],"campfire_rested":0,"item_purchase_floors":[5,5,5],"current_hp_per_floor":[67,59,59,64,64,64,59,51,51,51,47,42,42,47,47,12,59,40,40,19,19,21,21,17,0],"gold":267,"neow_bonus":"","is_prod":false,"is_daily":false,"chose_seed":false,"campfire_upgraded":5,"win_rate":0,"timestamp":1535319295,"path_taken":["M","M","?","M","$","R","M","E","T","R","M","?","R","E","R","BOSS","M","?","?","?","?","R","M","E"],"build_version":"2018-08-23v2","purchased_purges":1,"victory":false,"max_hp_per_floor":[75,75,75,75,75,75,75,75,75,75,75,75,75,75,75,75,75,75,75,75,37,37,37,37,37],"card_choices":[{"not_picked":["Perfected Strike","Clash"],"picked":"Anger","floor":1.0},{"not_picked":["Blood for Blood","Body Slam"],"picked":"Clothesline","floor":2.0},{"not_picked":["Heavy Blade","Wild Strike"],"picked":"Limit Break","floor":4.0},{"not_picked":["Blood for Blood","Infernal Blade"],"picked":"Battle Trance","floor":7.0},{"not_picked":["Seeing Red","Clothesline","Sentinel"],"picked":"SKIP","floor":8.0},{"not_picked":["Bloodletting","Flex","Sentinel"],"picked":"SKIP","floor":11.0},{"not_picked":["Body Slam","Headbutt"],"picked":"Iron Wave","floor":14.0},{"not_picked":["Offering","Fiend Fire"],"picked":"Impervious","floor":16.0},{"not_picked":["Pummel","Headbutt"],"picked":"Armaments","floor":17.0},{"not_picked":["Burning Pact","Battle Trance"],"picked":"Disarm","floor":17.0},{"not_picked":["Rampage","Perfected Strike"],"picked":"Headbutt","floor":17.0},{"not_picked":["Fire Breathing","Anger","Rupture"],"picked":"SKIP","floor":18.0},{"not_picked":["Heavy Blade","Pommel Strike"],"picked":"Disarm","floor":22.0},{"not_picked":["Clothesline","Burning Pact+1"],"picked":"Feel No Pain","floor":24.0}],"player_experience":1189838,"relics_obtained":[{"floor":8.0,"key":"Happy Flower"},{"floor":9.0,"key":"Omamori"},{"floor":14.0,"key":"Boot"},{"floor":20.0,"key":"Necronomicon"}],"event_choices":[{"event_name":"Liars Game","player_choice":"agreed","floor":3.0,"damage_taken":0.0},{"event_name":"Scrap Ooze","player_choice":"success","floor":12.0,"damage_taken":5.0},{"event_name":"The Mausoleum","player_choice":"Yes","floor":19.0,"damage_taken":0.0},{"event_name":"Cursed Tome","player_choice":"Obtained Book","floor":20.0,"damage_taken":0.0},{"event_name":"Ghosts","player_choice":"Became a Ghost","floor":21.0,"damage_taken":0.0}],"is_beta":true,"boss_relics":[{"not_picked":["Calling Bell","Tiny House"],"picked":"Orrery"}],"items_purged_floors":[5],"is_endless":false,"potions_floor_spawned":[7,11,22],"killed_by":"Gremlin Leader","ascension_level":18}