{"gold_per_floor":[110,126,126,136,136,136,163,163,189,15,71,81,81,112,112,185,185,199,199,218,229,13,13,13,13,13,13,13],"floor_reached":28,"playtime":994,"items_purged":["Strike_R"],"score":448,"play_id":"49ff7497-b738-47ad-9333-725d01a13e92","local_time":"20180906143855","is_ascension_mode":true,"campfire_choices":[{"data":"Bash","floor":6,"key":"SMITH"},{"data":"True Grit","floor":8,"key":"SMITH"},{"floor":13,"key":"REST"},{"data":"Demon Form","floor":15,"key":"SMITH"},{"floor":23,"key":"REST"},{"data":"Discovery","floor":25,"key":"SMITH"},{"data":"Whirlwind","floor":27,"key":"SMITH"}],"neow_cost":"NONE","seed_source_timestamp":1700093914443556,"circlet_count":0,"master_deck":["Strike_R","Strike_R","Strike_R","Defend_R","Defend_R","Defend_R","Defend_R","Bash+1","AscendersBane","Clothesline","Pommel Strike","Spot Weakness","True Grit+1","Headbutt","Sword Boomerang","Demon Form+1","Fiend Fire","True Grit","Discovery+1","Whirlwind+1"],"relics":["Burning Blood","Vajra","Art of War","PreservedInsect","Pantograph","Smiling Mask","Cursed Key"],"potions_floor_usage":[7,11,14,20,21],"damage_taken":[{"damage":14,"enemies":"Jaw Worm","floor":1,"turns":5},{"damage":0,"enemies":"Cultist","floor":2,"turns":3},{"damage":4,"enemies":"Small Slimes","floor":4,"turns":4},{"damage":38,"enemies":"3 Sentries","floor":7,"turns":8},{"damage":24,"enemies":"Gremlin Nob","floor":11,"turns":4},{"damage":10,"enemies":"Looter","floor":12,"turns":4},{"damage":6,"enemies":"Gremlin Nob","floor":14,"turns":3},{"damage":35,"enemies":"Slime Boss","floor":16,"turns":9},{"damage":24,"enemies":"3 Byrds","floor":18,"turns":5},{"damage":27,"enemies":"2 Thieves","floor":20,"turns":4},{"damage":18,"enemies":"Snake Plant","floor":21,"turns":4},{"damage":41,"enemies":"Book of Stabbing","floor":28,"turns":3}],"seed_played":"-7927343899565144751","potions_obtained":[{"floor":4,"key":"Fruit Juice"},{"floor":7,"key":"Weak Potion"},{"floor":11,"key":"Explosive Potion"},{"floor":14,"key":"GamblersBrew"},{"floor":20,"key":"AttackPotion"}],"is_trial":false,"path_per_floor":["M","M","?","M","?","R","E","R","T","$","?","M","R","E","R","B",null,"M","?","M","M","$","R","?","R","T","R"],"character_chosen":"IRONCLAD","items_purchased":["PreservedInsect","Discovery","Whirlwind"],"campfire_rested":2,"item_purchase_floors":[10,22,22],"current_hp_per_floor":[60,66,59,61,61,61,34,34,34,34,16,12,36,36,36,32,68,50,50,29,17,17,41,41,41,41,41,0],"gold":13,"neow_bonus":"THREE_CARDS","is_prod":false,"is_daily":false,"chose_seed":false,"campfire_upgraded":5,"win_rate":0,"timestamp":1536241135,"path_taken":["M","M","?","M","?","R","E","R","T","?","?","M","R","E","R","BOSS","M","?","M","M","$","R","?","R","T","R","E"],"build_version":"2018-09-04-v2","purchased_purges":1,"victory":false,"max_hp_per_floor":[75,75,75,75,75,75,80,80,80,80,80,80,80,80,80,80,80,80,80,80,80,80,80,80,80,80,80,80],"card_choices":[{"not_picked":["Heavy Blade","Pommel Strike"],"picked":"Clothesline","floor":0},{"not_picked":["Sword Boomerang","Intimidate"],"picked":"Pommel Strike","floor":1},{"not_picked":["Power Through","Twin Strike"],"picked":"Spot Weakness","floor":2},{"not_picked":["Flex","Body Slam"],"picked":"True Grit","floor":4},{"not_picked":["Havoc","Power Through"],"picked":"Headbutt","floor":7},{"not_picked":["Spot Weakness","Clothesline"],"picked":"Sword Boomerang","floor":12},{"not_picked":["Shrug It Off","Armaments"],"picked":"Demon Form","floor":14},{"not_picked":["Dark Embrace","Demon Form"],"picked":"Fiend Fire","floor":16},{"not_picked":["Havoc","Perfected Strike","Corruption"],"picked":"SKIP","floor":18},{"not_picked":["Fire Breathing","Twin Strike","Pommel Strike"],"picked":"SKIP","floor":20},{"not_picked":["Sword Boomerang","Pommel Strike"],"picked":"True Grit","floor":21}],"player_experience":1262382,"relics_obtained":[{"floor":7,"key":"Vajra"},{"floor":9,"key":"Art of War"},{"floor":11,"key":"Pantograph"},{"floor":14,"key":"Smiling Mask"}],"event_choices":[{"event_name":"Golden Wing","player_choice":"Card Removal","floor":3,"damage_taken":0},{"event_name":"Liars Game","player_choice":"disagreed","floor":5,"damage_taken":0},{"event_name":"Dead Adventurer","player_choice":"Searched \u00271\u0027 times","floor":11,"damage_taken":0},{"event_name":"Vampires","player_choice":"Ignored","floor":19,"damage_taken":0},{"event_name":"The Mausoleum","player_choice":"No","floor":24,"damage_taken":0}],"is_beta":true,"boss_relics":[{"not_picked":["Black Blood","Astrolabe"],"picked":"Cursed Key"}],"items_purged_floors":[22],"is_endless":false,"potions_floor_spawned":[4,7,11,14,20],"killed_by":"Book of Stabbing","ascension_level":20}