{"path_per_floor":["M","?","$","M","M","E","$","R","T","?","?","M","$","E","R","B",null,"M","?","$"],"character_chosen":"IRONCLAD","items_purchased":["Bronze Scales","Clothesline","Bludgeon","Flame Barrier"],"gold_per_floor":[217,217,38,56,66,94,19,19,46,101,129,148,18,43,43,146,146,111,136,6,6],"floor_reached":21,"campfire_rested":1,"playtime":1119,"item_purchase_floors":[3,3,13,20],"current_hp_per_floor":[71,71,71,77,78,53,53,53,53,35,37,43,43,25,50,32,73,72,20,20,0],"items_purged":["Strike_R","Strike_R","Strike_R"],"gold":6,"score":287,"play_id":"2c7d8e21-d34e-4feb-9756-dea1ceeb52fa","local_time":"20180523002619","is_prod":false,"is_daily":false,"chose_seed":false,"is_ascension_mode":true,"campfire_upgraded":1,"timestamp":1527031579,"campfire_choices":[{"data":"Armaments","floor":8,"key":"SMITH"},{"floor":15,"key":"REST"}],"path_taken":["M","?","$","M","M","E","$","R","T","?","?","M","$","E","R","BOSS","M","?","?","M"],"build_version":"2018-05-21v2","seed_source_timestamp":123201416668337,"purchased_purges":3,"victory":false,"master_deck":["Strike_R","Defend_R","Defend_R","Defend_R","Defend_R","Bash","AscendersBane","True Grit","Clothesline","Shrug It Off","Seeing Red","Armaments+1","Pommel Strike","Bludgeon","Demon Form","Flame Barrier"],"max_hp_per_floor":[80,80,80,80,80,80,80,80,80,82,84,84,84,84,84,86,86,88,90,90,90],"relics":["Burning Blood","Bronze Scales","Singing Bowl","Omamori","Smiling Mask","Odd Mushroom","Anchor","Mark of Pain","Red Mask"],"card_choices":[{"not_picked":["Fire Breathing","Warcry"],"picked":"True Grit","floor":1},{"not_picked":["Searing Blow","Clash"],"picked":"Shrug It Off","floor":4},{"not_picked":["Warcry","Rampage"],"picked":"Seeing Red","floor":5},{"not_picked":["Thunderclap","Seeing Red"],"picked":"Armaments","floor":6},{"not_picked":["Seeing Red","Perfected Strike","Infernal Blade"],"picked":"Singing Bowl","floor":10},{"not_picked":["Dual Wield","Havoc","Dropkick"],"picked":"Singing Bowl","floor":11},{"not_picked":["Corruption","Sentinel"],"picked":"Pommel Strike","floor":12},{"not_picked":["Inflame","Feed"],"picked":"Demon Form","floor":14},{"not_picked":["Exhume","Berserk","Fiend Fire"],"picked":"Singing Bowl","floor":16},{"not_picked":["Havoc+1","Sword Boomerang","Anger+1"],"picked":"Singing Bowl","floor":18},{"not_picked":["Feel No Pain","Intimidate","Cleave"],"picked":"Singing Bowl","floor":19}],"player_experience":600338,"potions_floor_usage":[10,11,14,19],"damage_taken":[{"damage":7,"enemies":"Jaw Worm","floor":1,"turns":5},{"damage":0,"enemies":"Cultist","floor":4,"turns":3},{"damage":5,"enemies":"Small Slimes","floor":5,"turns":4},{"damage":31,"enemies":"3 Sentries","floor":6,"turns":9},{"damage":26,"enemies":"Lagavulin Event","floor":10,"turns":7},{"damage":6,"enemies":"The Mushroom Lair","floor":11,"turns":6},{"damage":0,"enemies":"2 Fungi Beasts","floor":12,"turns":4},{"damage":24,"enemies":"Gremlin Nob","floor":14,"turns":4},{"damage":26,"enemies":"The Guardian","floor":16,"turns":13},{"damage":9,"enemies":"2 Thieves","floor":18,"turns":5},{"damage":60,"enemies":"Masked Bandits","floor":19,"turns":7},{"damage":24,"enemies":"Spheric Guardian","floor":21,"turns":5}],"relics_obtained":[{"floor":6,"key":"Singing Bowl"},{"floor":9,"key":"Omamori"},{"floor":10,"key":"Smiling Mask"},{"floor":11,"key":"Odd Mushroom"},{"floor":14,"key":"Anchor"},{"floor":19,"key":"Red Mask"}],"event_choices":[{"event_name":"Bonfire Elementals","player_choice":"BASIC","floor":2,"damage_taken":0},{"event_name":"Dead Adventurer","player_choice":"Searched \u00271\u0027 times","floor":10,"damage_taken":0},{"event_name":"Mushrooms","player_choice":"Fought Mushrooms","floor":11,"damage_taken":0},{"event_name":"Masked Bandits","player_choice":"Fought over 111 gold","floor":19,"damage_taken":0}],"boss_relics":[{"not_picked":["Eternal Feather","White Beast Statue"],"picked":"Mark of Pain"}],"items_purged_floors":[7,13,20],"potions_floor_spawned":[1,10,11,14],"seed_played":"-7569053572166876861","killed_by":"Spheric Guardian","ascension_level":11,"potions_obtained":[{"floor":1,"key":"Dexterity Potion"},{"floor":10,"key":"EssenceOfSteel"},{"floor":11,"key":"PowerPotion"},{"floor":14,"key":"Strength Potion"}],"is_trial":false}