{"gold_per_floor":[117,127,140,156,174,204,214,244,244,244,58,92,106,118,118,189,189,201,87,101,118,118,118,137,137,137,155,155,190,202,228,228,307,307,324,324,324,344,166,166,497,497,497,529,24,24,24,50,50,50,50,50,50,50,83,83],"floor_reached":57,"playtime":2518,"items_purged":["Strike_R"],"score":2859,"play_id":"2ae8d113-1a32-4a4e-b3ee-f2091f318f90","local_time":"20190716202110","is_ascension_mode":true,"campfire_choices":[{"data":"Armaments","floor":10.0,"key":"SMITH"},{"data":"True Grit","floor":15.0,"key":"SMITH"},{"data":"Limit Break","floor":23.0,"key":"SMITH"},{"data":"Inflame","floor":25.0,"key":"SMITH"},{"floor":28.0,"key":"REST"},{"floor":32,"key":"REST"},{"floor":40,"key":"RECALL"},{"data":"Disarm","floor":42,"key":"SMITH"},{"floor":47,"key":"REST"},{"data":"Limit Break","floor":49,"key":"SMITH"},{"data":"Battle Trance","floor":53,"key":"SMITH"}],"neow_cost":"NONE","seed_source_timestamp":14474786752272,"circlet_count":0,"master_deck":["AscendersBane","Bash","Sword Boomerang","Armaments+1","Headbutt","Limit Break+1","True Grit+1","Flame Barrier","Offering","Shrug It Off","Impervious","Shrug It Off+1","Inflame+1","Combust","Shockwave","Reaper","Pummel","Battle Trance+1","Uppercut","Rage","Blood for Blood","Bludgeon","Pummel","Shrug It Off","Disarm+1","Limit Break+1","Limit Break"],"special_seed":0,"relics":["Burning Blood","NeowsBlessing","Champion Belt","Odd Mushroom","Ornamental Fan","Red Skull","Anchor","Philosopher\u0027s Stone","Mummified Hand","The Courier","Blue Candle","Pandora\u0027s Box","Sling","Old Coin","Bronze Scales","Vajra","OrangePellets","Self Forming Clay","Question Card","Pocketwatch"],"potions_floor_usage":[31,55,56,56],"damage_taken":[{"damage":0.0,"enemies":"Cultist","floor":1.0,"turns":1.0},{"damage":0.0,"enemies":"2 Louse","floor":2.0,"turns":1.0},{"damage":0.0,"enemies":"Small Slimes","floor":3.0,"turns":1.0},{"damage":9.0,"enemies":"2 Fungi Beasts","floor":4.0,"turns":5.0},{"damage":4.0,"enemies":"Exordium Wildlife","floor":5.0,"turns":3.0},{"damage":8.0,"enemies":"Gremlin Nob","floor":6.0,"turns":3.0},{"damage":4.0,"enemies":"Looter","floor":7.0,"turns":4.0},{"damage":22.0,"enemies":"The Mushroom Lair","floor":8.0,"turns":6.0},{"damage":19.0,"enemies":"3 Sentries","floor":12.0,"turns":7.0},{"damage":10.0,"enemies":"Large Slime","floor":13.0,"turns":5.0},{"damage":1.0,"enemies":"Blue Slaver","floor":14.0,"turns":4.0},{"damage":36.0,"enemies":"Slime Boss","floor":16.0,"turns":11.0},{"damage":29.0,"enemies":"Spheric Guardian","floor":18.0,"turns":7.0},{"damage":0.0,"enemies":"Chosen","floor":20.0,"turns":4.0},{"damage":8.0,"enemies":"3 Cultists","floor":21.0,"turns":4.0},{"damage":12.0,"enemies":"Centurion and Healer","floor":24.0,"turns":6.0},{"damage":11.0,"enemies":"Snake Plant","floor":27.0,"turns":5.0},{"damage":30.0,"enemies":"Gremlin Leader","floor":29.0,"turns":5.0},{"damage":7.0,"enemies":"Snecko","floor":30.0,"turns":5.0},{"damage":21,"enemies":"Slavers","floor":31,"turns":3},{"damage":22,"enemies":"Collector","floor":33,"turns":6},{"damage":25,"enemies":"3 Shapes","floor":35,"turns":10},{"damage":2,"enemies":"Orb Walker","floor":38,"turns":3},{"damage":17,"enemies":"Nemesis","floor":41,"turns":5},{"damage":51,"enemies":"Giant Head","floor":44,"turns":7},{"damage":6,"enemies":"Nemesis","floor":48,"turns":3},{"damage":34,"enemies":"Awakened One","floor":50,"turns":8},{"damage":41,"enemies":"Donu and Deca","floor":51,"turns":6},{"damage":60,"enemies":"Shield and Spear","floor":55,"turns":5},{"damage":64,"enemies":"The Heart","floor":56,"turns":8}],"seed_played":"-7222357057049526313","potions_obtained":[{"floor":1.0,"key":"Fire Potion"},{"floor":4.0,"key":"Swift Potion"},{"floor":6.0,"key":"Strength Potion"},{"floor":8.0,"key":"AttackPotion"},{"floor":13.0,"key":"GamblersBrew"},{"floor":16.0,"key":"Strength Potion"},{"floor":21.0,"key":"SteroidPotion"},{"floor":31,"key":"BloodPotion"},{"floor":55,"key":"Poison Potion"}],"is_trial":false,"path_per_floor":["M","M","M","M","M","E","M","?","T","R","$","E","M","M","R","B",null,"M","$","M","M","?","R","M","R","T","M","R","E","M","E","R","B",null,"M","?","?","M","$","R","E","R","T","E","$","?","R","E","R","B","B",null,"R","$","E","B",null],"character_chosen":"IRONCLAD","items_purchased":["Red Skull","Shrug It Off","Inflame","Sling","Vajra","OrangePellets","Self Forming Clay"],"campfire_rested":3,"item_purchase_floors":[11,11,19,39,45,45,45],"current_hp_per_floor":[74,75,75,72,74,72,74,58,58,58,58,45,41,46,46,16,60,37,37,43,41,41,41,35,35,35,30,52,28,27,12,34,18,61,57,57,57,61,61,61,71,71,71,46,46,46,67,67,67,39,46,65,65,65,71,71],"gold":83,"neow_bonus":"THREE_ENEMY_KILL","is_prod":false,"is_daily":false,"chose_seed":false,"campfire_upgraded":7,"win_rate":0,"timestamp":1563304870,"path_taken":["M","M","?","M","?","E","M","?","T","R","$","E","M","M","R","BOSS","M","$","M","M","?","R","M","R","T","M","R","E","?","E","R","BOSS","M","?","?","M","$","R","E","R","T","E","$","?","R","E","R","BOSS","BOSS","R","$","E","BOSS"],"build_version":"2019-07-10","purchased_purges":1,"victory":true,"max_hp_per_floor":[75,75,75,75,75,75,75,75,75,75,75,75,75,75,75,75,75,75,75,75,75,75,75,75,75,75,75,75,75,75,75,75,75,75,75,71,71,71,71,71,71,71,71,71,71,71,71,71,71,71,71,71,71,71,71,71],"card_choices":[{"not_picked":["Sever Soul","True Grit"],"picked":"Thunderclap","floor":1.0},{"not_picked":["Iron Wave","Pommel Strike"],"picked":"Sword Boomerang","floor":2.0},{"not_picked":["Evolve","Iron Wave"],"picked":"Armaments","floor":3.0},{"not_picked":["Sever Soul","Pommel Strike"],"picked":"Headbutt","floor":4.0},{"not_picked":["Armaments","Disarm"],"picked":"Limit Break","floor":5.0},{"not_picked":["Clothesline","Burning Pact"],"picked":"True Grit","floor":6.0},{"not_picked":["Armaments","Dropkick"],"picked":"Flame Barrier","floor":7.0},{"not_picked":["Ghostly Armor","Havoc"],"picked":"Offering","floor":8.0},{"not_picked":["Searing Blow","Berserk","Iron Wave"],"picked":"SKIP","floor":12.0},{"not_picked":["Body Slam","Perfected Strike","Burning Pact"],"picked":"SKIP","floor":13.0},{"not_picked":["Burning Pact","Iron Wave","Havoc"],"picked":"SKIP","floor":14.0},{"not_picked":["Double Tap","Dark Embrace"],"picked":"Impervious","floor":16.0},{"not_picked":["Reckless Charge","Sword Boomerang"],"picked":"Shrug It Off+1","floor":18.0},{"not_picked":["Blood for Blood","Body Slam+1"],"picked":"Combust","floor":20.0},{"not_picked":["True Grit","Clash","Cleave+1"],"picked":"SKIP","floor":21.0},{"not_picked":["Cleave","Havoc","Armaments"],"picked":"SKIP","floor":24.0},{"not_picked":["Cleave","Flex","Anger"],"picked":"SKIP","floor":27.0},{"not_picked":["Bludgeon","Sword Boomerang","Searing Blow"],"picked":"SKIP","floor":29.0},{"not_picked":["Sever Soul","True Grit"],"picked":"Shockwave","floor":30.0},{"not_picked":["Headbutt","True Grit","Whirlwind"],"picked":"SKIP","floor":31},{"not_picked":["Demon Form","Immolate"],"picked":"Reaper","floor":33},{"not_picked":["Havoc","Fire Breathing+1"],"picked":"Shrug It Off","floor":35},{"not_picked":["Entrench","Iron Wave","Twin Strike+1"],"picked":"SKIP","floor":38},{"not_picked":["Perfected Strike","Infernal Blade"],"picked":"Disarm","floor":41},{"not_picked":["Cleave","Blood for Blood"],"picked":"Limit Break","floor":44},{"not_picked":["Berserk","Wild Strike","Body Slam"],"picked":"SKIP","floor":48},{"not_picked":["Whirlwind","Infernal Blade","Bloodletting"],"picked":"Limit Break","floor":55}],"player_experience":2203339,"relics_obtained":[{"floor":6.0,"key":"Champion Belt"},{"floor":8.0,"key":"Odd Mushroom"},{"floor":9.0,"key":"Ornamental Fan"},{"floor":12.0,"key":"Anchor"},{"floor":26.0,"key":"Mummified Hand"},{"floor":29.0,"key":"The Courier"},{"floor":31,"key":"Blue Candle"},{"floor":41,"key":"Old Coin"},{"floor":44,"key":"Bronze Scales"},{"floor":48,"key":"Question Card"},{"floor":55,"key":"Pocketwatch"}],"event_choices":[{"damage_healed":0.0,"max_hp_gain":0.0,"max_hp_loss":0.0,"gold_gain":0.0,"event_name":"Mushrooms","player_choice":"Fought Mushrooms","floor":8.0,"gold_loss":0.0,"damage_taken":0.0},{"cards_removed":["Strike_R"],"damage_healed":0.0,"max_hp_gain":0.0,"max_hp_loss":0.0,"gold_gain":0.0,"event_name":"Purifier","player_choice":"Purged","floor":22.0,"gold_loss":0.0,"damage_taken":0.0},{"damage_healed":0,"gold_gain":0,"player_choice":"Max HP","damage_taken":0,"max_hp_gain":0,"max_hp_loss":4,"event_name":"Winding Halls","floor":36,"gold_loss":0},{"damage_healed":0,"gold_gain":0,"player_choice":"Memory 1","damage_taken":0,"max_hp_gain":0,"max_hp_loss":0,"event_name":"SensoryStone","floor":37,"gold_loss":0},{"cards_removed":["Thunderclap"],"damage_healed":0,"gold_gain":0,"player_choice":"Removed Attack","damage_taken":0,"max_hp_gain":0,"max_hp_loss":0,"event_name":"Falling","floor":46,"gold_loss":0}],"is_beta":true,"boss_relics":[{"not_picked":["Runic Dome","Empty Cage"],"picked":"Philosopher\u0027s Stone"},{"not_picked":["Coffee Dripper","Black Blood"],"picked":"Pandora\u0027s Box"}],"items_purged_floors":[19],"is_endless":false,"potions_floor_spawned":[1,4,6,8,13,16,18,20,21,31,41,48,55],"ascension_level":20}