{"gold_per_floor":[118,136,86,86,101,130,141,170,182,208,235,282,294,319,331,442,454,478,490,508,520,530,559,196,229,229,247,57,57,57,77,77,179,179,198,298,2,52,52,84,84,117,117,117,0,0,14,31,31,31],"floor_reached":51,"playtime":12073,"items_purged":["Defend_R","Strike_R","Defend_R"],"score":830,"play_id":"0eb87689-a564-403e-a285-cfbf7fa2ae21","local_time":"20190824021939","is_ascension_mode":true,"campfire_choices":[{"data":"Ghostly Armor","floor":13.0,"key":"SMITH"},{"data":"Double Tap","floor":15.0,"key":"SMITH"},{"data":"Offering","floor":30.0,"key":"SMITH"},{"data":"Warcry","floor":32.0,"key":"SMITH"},{"data":"Fiend Fire","floor":41.0,"key":"SMITH"},{"data":"Offering","floor":44.0,"key":"SMITH"},{"data":"Shockwave","floor":46.0,"key":"SMITH"},{"data":"Heavy Blade","floor":49.0,"key":"SMITH"}],"neow_cost":"PERCENT_DAMAGE","seed_source_timestamp":0,"circlet_count":0,"master_deck":["Strike_R+1","Strike_R","Defend_R","Bash+1","Iron Wave+1","Limit Break","Pommel Strike","True Grit","Flex","Double Tap+1","Warcry+1","Ghostly Armor+1","Seeing Red","Reaper","Heavy Blade+1","Bludgeon","Body Slam+1","Dual Wield+1","Demon Form","Shrug It Off","Entrench","Offering+1","Seeing Red","Second Wind","Dramatic Entrance","Pummel","Fiend Fire+1","Headbutt","Ghostly Armor+1","Secret Technique","Iron Wave+1","Panache","Shockwave+1","Offering+1","Flex+1","Juggernaut"],"special_seed":0,"relics":["Burning Blood","PreservedInsect","Regal Pillow","Ornamental Fan","Sozu","Nloth\u0027s Gift","Bag of Preparation","Happy Flower","Whetstone","Centennial Puzzle","Nilry\u0027s Codex","Snecko Eye","WingedGreaves","Bird Faced Urn","Bottled Tornado","Vajra","Question Card","Red Mask"],"potions_floor_usage":[50],"damage_taken":[{"damage":0.0,"enemies":"Small Slimes","floor":1.0,"turns":3.0},{"damage":1.0,"enemies":"Cultist","floor":2.0,"turns":3.0},{"damage":0.0,"enemies":"2 Louse","floor":5.0,"turns":3.0},{"damage":26.0,"enemies":"Gremlin Nob","floor":6.0,"turns":5.0},{"damage":11.0,"enemies":"Exordium Thugs","floor":7.0,"turns":4.0},{"damage":26.0,"enemies":"Lagavulin","floor":8.0,"turns":5.0},{"damage":2.0,"enemies":"Blue Slaver","floor":10.0,"turns":3.0},{"damage":12.0,"enemies":"Large Slime","floor":11.0,"turns":5.0},{"damage":1.0,"enemies":"Gremlin Nob","floor":12.0,"turns":3.0},{"damage":1.0,"enemies":"3 Louse","floor":14.0,"turns":4.0},{"damage":39.0,"enemies":"Hexaghost","floor":16.0,"turns":10.0},{"damage":10.0,"enemies":"Shell Parasite","floor":18.0,"turns":6.0},{"damage":1.0,"enemies":"Chosen","floor":20.0,"turns":3.0},{"damage":0.0,"enemies":"Shelled Parasite and Fungi","floor":21.0,"turns":3.0},{"damage":6.0,"enemies":"Snecko","floor":22.0,"turns":3.0},{"damage":6.0,"enemies":"Book of Stabbing","floor":23.0,"turns":4.0},{"damage":7.0,"enemies":"Slavers","floor":25.0,"turns":5.0},{"damage":6.0,"enemies":"3 Cultists","floor":27.0,"turns":3.0},{"damage":0.0,"enemies":"Centurion and Healer","floor":31.0,"turns":4.0},{"damage":44.0,"enemies":"Automaton","floor":33.0,"turns":8.0},{"damage":0.0,"enemies":"3 Darklings","floor":35.0,"turns":3.0},{"damage":23.0,"enemies":"Mind Bloom Boss Battle","floor":36.0,"turns":5.0},{"damage":27.0,"enemies":"2 Orb Walkers","floor":38.0,"turns":4.0},{"damage":17.0,"enemies":"Reptomancer","floor":40.0,"turns":5.0},{"damage":0.0,"enemies":"Giant Head","floor":42.0,"turns":4.0},{"damage":0.0,"enemies":"3 Shapes","floor":47.0,"turns":3.0},{"damage":6.0,"enemies":"Writhing Mass","floor":48.0,"turns":3.0},{"damage":57,"enemies":"Awakened One","floor":50,"turns":12}],"seed_played":"3287852442158050102","potions_obtained":[{"floor":8.0,"key":"Block Potion"},{"floor":10.0,"key":"FearPotion"},{"floor":16.0,"key":"FearPotion"}],"is_trial":false,"path_per_floor":["M","M","?","?","M","E","M","E","T","M","M","E","R","M","R","B",null,"M","?","M","M","M","E","$","E","T","M","$","?","R","M","R","B",null,"M","?","$","?","?","E","R","E","T","R","?","R","M","M","R","B",null],"character_chosen":"IRONCLAD","items_purchased":["Offering","Happy Flower","Dramatic Entrance","Secret Technique"],"campfire_rested":0,"item_purchase_floors":[24,24,28,37],"current_hp_per_floor":[62,67,67,67,73,53,48,28,28,32,26,37,37,54,54,30,80,80,80,80,80,80,80,80,80,80,80,80,64,64,78,78,60,80,80,63,63,42,42,49,49,59,59,59,59,59,65,67,67,35],"gold":31,"neow_bonus":"TRANSFORM_TWO_CARDS","is_prod":false,"is_daily":false,"chose_seed":false,"campfire_upgraded":8,"win_rate":0,"timestamp":1566602379,"path_taken":["M","M","?","?","M","E","?","E","T","?","M","E","R","M","R","BOSS","M","?","M","?","M","E","$","E","T","M","$","?","R","M","R","BOSS","M","?","$","?","?","E","R","E","T","R","?","R","?","M","R","BOSS"],"build_version":"2019-07-17","purchased_purges":3,"victory":true,"max_hp_per_floor":[80,80,80,80,80,80,80,80,80,80,80,80,80,80,80,80,80,80,80,80,80,80,80,80,80,80,80,80,80,80,80,80,80,80,80,80,80,80,80,80,80,80,80,80,80,80,80,80,80,80],"card_choices":[{"not_picked":["Cleave","Headbutt"],"picked":"Pommel Strike","floor":1.0},{"not_picked":["Heavy Blade","Warcry"],"picked":"True Grit","floor":2.0},{"not_picked":["Headbutt","Iron Wave"],"picked":"Flex","floor":5.0},{"not_picked":["Searing Blow","Thunderclap"],"picked":"Double Tap","floor":6.0},{"not_picked":["Thunderclap","Flex"],"picked":"Warcry","floor":7.0},{"not_picked":["Second Wind","Sever Soul"],"picked":"Ghostly Armor","floor":8.0},{"not_picked":["Reckless Charge","Second Wind"],"picked":"Seeing Red","floor":10.0},{"not_picked":["Rampage","Clash"],"picked":"Reaper","floor":11.0},{"not_picked":["Double Tap","Flex"],"picked":"Heavy Blade","floor":12.0},{"not_picked":["Heavy Blade","Perfected Strike","Clash"],"picked":"SKIP","floor":14.0},{"not_picked":["Dark Embrace","Fiend Fire"],"picked":"Bludgeon","floor":16.0},{"not_picked":["Anger","Warcry"],"picked":"Body Slam+1","floor":18.0},{"not_picked":["Warcry+1","Armaments"],"picked":"Dual Wield+1","floor":20.0},{"not_picked":["Intimidate","Dual Wield"],"picked":"Demon Form","floor":21.0},{"not_picked":["Headbutt+1","Disarm"],"picked":"Shrug It Off","floor":22.0},{"not_picked":["Headbutt","Pommel Strike"],"picked":"Entrench","floor":23.0},{"not_picked":["Fiend Fire","Disarm"],"picked":"Seeing Red","floor":25.0},{"not_picked":["Carnage","Body Slam+1"],"picked":"Second Wind","floor":27.0},{"not_picked":["Infernal Blade","Entrench"],"picked":"Pummel","floor":31.0},{"not_picked":["Dark Embrace","Reaper"],"picked":"Fiend Fire","floor":33.0},{"not_picked":["Clash+1","Perfected Strike"],"picked":"Headbutt","floor":35.0},{"not_picked":["Rupture+1","Headbutt"],"picked":"Ghostly Armor+1","floor":36.0},{"not_picked":["Sword Boomerang+1","Infernal Blade"],"picked":"Iron Wave+1","floor":38.0},{"not_picked":["Flash of Steel","Good Instincts"],"picked":"Panache","floor":39.0},{"not_picked":["Metallicize+1","Berserk"],"picked":"Shockwave","floor":40.0},{"not_picked":["Ghostly Armor+1","Perfected Strike"],"picked":"Offering","floor":42.0},{"not_picked":["Iron Wave","Rage+1","Metallicize+1"],"picked":"Flex+1","floor":47.0},{"not_picked":["Perfected Strike+1","Fire Breathing+1","Twin Strike+1"],"picked":"Juggernaut","floor":48.0}],"player_experience":131979,"relics_obtained":[{"floor":6.0,"key":"PreservedInsect"},{"floor":8.0,"key":"MawBank"},{"floor":9.0,"key":"Regal Pillow"},{"floor":12.0,"key":"Ornamental Fan"},{"floor":23.0,"key":"Bag of Preparation"},{"floor":25.0,"key":"Whetstone"},{"floor":26.0,"key":"Centennial Puzzle"},{"floor":29.0,"key":"Nilry\u0027s Codex"},{"floor":36.0,"key":"WingedGreaves"},{"floor":38.0,"key":"Bird Faced Urn"},{"floor":40.0,"key":"Bottled Tornado"},{"floor":42.0,"key":"Vajra"},{"floor":43.0,"key":"Question Card"}],"event_choices":[{"cards_removed":["Strike_R"],"damage_healed":0.0,"max_hp_gain":0.0,"max_hp_loss":0.0,"gold_gain":0.0,"event_name":"The Cleric","player_choice":"Card Removal","floor":3.0,"gold_loss":50.0,"damage_taken":0.0},{"damage_healed":0.0,"max_hp_gain":0.0,"max_hp_loss":0.0,"gold_gain":0.0,"event_name":"Upgrade Shrine","player_choice":"Upgraded","floor":4.0,"gold_loss":0.0,"damage_taken":0.0,"cards_upgraded":["Bash"]},{"damage_healed":0.0,"max_hp_gain":0.0,"max_hp_loss":0.0,"gold_gain":0.0,"event_name":"N\u0027loth","player_choice":"Traded Relic","floor":19.0,"relics_lost":["MawBank"],"gold_loss":0.0,"damage_taken":0.0,"relics_obtained":["Nloth\u0027s Gift"]},{"damage_healed":0.0,"max_hp_gain":0.0,"max_hp_loss":0.0,"gold_gain":0.0,"event_name":"Cursed Tome","player_choice":"Obtained Book","floor":29.0,"gold_loss":0.0,"damage_taken":16.0},{"damage_healed":0.0,"max_hp_gain":0.0,"max_hp_loss":0.0,"gold_gain":0.0,"event_name":"MindBloom","player_choice":"Fight","floor":36.0,"gold_loss":0.0,"damage_taken":0.0},{"damage_healed":0.0,"max_hp_gain":0.0,"max_hp_loss":0.0,"gold_gain":0.0,"event_name":"Mysterious Sphere","player_choice":"Fight","floor":38.0,"gold_loss":0.0,"damage_taken":0.0},{"damage_healed":0.0,"max_hp_gain":0.0,"max_hp_loss":0.0,"gold_gain":0.0,"event_name":"SensoryStone","player_choice":"Memory 1","floor":39.0,"gold_loss":0.0,"damage_taken":0.0},{"damage_healed":0.0,"max_hp_gain":0.0,"max_hp_loss":0.0,"gold_gain":0.0,"event_name":"Tomb of Lord Red Mask","player_choice":"Paid","floor":45.0,"gold_loss":117.0,"damage_taken":0.0,"relics_obtained":["Red Mask"]}],"is_beta":false,"boss_relics":[{"not_picked":["Tiny House","Calling Bell"],"picked":"Sozu"},{"not_picked":["Busted Crown","Runic Dome"],"picked":"Snecko Eye"}],"items_purged_floors":[24,28,37],"is_endless":false,"potions_floor_spawned":[8,10,16,18,22,27,31,36,38,42],"ascension_level":1}