{"gold_per_floor":[109,109,109,128,147,147,110,143,195,145,178,178,178,194,194,194],"floor_reached":16,"playtime":340,"items_purged":[],"score":177,"play_id":"780d6a0a-2d63-4a98-b8f6-2efc7363e7cc","local_time":"20190823065731","is_ascension_mode":true,"campfire_choices":[{"data":"Bash","floor":6,"key":"SMITH"},{"data":"Uppercut","floor":15,"key":"SMITH"}],"neow_cost":"NONE","seed_source_timestamp":94864566508900,"circlet_count":0,"master_deck":["AscendersBane","Strike_R","Strike_R","Strike_R","Strike_R","Defend_R","Defend_R","Defend_R","Defend_R","Bash+1","Cleave","Impervious","Metallicize","Shrug It Off","Evolve","Uppercut+1"],"relics":["Burning Blood","NeowsBlessing","Regal Pillow","Spirit Poop","Question Card","Dream Catcher","Bag of Marbles","Golden Idol","Du-Vu Doll"],"potions_floor_usage":[11,14,16],"damage_taken":[{"damage":0,"enemies":"2 Louse","floor":1,"turns":1},{"damage":0,"enemies":"Small Slimes","floor":4,"turns":1},{"damage":0,"enemies":"Cultist","floor":5,"turns":1},{"damage":38,"enemies":"3 Sentries","floor":8,"turns":11},{"damage":21,"enemies":"Gremlin Nob","floor":11,"turns":4},{"damage":4,"enemies":"2 Fungi Beasts","floor":14,"turns":3},{"damage":34,"enemies":"The Guardian","floor":16,"turns":7}],"seed_played":"-3899907963424288949","potions_obtained":[{"floor":4,"key":"Swift Potion"},{"floor":8,"key":"SkillPotion"},{"floor":11,"key":"Ancient Potion"}],"is_trial":false,"path_per_floor":["M","?","?","M","M","R","$","E","T","?","E","?","T","M","R","B"],"character_chosen":"IRONCLAD","items_purchased":["Metallicize"],"campfire_rested":0,"item_purchase_floors":[7],"current_hp_per_floor":[78,78,78,80,80,80,80,48,48,48,33,33,33,35,35,1],"gold":194,"neow_bonus":"THREE_ENEMY_KILL","is_prod":false,"is_daily":false,"chose_seed":false,"campfire_upgraded":2,"win_rate":0,"timestamp":1566511051,"path_taken":["M","?","?","?","M","R","$","E","T","?","E","?","?","M","R","BOSS"],"build_version":"2019-07-17","purchased_purges":0,"victory":false,"max_hp_per_floor":[80,80,80,80,80,80,80,80,80,80,80,74,74,74,74,74],"card_choices":[{"not_picked":["Twin Strike","Pommel Strike"],"picked":"Cleave","floor":1},{"not_picked":["Anger","Clothesline","Cleave"],"picked":"SKIP","floor":4},{"not_picked":["Perfected Strike","Iron Wave"],"picked":"Impervious","floor":5},{"not_picked":["Iron Wave","Heavy Blade"],"picked":"Shrug It Off","floor":8},{"not_picked":["Searing Blow","Cleave","Combust"],"picked":"Evolve","floor":11},{"not_picked":["Body Slam","Heavy Blade","Anger"],"picked":"Uppercut","floor":14}],"player_experience":181508,"relics_obtained":[{"floor":8,"key":"Question Card"},{"floor":9,"key":"Dream Catcher"},{"floor":11,"key":"Bag of Marbles"},{"floor":13,"key":"Du-Vu Doll"}],"event_choices":[{"damage_healed":0,"gold_gain":0,"player_choice":"Box","damage_taken":0,"relics_obtained":["Regal Pillow"],"max_hp_gain":0,"max_hp_loss":0,"event_name":"Big Fish","floor":2,"gold_loss":0,"cards_obtained":["Regret"]},{"cards_removed":["Regret"],"damage_healed":0,"gold_gain":0,"player_choice":"Offered Curse","damage_taken":0,"relics_obtained":["Spirit Poop"],"max_hp_gain":0,"max_hp_loss":0,"event_name":"Bonfire Elementals","floor":3,"gold_loss":0},{"cards_removed":["Strike_R"],"damage_healed":0,"gold_gain":0,"player_choice":"Card Removal","damage_taken":0,"max_hp_gain":0,"max_hp_loss":0,"event_name":"The Cleric","floor":10,"gold_loss":50},{"damage_healed":0,"gold_gain":0,"player_choice":"Lose Max HP","damage_taken":0,"relics_obtained":["Golden Idol"],"max_hp_gain":0,"max_hp_loss":6,"event_name":"Golden Idol","floor":12,"gold_loss":0}],"is_beta":false,"boss_relics":[],"items_purged_floors":[],"is_endless":false,"potions_floor_spawned":[4,8,11],"killed_by":"The Guardian","ascension_level":13}