{"path_per_floor":["M","?","?","?","M","R","E","M","T","M","?","M","$","T","R","B",null,"M","$","M","M","$","R","E","M","T","M","R","?","M","?","R"],"character_chosen":"IRONCLAD","items_purchased":["Rampage","Oddly Smooth Stone","Metallicize"],"gold_per_floor":[111,111,111,111,128,128,153,173,196,215,215,225,116,169,169,241,241,252,98,108,120,49,49,83,99,99,113,113,28,38,38,38,38],"floor_reached":33,"campfire_rested":2,"playtime":1700,"item_purchase_floors":[13,19,22],"current_hp_per_floor":[78,78,71,71,71,71,57,63,63,68,68,74,74,74,74,66,77,78,78,80,58,58,58,41,38,38,32,56,56,34,19,44,0],"items_purged":["Strike_R"],"gold":38,"score":482,"play_id":"d72ee95b-35f1-4cee-88a0-85992639d268","local_time":"20180524104620","is_prod":false,"is_daily":false,"chose_seed":false,"is_ascension_mode":true,"campfire_upgraded":3,"win_rate":0,"timestamp":1527155180,"campfire_choices":[{"data":"Bludgeon","floor":6,"key":"SMITH"},{"data":"Armaments","floor":15,"key":"SMITH"},{"data":"Demon Form","floor":23,"key":"SMITH"},{"floor":28,"key":"REST"},{"floor":32,"key":"REST"}],"path_taken":["M","?","?","?","?","R","E","M","T","M","?","M","?","?","R","BOSS","M","$","M","M","?","R","E","?","T","M","R","?","M","?","R","BOSS"],"build_version":"2018-05-23v2","seed_source_timestamp":246217876083573,"purchased_purges":1,"victory":false,"master_deck":["Strike_R","Defend_R+1","Defend_R+1","Defend_R","Defend_R","Bash","AscendersBane","Bludgeon+1","Anger","Clothesline","Armaments+1","Evolve","Thunderclap","Shrug It Off","Rampage","Demon Form+1","Metallicize","Intimidate+1","Warcry","Feed"],"max_hp_per_floor":[80,80,80,80,80,80,80,80,80,80,80,80,80,80,80,80,80,80,80,80,80,80,80,80,80,80,80,80,80,80,85,85,85],"relics":["Burning Blood","Pen Nib","Bronze Scales","War Paint","Runic Cube","Oddly Smooth Stone","Happy Flower","Gremlin Horn","Smiling Mask"],"card_choices":[{"not_picked":["Headbutt","Dual Wield"],"picked":"Anger","floor":1},{"not_picked":["Cleave","Burning Pact"],"picked":"Clothesline","floor":5},{"not_picked":["Second Wind","Havoc"],"picked":"Armaments","floor":7},{"not_picked":["Clash","Anger"],"picked":"Evolve","floor":8},{"not_picked":["Anger","Corruption"],"picked":"Thunderclap","floor":10},{"not_picked":["Anger","Berserk"],"picked":"Shrug It Off","floor":12},{"not_picked":["Reaper","Brutality"],"picked":"Demon Form","floor":16},{"not_picked":["Clash","Infernal Blade","Shockwave"],"picked":"SKIP","floor":18},{"not_picked":["Wild Strike","Perfected Strike","Body Slam"],"picked":"SKIP","floor":20},{"not_picked":["Iron Wave","Warcry","Wild Strike"],"picked":"SKIP","floor":21},{"not_picked":["Body Slam","Clash"],"picked":"Intimidate+1","floor":24},{"not_picked":["Headbutt","Anger"],"picked":"Warcry","floor":25},{"not_picked":["Iron Wave","Headbutt","Spot Weakness"],"picked":"SKIP","floor":27},{"not_picked":["Heavy Blade","Entrench+1"],"picked":"Feed","floor":30}],"player_experience":612014,"potions_floor_usage":[7,7,20,21,24,27,33],"damage_taken":[{"damage":0,"enemies":"Cultist","floor":1,"turns":2},{"damage":6,"enemies":"Small Slimes","floor":5,"turns":3},{"damage":20,"enemies":"Lagavulin","floor":7,"turns":4},{"damage":0,"enemies":"2 Louse","floor":8,"turns":3},{"damage":1,"enemies":"2 Fungi Beasts","floor":10,"turns":4},{"damage":0,"enemies":"Exordium Thugs","floor":12,"turns":3},{"damage":14,"enemies":"The Guardian","floor":16,"turns":11},{"damage":5,"enemies":"3 Byrds","floor":18,"turns":2},{"damage":0,"enemies":"Chosen","floor":20,"turns":2},{"damage":28,"enemies":"Sentry and Sphere","floor":21,"turns":8},{"damage":23,"enemies":"Book of Stabbing","floor":24,"turns":7},{"damage":9,"enemies":"Centurion and Healer","floor":25,"turns":4},{"damage":12,"enemies":"Snake Plant","floor":27,"turns":5},{"damage":28,"enemies":"3 Cultists","floor":30,"turns":6},{"damage":46,"enemies":"Automaton","floor":33,"turns":8}],"relics_obtained":[{"floor":7,"key":"Pen Nib"},{"floor":9,"key":"Bronze Scales"},{"floor":14,"key":"War Paint"},{"floor":24,"key":"Happy Flower"},{"floor":26,"key":"Gremlin Horn"}],"event_choices":[{"event_name":"The Lab","player_choice":"Got Potions","floor":2,"damage_taken":0},{"event_name":"Golden Wing","player_choice":"Card Removal","floor":3,"damage_taken":0},{"event_name":"Match and Keep!","player_choice":"0 cards matched","floor":4,"damage_taken":0},{"event_name":"Living Wall","player_choice":"Forget","floor":11,"damage_taken":0},{"event_name":"Addict","player_choice":"Obtained Relic","floor":29,"damage_taken":0},{"event_name":"Forgotten Altar","player_choice":"Shed Blood","floor":31,"damage_taken":0}],"boss_relics":[{"not_picked":["Black Star","Lizard Tail"],"picked":"Runic Cube"}],"items_purged_floors":[13],"potions_floor_spawned":[5,10,16,21,25],"seed_played":"1817858253291234118","killed_by":"Automaton","ascension_level":13,"potions_obtained":[{"floor":2,"key":"Weak Potion"},{"floor":2,"key":"EssenceOfSteel"},{"floor":2,"key":"Poison Potion"},{"floor":10,"key":"AttackPotion"},{"floor":16,"key":"SneckoOil"},{"floor":21,"key":"Block Potion"},{"floor":25,"key":"GamblersBrew"}],"is_trial":false}