{"gold_per_floor":[116,130,150,2,2,2,38,38,38,76,94,112,150,150,150,248,248,268,287,327,4,24,60,60,60,60,80,100,100,100,100,100,193,193,207,228,228,228,244,244,259,259,259,294,294,25,65,80,80,80],"floor_reached":51,"playtime":5180,"items_purged":["Strike_B"],"score":1216,"play_id":"b70aa2a7-355e-4cc2-b5a2-f3557bdc4085","local_time":"20190819202951","is_ascension_mode":true,"campfire_choices":[{"data":"Seek","floor":6,"key":"SMITH"},{"data":"Fusion","floor":8,"key":"SMITH"},{"floor":15,"key":"REST"},{"floor":25,"key":"REST"},{"data":"Creative AI","floor":30,"key":"SMITH"},{"data":"Darkness","floor":32,"key":"SMITH"},{"data":"Multi-Cast","floor":40,"key":"SMITH"},{"data":"Jack Of All Trades","floor":42,"key":"SMITH"},{"data":"Dualcast","floor":45,"key":"PURGE"},{"data":"Self Repair","floor":49,"key":"PURGE"}],"neow_cost":"NONE","seed_source_timestamp":524651162163754,"circlet_count":0,"master_deck":["AscendersBane","Defend_B","Defend_B","Zap+1","Rip and Tear","Cold Snap","Seek+1","Fusion+1","Compile Driver","Sweeping Beam","Leap","Reprogram","Creative AI+1","Reinforced Body+1","Gash+1","Tempest+1","Coolheaded","Darkness+1","Conserve Battery","Glacier","Coolheaded","Tempest","Force Field","Multi-Cast+1","Capacitor+1","Jack Of All Trades+1","Capacitor","Thunder Strike"],"relics":["Cracked Core","Golden Idol","Meat on the Bone","Happy Flower","Kunai","Lantern","Astrolabe","Red Mask","Chemical X","Bag of Marbles","Thread and Needle","Bottled Lightning","Coffee Dripper","Peace Pipe","Ice Cream","DataDisk","PreservedInsect"],"potions_floor_usage":[7,10,16,18,19,23,27,33,33,36,39,47,50,50],"damage_taken":[{"damage":0,"enemies":"2 Louse","floor":1,"turns":2},{"damage":0,"enemies":"Jaw Worm","floor":2,"turns":3},{"damage":5,"enemies":"Small Slimes","floor":3,"turns":3},{"damage":15,"enemies":"Lagavulin","floor":7,"turns":6},{"damage":19,"enemies":"3 Sentries","floor":10,"turns":6},{"damage":0,"enemies":"2 Fungi Beasts","floor":11,"turns":3},{"damage":13,"enemies":"Large Slime","floor":12,"turns":3},{"damage":13,"enemies":"Lagavulin","floor":13,"turns":6},{"damage":15,"enemies":"The Guardian","floor":16,"turns":9},{"damage":7,"enemies":"3 Byrds","floor":18,"turns":3},{"damage":4,"enemies":"Shell Parasite","floor":19,"turns":6},{"damage":22,"enemies":"Masked Bandits","floor":20,"turns":3},{"damage":2,"enemies":"3 Cultists","floor":22,"turns":4},{"damage":40,"enemies":"Gremlin Leader","floor":23,"turns":7},{"damage":0,"enemies":"Snecko","floor":27,"turns":3},{"damage":5,"enemies":"Sentry and Sphere","floor":28,"turns":4},{"damage":8,"enemies":"Collector","floor":33,"turns":10},{"damage":0,"enemies":"Orb Walker","floor":35,"turns":3},{"damage":22,"enemies":"3 Darklings","floor":36,"turns":5},{"damage":3,"enemies":"Writhing Mass","floor":39,"turns":5},{"damage":0,"enemies":"Transient","floor":41,"turns":5},{"damage":7,"enemies":"Nemesis","floor":44,"turns":9},{"damage":35,"enemies":"Reptomancer","floor":47,"turns":6},{"damage":9,"enemies":"Maw","floor":48,"turns":7},{"damage":8,"enemies":"Time Eater","floor":50,"turns":8}],"seed_played":"6386894838216276039","potions_obtained":[{"floor":3,"key":"SpeedPotion"},{"floor":7,"key":"Swift Potion"},{"floor":13,"key":"FocusPotion"},{"floor":16,"key":"AttackPotion"},{"floor":18,"key":"SkillPotion"},{"floor":23,"key":"AttackPotion"},{"floor":27,"key":"Swift Potion"},{"floor":28,"key":"PowerPotion"},{"floor":33,"key":"Weak Potion"},{"floor":35,"key":"Poison Potion"},{"floor":36,"key":"LiquidBronze"},{"floor":44,"key":"Strength Potion"},{"floor":48,"key":"PowerPotion"}],"is_trial":false,"path_per_floor":["M","M","M","$","?","R","E","R","T","E","M","M","E","?","R","B",null,"M","M","?","$","M","E","?","R","T","M","M","T","R","?","R","B",null,"M","M","?","?","M","R","M","R","T","E","R","$","E","M","R","B",null],"character_chosen":"DEFECT","items_purchased":["Seek","Chemical X","AttackPotion","DataDisk","Capacitor","AttackPotion"],"campfire_rested":2,"item_purchase_floors":[4,21,21,46,46,46],"current_hp_per_floor":[64,64,59,59,59,59,44,44,44,37,37,36,35,28,49,46,65,58,54,44,44,42,14,14,35,35,47,42,42,42,42,42,46,65,65,43,43,43,40,40,40,40,40,45,45,45,29,32,32,36],"gold":80,"neow_bonus":"UPGRADE_CARD","is_prod":false,"is_daily":false,"chose_seed":false,"campfire_upgraded":6,"win_rate":0,"timestamp":1566271791,"path_taken":["M","M","M","$","?","R","E","R","T","E","M","M","E","?","R","BOSS","M","M","?","$","M","E","?","R","T","M","M","?","R","?","R","BOSS","M","M","?","?","M","R","M","R","T","E","R","$","E","M","R","BOSS"],"build_version":"2019-07-17","purchased_purges":1,"victory":true,"max_hp_per_floor":[71,71,71,71,71,71,71,71,71,71,71,71,71,71,71,71,71,71,71,71,71,71,71,71,71,71,71,71,71,71,71,71,71,71,71,71,71,71,71,71,71,71,71,71,71,71,71,71,71,71],"card_choices":[{"not_picked":["Hologram","BootSequence"],"picked":"Rip and Tear","floor":1},{"not_picked":["Coolheaded","Go for the Eyes"],"picked":"Ball Lightning","floor":2},{"not_picked":["Redo","Rebound"],"picked":"Cold Snap","floor":3},{"not_picked":["Beam Cell","Coolheaded"],"picked":"Fusion","floor":7},{"not_picked":["Turbo","Scrape"],"picked":"Compile Driver","floor":10},{"not_picked":["Beam Cell","Steam"],"picked":"Sweeping Beam","floor":11},{"not_picked":["Fusion","Redo"],"picked":"Leap","floor":12},{"not_picked":["Consume","Rebound"],"picked":"Reprogram","floor":13},{"not_picked":["Machine Learning","All For One"],"picked":"Creative AI","floor":16},{"not_picked":["Streamline","Scrape"],"picked":"Coolheaded","floor":18},{"not_picked":["Barrage+1","Ball Lightning"],"picked":"Darkness","floor":19},{"not_picked":["Fusion","Lockon","Redo"],"picked":"SKIP","floor":22},{"not_picked":["Beam Cell","Chaos"],"picked":"Conserve Battery","floor":23},{"not_picked":["Thunder Strike","Auto Shields"],"picked":"Glacier","floor":27},{"not_picked":["Chaos","Streamline"],"picked":"Coolheaded","floor":28},{"not_picked":["Reboot","All For One"],"picked":"Multi-Cast","floor":33},{"not_picked":["Force Field","Static Discharge+1","Go for the Eyes"],"picked":"SKIP","floor":35},{"not_picked":["Steam","Coolheaded+1"],"picked":"Capacitor+1","floor":36},{"not_picked":["Impatience","Secret Weapon"],"picked":"Jack Of All Trades","floor":37},{"not_picked":["Stack","Beam Cell+1","Steam Power"],"picked":"SKIP","floor":39},{"not_picked":["Gash","Ball Lightning","Steam+1"],"picked":"SKIP","floor":41},{"not_picked":["Go for the Eyes+1","Scrape"],"picked":"Self Repair","floor":44},{"not_picked":["Cold Snap","Fusion"],"picked":"Thunder Strike","floor":47},{"not_picked":["Sweeping Beam+1","Leap","Doom and Gloom+1"],"picked":"SKIP","floor":48}],"player_experience":658463,"relics_obtained":[{"floor":7,"key":"Meat on the Bone"},{"floor":9,"key":"Happy Flower"},{"floor":10,"key":"Kunai"},{"floor":13,"key":"Lantern"},{"floor":20,"key":"Red Mask"},{"floor":23,"key":"Bag of Marbles"},{"floor":26,"key":"Thread and Needle"},{"floor":29,"key":"Bottled Lightning"},{"floor":43,"key":"Peace Pipe"},{"floor":44,"key":"Ice Cream"},{"floor":47,"key":"PreservedInsect"}],"event_choices":[{"damage_healed":0,"gold_gain":0,"player_choice":"Take Wound","damage_taken":0,"relics_obtained":["Golden Idol"],"max_hp_gain":0,"max_hp_loss":0,"event_name":"Golden Idol","floor":5,"gold_loss":0,"cards_obtained":["Injury"]},{"cards_removed":["Injury"],"damage_healed":0,"gold_gain":0,"player_choice":"Card Removal","damage_taken":7,"max_hp_gain":0,"max_hp_loss":0,"event_name":"Golden Wing","floor":14,"gold_loss":0},{"damage_healed":0,"gold_gain":0,"player_choice":"Fought Bandits","damage_taken":0,"max_hp_gain":0,"max_hp_loss":0,"event_name":"Masked Bandits","floor":20,"gold_loss":0},{"damage_healed":0,"gold_gain":0,"player_choice":"Ignored","damage_taken":0,"max_hp_gain":0,"max_hp_loss":0,"event_name":"Cursed Tome","floor":24,"gold_loss":0},{"damage_healed":0,"gold_gain":0,"cards_transformed":["Defend_B","Defend_B"],"player_choice":"Became Test Subject","damage_taken":0,"max_hp_gain":0,"max_hp_loss":0,"event_name":"Drug Dealer","floor":31,"gold_loss":0,"cards_obtained":["Tempest","Force Field"]},{"damage_healed":0,"gold_gain":0,"player_choice":"Memory 1","damage_taken":0,"max_hp_gain":0,"max_hp_loss":0,"event_name":"SensoryStone","floor":37,"gold_loss":0},{"cards_removed":["Ball Lightning"],"damage_healed":0,"gold_gain":0,"player_choice":"Removed Attack","damage_taken":0,"max_hp_gain":0,"max_hp_loss":0,"event_name":"Falling","floor":38,"gold_loss":0}],"is_beta":false,"boss_relics":[{"not_picked":["Pandora\u0027s Box","Velvet Choker"],"picked":"Astrolabe"},{"not_picked":["White Beast Statue","Empty Cage"],"picked":"Coffee Dripper"}],"items_purged_floors":[21],"is_endless":false,"potions_floor_spawned":[3,7,13,16,18,23,27,28,33,35,36,44,48],"ascension_level":15}