{"gold_per_floor":[12,32,32,32,50,77,97,132,132,164,184,199,199,70,70,146,146,166,166,53,70,88,88,119,119,119,119,119,152,168,195,195,273,273,283,299,299,299,35,35,35],"floor_reached":41,"playtime":2244,"items_purged":["Strike_R"],"score":984,"play_id":"97e6a673-861a-4517-9d95-ced6ffdbd22d","local_time":"20190820200947","is_ascension_mode":true,"campfire_choices":[{"floor":13,"key":"REST"},{"floor":15,"key":"REST"},{"floor":23,"key":"REST"},{"data":"Corruption","floor":25,"key":"SMITH"},{"data":"Heavy Blade","floor":27,"key":"SMITH"},{"floor":32,"key":"REST"},{"data":"Metamorphosis","floor":40,"key":"SMITH"}],"neow_cost":"NO_GOLD","seed_source_timestamp":3303911981239,"circlet_count":0,"master_deck":["AscendersBane","Defend_R","Defend_R","Defend_R","Bash","Inflame","Sword Boomerang+1","Twin Strike","Rampage+1","Inflame","Inflame","Heavy Blade+1","Cleave+1","Metallicize","Iron Wave+1","Reaper+1","Sword Boomerang+1","Headbutt+1","Feed+1","Bite+1","Bite+1","Bite+1","Bite+1","Bite+1","Sever Soul+1","Iron Wave+1","Pummel+1","Corruption+1","Feed+1","Dual Wield","Evolve+1","True Grit","True Grit","Infernal Blade","Berserk+1","Iron Wave+1","Shrug It Off","Finesse","Magnetism+1","Thunderclap+1","Metamorphosis+1"],"relics":["Black Blood","Charon\u0027s Ashes","Matryoshka","Molten Egg 2","Dream Catcher","Kunai","Whetstone","Philosopher\u0027s Stone","Incense Burner","Dodecahedron","Self Forming Clay","Frozen Egg 2","FossilizedHelix","Mummified Hand"],"potions_floor_usage":[6,6,7,8,16,22,24,29,31,35],"damage_taken":[{"damage":14,"enemies":"2 Louse","floor":1,"turns":3},{"damage":1,"enemies":"Cultist","floor":2,"turns":4},{"damage":2,"enemies":"Jaw Worm","floor":5,"turns":3},{"damage":16,"enemies":"Gremlin Nob","floor":6,"turns":3},{"damage":21,"enemies":"Lots of Slimes","floor":7,"turns":3},{"damage":15,"enemies":"Lagavulin","floor":8,"turns":4},{"damage":20,"enemies":"Gremlin Nob","floor":10,"turns":4},{"damage":10,"enemies":"Exordium Wildlife","floor":11,"turns":3},{"damage":7,"enemies":"2 Fungi Beasts","floor":12,"turns":4},{"damage":0,"enemies":"Slime Boss","floor":16,"turns":6},{"damage":23,"enemies":"3 Byrds","floor":18,"turns":4},{"damage":27,"enemies":"Shell Parasite","floor":21,"turns":3},{"damage":47,"enemies":"Centurion and Healer","floor":22,"turns":5},{"damage":37,"enemies":"Slavers","floor":24,"turns":4},{"damage":29,"enemies":"Book of Stabbing","floor":29,"turns":3},{"damage":14,"enemies":"Cultist and Chosen","floor":30,"turns":3},{"damage":61,"enemies":"Gremlin Leader","floor":31,"turns":5},{"damage":47,"enemies":"Champ","floor":33,"turns":9},{"damage":0,"enemies":"3 Darklings","floor":35,"turns":4},{"damage":26,"enemies":"3 Shapes","floor":36,"turns":3},{"damage":100,"enemies":"Giant Head","floor":41,"turns":7}],"seed_played":"6270438685731074112","potions_obtained":[{"floor":1,"key":"PowerPotion"},{"floor":5,"key":"GamblersBrew"},{"floor":6,"key":"Poison Potion"},{"floor":7,"key":"AttackPotion"},{"floor":10,"key":"GamblersBrew"},{"floor":16,"key":"Energy Potion"},{"floor":24,"key":"FearPotion"},{"floor":30,"key":"Poison Potion"},{"floor":33,"key":"SteroidPotion"},{"floor":36,"key":"Energy Potion"}],"is_trial":false,"path_per_floor":["M","M","?","?","M","E","M","E","T","E","M","M","R","$","R","B",null,"M","?","$","M","M","R","E","R","T","R","?","E","M","E","R","B",null,"M","M","?","?","$","R","E"],"character_chosen":"IRONCLAD","items_purchased":["Fire Potion","Sever Soul+1","Iron Wave+1","Thunderclap+1","Metamorphosis"],"campfire_rested":4,"item_purchase_floors":[14,20,20,39,39],"current_hp_per_floor":[60,65,65,65,69,59,44,35,35,21,17,16,38,38,60,75,75,74,55,55,43,29,46,50,50,50,50,50,33,41,15,35,36,59,67,65,60,60,60,60,0],"gold":35,"neow_bonus":"ONE_RARE_RELIC","is_prod":false,"is_daily":false,"chose_seed":false,"campfire_upgraded":3,"win_rate":0,"timestamp":1566356987,"path_taken":["M","M","?","?","M","E","?","E","T","E","?","M","R","$","R","BOSS","M","?","$","M","M","R","E","R","T","R","?","E","?","E","R","BOSS","M","M","?","?","$","R","E"],"build_version":"2019-07-17","purchased_purges":1,"victory":false,"max_hp_per_floor":[75,75,75,75,75,75,75,75,75,75,75,75,75,75,75,75,75,79,55,55,55,59,59,63,63,63,63,63,63,67,67,67,67,67,67,75,75,75,75,75,75],"card_choices":[{"not_picked":["Intimidate","Shockwave"],"picked":"Inflame","floor":1},{"not_picked":["Cleave","Flex"],"picked":"Sword Boomerang","floor":2},{"not_picked":["Pommel Strike","Entrench"],"picked":"Inflame","floor":5},{"not_picked":["Rage","Hemokinesis"],"picked":"Inflame","floor":6},{"not_picked":["Twin Strike","Disarm"],"picked":"Heavy Blade","floor":7},{"not_picked":["Reckless Charge","Fire Breathing"],"picked":"Cleave","floor":8},{"not_picked":["Rupture","Wild Strike+1"],"picked":"Metallicize","floor":10},{"not_picked":["Clothesline+1","Twin Strike+1"],"picked":"Iron Wave+1","floor":11},{"not_picked":["Spot Weakness","True Grit"],"picked":"Reaper+1","floor":12},{"not_picked":["Clothesline+1","Armaments"],"picked":"Sword Boomerang+1","floor":13},{"not_picked":["Spot Weakness","Rage"],"picked":"Headbutt+1","floor":15},{"not_picked":["Berserk","Juggernaut"],"picked":"Feed+1","floor":16},{"not_picked":["Twin Strike+1","Body Slam+1","Wild Strike+1"],"picked":"SKIP","floor":18},{"not_picked":["Blood for Blood+1","Iron Wave+1"],"picked":"Pummel+1","floor":21},{"not_picked":["Headbutt+1","Heavy Blade+1"],"picked":"Corruption","floor":22},{"not_picked":["Shockwave","Body Slam+1"],"picked":"Feed+1","floor":24},{"not_picked":["Bloodletting","Wild Strike+1"],"picked":"Evolve","floor":29},{"not_picked":["Clothesline+1","Heavy Blade+1"],"picked":"True Grit","floor":30},{"not_picked":["Warcry","Cleave+1"],"picked":"True Grit","floor":31},{"not_picked":["Hemokinesis+1","True Grit"],"picked":"Infernal Blade","floor":32},{"not_picked":["Brutality+1","Immolate+1"],"picked":"Berserk+1","floor":33},{"not_picked":["Carnage+1","Shrug It Off"],"picked":"Iron Wave+1","floor":35},{"not_picked":["Hemokinesis+1","Body Slam+1"],"picked":"Shrug It Off","floor":36},{"not_picked":["Panache+1","HandOfGreed+1"],"picked":"Finesse","floor":37},{"not_picked":["Enlightenment","Jack Of All Trades"],"picked":"Magnetism+1","floor":37}],"player_experience":677512,"relics_obtained":[{"floor":6,"key":"Matryoshka"},{"floor":8,"key":"Molten Egg 2"},{"floor":9,"key":"Dream Catcher"},{"floor":9,"key":"Kunai"},{"floor":10,"key":"Whetstone"},{"floor":24,"key":"Incense Burner"},{"floor":26,"key":"Dodecahedron"},{"floor":26,"key":"Self Forming Clay"},{"floor":29,"key":"Frozen Egg 2"},{"floor":31,"key":"FossilizedHelix"},{"floor":38,"key":"Mummified Hand"}],"event_choices":[{"damage_healed":0,"gold_gain":0,"cards_transformed":["Strike_R"],"player_choice":"Change","damage_taken":0,"max_hp_gain":0,"max_hp_loss":0,"event_name":"Living Wall","floor":3,"gold_loss":0,"cards_obtained":["Twin Strike"]},{"damage_healed":0,"gold_gain":0,"cards_transformed":["Strike_R"],"player_choice":"Transformed","damage_taken":0,"max_hp_gain":0,"max_hp_loss":0,"event_name":"Transmorgrifier","floor":4,"gold_loss":0,"cards_obtained":["Rampage"]},{"damage_healed":0,"gold_gain":0,"player_choice":"Became a vampire","damage_taken":0,"max_hp_gain":0,"max_hp_loss":24,"event_name":"Vampires","floor":19,"gold_loss":0,"cards_obtained":["Bite","Bite","Bite","Bite","Bite"]},{"damage_healed":0,"gold_gain":0,"cards_transformed":["Defend_R"],"player_choice":"Transformed","damage_taken":0,"max_hp_gain":0,"max_hp_loss":0,"event_name":"Transmorgrifier","floor":28,"gold_loss":0,"cards_obtained":["Dual Wield"]},{"damage_healed":0,"gold_gain":0,"player_choice":"Memory 2","damage_taken":5,"max_hp_gain":0,"max_hp_loss":0,"event_name":"SensoryStone","floor":37,"gold_loss":0},{"damage_healed":0,"gold_gain":0,"player_choice":"Relic","damage_taken":0,"max_hp_gain":0,"max_hp_loss":0,"event_name":"Wheel of Change","floor":38,"gold_loss":0}],"is_beta":false,"boss_relics":[{"not_picked":["Lizard Tail","Calling Bell"],"picked":"Philosopher\u0027s Stone"},{"not_picked":["Cursed Key","Sozu"],"picked":"Black Blood"}],"items_purged_floors":[14],"is_endless":false,"potions_floor_spawned":[1,5,6,7,10,16,18,24,30,33,36],"killed_by":"Giant Head","ascension_level":16}