{"gold_per_floor":[111,131,131,131,16,48,48,77,103,25,54,66,93,136,148,234,246,269,281,293,49,61,61,89,106,106,138,153,153,181,196,196,267,267,286,11,0,17,117,145,145,176,176,176,201,221,255,273,273,273,273,273,273,52,82,82],"floor_reached":56,"playtime":4465,"items_purged":["Strike_G"],"score":2148,"play_id":"82907c47-3244-413b-903b-84f2676210f3","local_time":"20190803200330","is_ascension_mode":true,"campfire_choices":[{"floor":12.0,"key":"REST"},{"data":"Well Laid Plans","floor":15.0,"key":"SMITH"},{"floor":23.0,"key":"REST"},{"floor":29.0,"key":"REST"},{"floor":32.0,"key":"REST"},{"data":"Noxious Fumes","floor":41.0,"key":"SMITH"},{"floor":44.0,"key":"RECALL"},{"data":"Malaise","floor":49.0,"key":"SMITH"},{"data":"Corpse Explosion","floor":53.0,"key":"SMITH"}],"neow_cost":"NONE","seed_source_timestamp":0,"circlet_count":0,"master_deck":["AscendersBane","Strike_G","Strike_G","Strike_G","Defend_G","Defend_G","Defend_G","Defend_G","Defend_G","Survivor","Neutralize","Dagger Throw+1","Well Laid Plans+1","Flying Knee","Predator","Poisoned Stab","Dagger Spray","Adrenaline","PiercingWail","Noxious Fumes+1","Malaise+1","Cloak And Dagger","Deflect","Deadly Poison","Acrobatics","Backflip","Terror+1","Corpse Explosion+1","Backflip","PiercingWail","Caltrops","Bouncing Flask"],"special_seed":0,"relics":["Ring of the Serpent","NeowsBlessing","Happy Flower","Ornamental Fan","PreservedInsect","Omamori","MawBank","Snake Skull","Cursed Key","Orichalcum","Enchiridion","Blue Candle","Mercury Hourglass","Oddly Smooth Stone","Mummified Hand","Red Mask","Thread and Needle","Meat on the Bone","Pear","Bronze Scales","Bottled Tornado","Ninja Scroll"],"potions_floor_usage":[56,56],"damage_taken":[{"damage":0.0,"enemies":"2 Louse","floor":1.0,"turns":1.0},{"damage":0.0,"enemies":"Jaw Worm","floor":2.0,"turns":1.0},{"damage":0.0,"enemies":"Lagavulin","floor":6.0,"turns":1.0},{"damage":38.0,"enemies":"Gremlin Nob","floor":8.0,"turns":5.0},{"damage":13.0,"enemies":"Lagavulin","floor":11.0,"turns":6.0},{"damage":0.0,"enemies":"Small Slimes","floor":13.0,"turns":2.0},{"damage":1.0,"enemies":"3 Sentries","floor":14.0,"turns":4.0},{"damage":23.0,"enemies":"The Guardian","floor":16.0,"turns":14.0},{"damage":13.0,"enemies":"Spheric Guardian","floor":18.0,"turns":4.0},{"damage":0.0,"enemies":"3 Byrds","floor":22.0,"turns":5.0},{"damage":9.0,"enemies":"Slavers","floor":24.0,"turns":4.0},{"damage":11.0,"enemies":"Centurion and Healer","floor":25.0,"turns":7.0},{"damage":1.0,"enemies":"Gremlin Leader","floor":27.0,"turns":8.0},{"damage":7.0,"enemies":"Cultist and Chosen","floor":28.0,"turns":6.0},{"damage":4.0,"enemies":"Book of Stabbing","floor":30.0,"turns":5.0},{"damage":7.0,"enemies":"Snecko","floor":31.0,"turns":5.0},{"damage":17.0,"enemies":"Collector","floor":33.0,"turns":9.0},{"damage":0.0,"enemies":"3 Shapes","floor":35.0,"turns":3.0},{"damage":7.0,"enemies":"3 Darklings","floor":38.0,"turns":5.0},{"damage":0.0,"enemies":"Mind Bloom Boss Battle","floor":39.0,"turns":6.0},{"damage":8.0,"enemies":"Nemesis","floor":40.0,"turns":7.0},{"damage":16.0,"enemies":"Reptomancer","floor":42.0,"turns":7.0},{"damage":22.0,"enemies":"Nemesis","floor":45.0,"turns":7.0},{"damage":2.0,"enemies":"Writhing Mass","floor":46.0,"turns":6.0},{"damage":14.0,"enemies":"Reptomancer","floor":47.0,"turns":5.0},{"damage":0.0,"enemies":"Transient","floor":48.0,"turns":6.0},{"damage":29.0,"enemies":"Awakened One","floor":50.0,"turns":19.0},{"damage":23.0,"enemies":"Donu and Deca","floor":51.0,"turns":6.0},{"damage":35.0,"enemies":"Shield and Spear","floor":55.0,"turns":4.0},{"damage":60,"enemies":"The Heart","floor":56,"turns":3}],"seed_played":"-3118251434870582761","potions_obtained":[{"floor":1.0,"key":"Fruit Juice"},{"floor":8.0,"key":"Poison Potion"},{"floor":13.0,"key":"Fire Potion"},{"floor":16.0,"key":"PowerPotion"},{"floor":18.0,"key":"GhostInAJar"},{"floor":28.0,"key":"EntropicBrew"},{"floor":33.0,"key":"SteroidPotion"},{"floor":45.0,"key":"Regen Potion"},{"floor":55.0,"key":"Regen Potion"}],"is_trial":false,"path_per_floor":["M","M","?","?","$","E","T","E","T","$","E","R","M","E","R","B",null,"M","?","?","$","M","R","E","M","T","E","M","R","E","M","R","B",null,"M","$","?","M","?","E","R","E","T","R","E","M","E","M","R","B","B",null,"R","$","E","B"],"character_chosen":"THE_SILENT","items_purchased":["Well Laid Plans","Flying Knee","GhostInAJar","Noxious Fumes","Malaise","Mummified Hand","Caltrops","Dexterity Potion"],"campfire_rested":4,"item_purchase_floors":[5,5,10,21,21,36,54,54],"current_hp_per_floor":[59,59,59,52,52,52,52,14,14,19,6,27,27,26,26,3,54,41,41,20,20,20,41,32,21,21,20,13,34,30,23,44,27,60,60,60,60,53,53,45,45,51,51,51,41,51,49,49,49,32,36,70,70,70,47,0],"gold":82,"neow_bonus":"THREE_ENEMY_KILL","is_prod":false,"is_daily":false,"chose_seed":false,"campfire_upgraded":4,"win_rate":0,"timestamp":1564859010,"path_taken":["M","M","?","?","$","E","?","E","T","$","E","R","M","E","R","BOSS","M","?","?","?","M","R","E","?","T","E","M","R","E","M","R","BOSS","M","$","?","M","?","E","R","E","T","R","E","M","E","M","R","BOSS","BOSS","R","$","E","BOSS"],"build_version":"2019-07-18","purchased_purges":1,"victory":false,"max_hp_per_floor":[66,66,66,66,66,66,66,66,66,71,71,71,71,71,71,71,71,71,71,71,71,71,71,71,71,71,71,71,71,71,71,71,71,71,71,71,71,71,71,71,71,81,81,81,81,81,81,81,81,81,81,81,81,81,81,81],"card_choices":[{"not_picked":["Riddle With Holes","Flechettes","Underhanded Strike"],"picked":"SKIP","floor":1.0},{"not_picked":["Choke","Blade Dance"],"picked":"Dagger Throw","floor":2.0},{"not_picked":["Setup","Dodge and Roll"],"picked":"Predator","floor":6.0},{"not_picked":["Expertise","Endless Agony"],"picked":"Poisoned Stab","floor":8.0},{"not_picked":["Sucker Punch","Calculated Gamble","Backflip"],"picked":"SKIP","floor":11.0},{"not_picked":["Cloak And Dagger","Sucker Punch"],"picked":"Dagger Spray","floor":13.0},{"not_picked":["Slice","Bane","Poisoned Stab"],"picked":"SKIP","floor":14.0},{"not_picked":["Unload","Bullet Time"],"picked":"Adrenaline","floor":16.0},{"not_picked":["Distraction","Catalyst"],"picked":"PiercingWail","floor":18.0},{"not_picked":["Predator","Endless Agony"],"picked":"Cloak And Dagger","floor":22.0},{"not_picked":["Acrobatics","Riddle With Holes"],"picked":"Deflect","floor":24.0},{"not_picked":["Masterful Stab","Choke+1"],"picked":"Deadly Poison","floor":25.0},{"not_picked":["Tactician","All Out Attack"],"picked":"Acrobatics","floor":27.0},{"not_picked":["Quick Slash","Dash"],"picked":"Backflip","floor":28.0},{"not_picked":["Acrobatics","Setup"],"picked":"Terror+1","floor":30.0},{"not_picked":["Grand Finale","Dagger Spray","Dash"],"picked":"SKIP","floor":31.0},{"not_picked":["Glass Knife","Envenom"],"picked":"Corpse Explosion","floor":33.0},{"not_picked":["Dash","Slice","Dagger Throw"],"picked":"SKIP","floor":35.0},{"not_picked":["Terror","Prepared+1","Masterful Stab"],"picked":"SKIP","floor":38.0},{"not_picked":["Heel Hook","Deadly Poison","Accuracy+1"],"picked":"SKIP","floor":40.0},{"not_picked":["Dagger Spray","Prepared","Riddle With Holes"],"picked":"SKIP","floor":42.0},{"not_picked":["Poisoned Stab","Outmaneuver","Quick Slash+1"],"picked":"SKIP","floor":45.0},{"not_picked":["Reflex","Poisoned Stab"],"picked":"Backflip","floor":46.0},{"not_picked":["Prepared+1","Reflex+1","Flechettes"],"picked":"SKIP","floor":47.0},{"not_picked":["Backflip","Finisher"],"picked":"PiercingWail","floor":48.0},{"not_picked":["Quick Slash","Doppelganger"],"picked":"Bouncing Flask","floor":55.0}],"player_experience":2275221,"relics_obtained":[{"floor":6.0,"key":"Happy Flower"},{"floor":7.0,"key":"Ornamental Fan"},{"floor":8.0,"key":"PreservedInsect"},{"floor":9.0,"key":"Omamori"},{"floor":11.0,"key":"MawBank"},{"floor":14.0,"key":"Snake Skull"},{"floor":20.0,"key":"Enchiridion"},{"floor":24.0,"key":"Blue Candle"},{"floor":27.0,"key":"Mercury Hourglass"},{"floor":30.0,"key":"Oddly Smooth Stone"},{"floor":39.0,"key":"Thread and Needle"},{"floor":40.0,"key":"Meat on the Bone"},{"floor":42.0,"key":"Pear"},{"floor":45.0,"key":"Bronze Scales"},{"floor":47.0,"key":"Bottled Tornado"},{"floor":55.0,"key":"Ninja Scroll"}],"event_choices":[{"damage_healed":0.0,"max_hp_gain":0.0,"max_hp_loss":0.0,"gold_gain":0.0,"event_name":"Living Wall","player_choice":"Grow","floor":3.0,"gold_loss":0.0,"damage_taken":0.0,"cards_upgraded":["Dagger Throw"]},{"cards_removed":["Strike_G"],"damage_healed":0.0,"max_hp_gain":0.0,"max_hp_loss":0.0,"gold_gain":0.0,"event_name":"Golden Wing","player_choice":"Card Removal","floor":4.0,"gold_loss":0.0,"damage_taken":7.0},{"damage_healed":0.0,"max_hp_gain":0.0,"max_hp_loss":0.0,"gold_gain":0.0,"event_name":"The Mausoleum","player_choice":"Opened","floor":19.0,"gold_loss":0.0,"damage_taken":0.0,"relics_obtained":["Orichalcum"],"cards_obtained":["Writhe"]},{"damage_healed":0.0,"max_hp_gain":0.0,"max_hp_loss":0.0,"gold_gain":0.0,"event_name":"Cursed Tome","player_choice":"Obtained Book","floor":20.0,"gold_loss":0.0,"damage_taken":21.0},{"damage_healed":0.0,"max_hp_gain":0.0,"max_hp_loss":0.0,"gold_gain":0.0,"event_name":"Tomb of Lord Red Mask","player_choice":"Paid","floor":37.0,"gold_loss":11.0,"damage_taken":0.0,"relics_obtained":["Red Mask"]},{"damage_healed":0.0,"max_hp_gain":0.0,"max_hp_loss":0.0,"gold_gain":0.0,"event_name":"MindBloom","player_choice":"Fight","floor":39.0,"gold_loss":0.0,"damage_taken":0.0}],"is_beta":true,"boss_relics":[{"not_picked":["WristBlade","Ectoplasm"],"picked":"Cursed Key"},{"not_picked":["Fusion Hammer","Busted Crown"],"picked":"Ring of the Serpent"}],"items_purged_floors":[54],"is_endless":false,"potions_floor_spawned":[1,8,13,16,18,24,28,30,33,39,42,45,48,55],"killed_by":"The Heart","ascension_level":20}