{"gold_per_floor":[112,112,37,37,47,47,63,63,63,83,118,118,151,169,169,244,244,260,272,197,209,30,30,30,56,56,56,75,102,119,64,64,143,143,159,0,12,31,31,64,64,92,115,115,115,115,134,162,162,162,162],"floor_reached":52,"playtime":6833,"items_purged":["Strike_R"],"score":1926,"play_id":"764d6b5a-a78f-4337-8ff4-eaf6ee9c0636","local_time":"20180920225922","is_ascension_mode":true,"campfire_choices":[{"data":"Disarm","floor":6,"key":"SMITH"},{"data":"Bash","floor":8,"key":"SMITH"},{"data":"True Grit","floor":12,"key":"SMITH"},{"data":"Demon Form","floor":15,"key":"SMITH"},{"floor":23,"key":"REST"},{"floor":27,"key":"REST"},{"floor":32,"key":"REST"},{"floor":45,"key":"REST"},{"floor":49,"key":"REST"}],"neow_cost":"NONE","seed_source_timestamp":244929825006730,"circlet_count":0,"master_deck":["Strike_R","Defend_R","Defend_R","Defend_R","Defend_R","Bash+1","AscendersBane","Battle Trance","Demon Form+1","Disarm+1","Anger+1","Flame Barrier","Twin Strike+1","True Grit+1","Shockwave","Armaments","Uppercut+1","Body Slam+1","Shrug It Off","Feel No Pain","Feel No Pain","Exhume","Iron Wave+1","Pummel+1","Ghostly Armor","True Grit","Whirlwind+1","Iron Wave+1","Apotheosis","Dark Shackles","Flash of Steel+1","Clothesline+1","Disarm+1","Burning Pact"],"special_seed":0,"relics":["Burning Blood","Happy Flower","Molten Egg 2","Prayer Wheel","WingedGreaves","Mummified Hand","Fusion Hammer","Strawberry","Blue Candle","Vajra","Centennial Puzzle","Torii","Empty Cage","Red Mask","Nunchaku","Juzu Bracelet","Regal Pillow","Omamori"],"potions_floor_usage":[11,21,21,25,33,48,51,51],"damage_taken":[{"damage":12.0,"enemies":"Small Slimes","floor":1.0,"turns":4.0},{"damage":9,"enemies":"Cultist","floor":5,"turns":6},{"damage":7,"enemies":"Jaw Worm","floor":7,"turns":4},{"damage":14,"enemies":"2 Fungi Beasts","floor":10,"turns":4},{"damage":8,"enemies":"Gremlin Nob","floor":11,"turns":3},{"damage":17,"enemies":"Lagavulin","floor":13,"turns":5},{"damage":9,"enemies":"Red Slaver","floor":14,"turns":6},{"damage":19,"enemies":"The Guardian","floor":16,"turns":9},{"damage":30,"enemies":"Spheric Guardian","floor":18,"turns":7},{"damage":32,"enemies":"3 Byrds","floor":19,"turns":5},{"damage":18,"enemies":"Snake Plant","floor":21,"turns":5},{"damage":16,"enemies":"Book of Stabbing","floor":25,"turns":4},{"damage":5,"enemies":"Centurion and Healer","floor":28,"turns":6},{"damage":16,"enemies":"Gremlin Leader","floor":29,"turns":8},{"damage":1,"enemies":"Snecko","floor":30,"turns":5},{"damage":28,"enemies":"Automaton","floor":33,"turns":9},{"damage":0,"enemies":"3 Shapes","floor":35,"turns":9},{"damage":1,"enemies":"3 Darklings","floor":37,"turns":6},{"damage":0,"enemies":"Maw","floor":38,"turns":8},{"damage":40,"enemies":"2 Orb Walkers","floor":40,"turns":7},{"damage":18,"enemies":"Nemesis","floor":42,"turns":9},{"damage":20,"enemies":"Jaw Worm Horde","floor":47,"turns":7},{"damage":23,"enemies":"Giant Head","floor":48,"turns":9},{"damage":47,"enemies":"Time Eater","floor":50,"turns":9},{"damage":23,"enemies":"Donu and Deca","floor":51,"turns":11}],"seed_played":"-5466690958268351272","potions_obtained":[{"floor":1.0,"key":"Strength Potion"},{"floor":5,"key":"Explosive Potion"},{"floor":13,"key":"EntropicBrew"},{"floor":19,"key":"Regen Potion"},{"floor":25,"key":"Dexterity Potion"},{"floor":33,"key":"SteroidPotion"},{"floor":35,"key":"Strength Potion"},{"floor":48,"key":"Fire Potion"}],"is_trial":false,"path_per_floor":["M","?","$","T","M","R","M","R","T","M","E","R","E","M","R","B",null,"M","M","?","M","$","R","T","E","T","R","M","E","M","$","R","B",null,"M","?","M","M","?","E","?","E","T","?","R","?","M","E","R","B","B"],"character_chosen":"IRONCLAD","items_purchased":["Strawberry","True Grit"],"campfire_rested":5,"item_purchase_floors":[22,31],"current_hp_per_floor":[62,62,62,62,59,59,58,58,58,50,48,48,37,34,34,21,62,38,16,16,22,29,56,56,46,46,73,78,72,81,81,102,84,101,110,110,110,110,100,70,70,58,58,58,105,118,104,87,118,77,60],"gold":162,"neow_bonus":"RANDOM_COMMON_RELIC","is_prod":false,"is_daily":false,"chose_seed":false,"campfire_upgraded":4,"win_rate":0,"timestamp":1537480762,"path_taken":["M","?","$","?","M","R","M","R","T","?","E","R","E","M","R","BOSS","M","M","?","?","?","R","?","E","T","R","M","E","M","$","R","BOSS","M","?","M","M","?","E","?","E","T","?","R","?","M","E","R","BOSS","BOSS"],"build_version":"2018-09-19","purchased_purges":1,"victory":true,"max_hp_per_floor":[75,75,75,75,75,75,75,75,75,75,75,75,75,75,75,75,75,75,79,79,83,90,90,90,90,90,90,94,98,102,102,102,106,106,110,110,110,110,110,114,114,114,114,108,108,118,118,118,118,118,118],"card_choices":[{"not_picked":["Perfected Strike","Clash"],"picked":"Battle Trance","floor":1.0},{"not_picked":["Thunderclap+1","Anger+1"],"picked":"Disarm","floor":5},{"not_picked":["Flex","Thunderclap+1"],"picked":"Anger+1","floor":7},{"not_picked":["Uppercut+1","Headbutt+1"],"picked":"Flame Barrier","floor":10},{"not_picked":["Spot Weakness","Headbutt+1"],"picked":"Twin Strike+1","floor":10},{"not_picked":["Pommel Strike+1","Metallicize"],"picked":"True Grit","floor":11},{"not_picked":["Shrug It Off","Double Tap"],"picked":"Shockwave","floor":13},{"not_picked":["True Grit","Carnage+1"],"picked":"Armaments","floor":14},{"not_picked":["Warcry","Heavy Blade+1","Twin Strike+1"],"picked":"SKIP","floor":14},{"not_picked":["Barricade","Double Tap"],"picked":"Feed+1","floor":16},{"not_picked":["Headbutt+1","Pommel Strike+1"],"picked":"Uppercut+1","floor":18},{"not_picked":["Cleave+1","Dropkick+1","Havoc"],"picked":"SKIP","floor":18},{"not_picked":["Combust","Anger+1"],"picked":"Body Slam+1","floor":19},{"not_picked":["Dual Wield","Heavy Blade+1","Rage"],"picked":"SKIP","floor":19},{"not_picked":["Wild Strike+1","Twin Strike+1"],"picked":"Shrug It Off","floor":21},{"not_picked":["Feed+1","Cleave+1"],"picked":"Feel No Pain","floor":21},{"not_picked":["Wild Strike+1","Clothesline+1","Intimidate"],"picked":"SKIP","floor":25},{"not_picked":["Corruption","Anger+1"],"picked":"Feel No Pain","floor":28},{"not_picked":["Wild Strike+1","Warcry"],"picked":"Exhume","floor":28},{"not_picked":["Limit Break","Thunderclap+1"],"picked":"Iron Wave+1","floor":29},{"not_picked":["Havoc","Clash+1"],"picked":"Pummel+1","floor":30},{"not_picked":["Warcry+1","Flex"],"picked":"Ghostly Armor","floor":30},{"not_picked":["Twin Strike+1","True Grit"],"picked":"Whirlwind+1","floor":35},{"not_picked":["Headbutt+1","Wild Strike+1","Hemokinesis+1"],"picked":"SKIP","floor":35},{"not_picked":["Body Slam+1","Thunderclap+1","Cleave+1"],"picked":"SKIP","floor":37},{"not_picked":["Shockwave","Anger+1","Havoc"],"picked":"SKIP","floor":37},{"not_picked":["Corruption","Heavy Blade+1"],"picked":"Iron Wave+1","floor":38},{"not_picked":["Warcry","Armaments","Cleave+1"],"picked":"SKIP","floor":38},{"not_picked":["Good Instincts","Panacea"],"picked":"Apotheosis","floor":39},{"not_picked":["Jack Of All Trades","HandOfGreed+1"],"picked":"Dark Shackles","floor":39},{"not_picked":["Magnetism","The Bomb"],"picked":"Flash of Steel+1","floor":39},{"not_picked":["Warcry","Whirlwind+1"],"picked":"Clothesline+1","floor":40},{"not_picked":["Clash+1","Havoc","Whirlwind+1"],"picked":"SKIP","floor":42},{"not_picked":["Dual Wield","True Grit"],"picked":"Burning Pact","floor":47},{"not_picked":["Sword Boomerang+1","Carnage+1","Clothesline+1"],"picked":"SKIP","floor":47},{"not_picked":["Warcry","Double Tap","Heavy Blade+1"],"picked":"SKIP","floor":48}],"player_experience":1335702,"relics_obtained":[{"floor":4,"key":"Molten Egg 2"},{"floor":9,"key":"Prayer Wheel"},{"floor":11,"key":"WingedGreaves"},{"floor":13,"key":"Mummified Hand"},{"floor":24,"key":"Blue Candle"},{"floor":25,"key":"Vajra"},{"floor":26,"key":"Centennial Puzzle"},{"floor":29,"key":"Torii"},{"floor":40,"key":"Nunchaku"},{"floor":42,"key":"Juzu Bracelet"},{"floor":43,"key":"Regal Pillow"},{"floor":48,"key":"Omamori"}],"event_choices":[{"event_name":"Match and Keep!","player_choice":"1 cards matched","floor":2,"damage_taken":0},{"event_name":"Beggar","player_choice":"Gave Gold","floor":20,"damage_taken":0},{"event_name":"Tomb of Lord Red Mask","player_choice":"Paid","floor":36,"damage_taken":0},{"event_name":"SensoryStone","player_choice":"Memory 3","floor":39,"damage_taken":0},{"event_name":"Duplicator","player_choice":"One dupe","floor":41,"damage_taken":0},{"event_name":"Winding Halls","player_choice":"Max HP","floor":44,"damage_taken":0},{"event_name":"Bonfire Elementals","player_choice":"RARE","floor":46,"damage_taken":0}],"is_beta":true,"boss_relics":[{"not_picked":["Coffee Dripper","Runic Cube"],"picked":"Fusion Hammer"},{"not_picked":["Sozu","Philosopher\u0027s Stone"],"picked":"Empty Cage"}],"items_purged_floors":[3],"is_endless":false,"potions_floor_spawned":[1,5,10,13,19,25,29,33,35,38,42,48],"ascension_level":20}