{"gold_per_floor":[114,114,127,49,49,85,85,116,142,167,167,201,201,275,275,373,373,392,17,30,53,67,67,102,102,125,149,149],"floor_reached":28,"playtime":1089,"items_purged":["Strike_G"],"score":582,"play_id":"02b9baef-d2f1-4ae3-a6be-2592ae709f73","local_time":"20190809004753","is_ascension_mode":true,"campfire_choices":[{"data":"All Out Attack","floor":7.0,"key":"SMITH"},{"floor":11.0,"key":"REST"},{"floor":15.0,"key":"REST"},{"floor":23,"key":"REST"},{"floor":25,"key":"REST"}],"neow_cost":"NONE","seed_source_timestamp":197116967706700,"circlet_count":0,"master_deck":["AscendersBane","Strike_G","Strike_G","Strike_G","Strike_G","Defend_G","Defend_G","Defend_G","Defend_G","Defend_G","Survivor","Neutralize+1","Crippling Poison","Quick Slash","Caltrops","All Out Attack+1","Glass Knife+1","Infinite Blades","Cloak And Dagger","Adrenaline","Bouncing Flask","Deflect","Noxious Fumes+1","Escape Plan","Dodge and Roll+1","Die Die Die","Noxious Fumes"],"special_seed":0,"relics":["Ring of the Snake","NeowsBlessing","Golden Idol","Anchor","Kunai","Dream Catcher","Boot","Tiny Chest","WristBlade","Lee\u0027s Waffle","Whetstone","Centennial Puzzle"],"potions_floor_usage":[16,22,24,28],"damage_taken":[{"damage":0.0,"enemies":"Cultist","floor":1.0,"turns":1.0},{"damage":0.0,"enemies":"Small Slimes","floor":3.0,"turns":1.0},{"damage":0.0,"enemies":"Lagavulin","floor":6.0,"turns":1.0},{"damage":37.0,"enemies":"Gremlin Nob","floor":8.0,"turns":5.0},{"damage":0.0,"enemies":"2 Louse","floor":10.0,"turns":2.0},{"damage":17.0,"enemies":"3 Sentries","floor":12.0,"turns":4.0},{"damage":24.0,"enemies":"Lagavulin","floor":14.0,"turns":8.0},{"damage":23,"enemies":"Hexaghost","floor":16,"turns":12},{"damage":14,"enemies":"2 Thieves","floor":18,"turns":5},{"damage":0,"enemies":"3 Byrds","floor":20,"turns":3},{"damage":30,"enemies":"Snake Plant","floor":21,"turns":5},{"damage":19,"enemies":"Centurion and Healer","floor":22,"turns":8},{"damage":33,"enemies":"Book of Stabbing","floor":24,"turns":4},{"damage":14,"enemies":"3 Cultists","floor":27,"turns":5},{"damage":18,"enemies":"Slavers","floor":28,"turns":2}],"seed_played":"-7566809706991571120","potions_obtained":[{"floor":1.0,"key":"AttackPotion"},{"floor":8.0,"key":"GamblersBrew"},{"floor":12.0,"key":"Block Potion"},{"floor":20,"key":"SpeedPotion"},{"floor":22,"key":"Block Potion"}],"is_trial":false,"path_per_floor":["M","?","M","$","?","E","R","E","T","M","R","E","?","E","R","B",null,"M","$","M","M","M","R","E","R","T","M","E"],"character_chosen":"THE_SILENT","items_purchased":["Caltrops","LiquidBronze","Lee\u0027s Waffle"],"campfire_rested":4,"item_purchase_floors":[4,19,19],"current_hp_per_floor":[59,59,59,59,64,64,64,27,27,27,46,29,29,5,24,1,49,35,72,72,42,23,44,11,32,32,18,0],"gold":149,"neow_bonus":"THREE_ENEMY_KILL","is_prod":false,"is_daily":false,"chose_seed":false,"campfire_upgraded":1,"win_rate":0,"timestamp":1565308073,"path_taken":["M","?","M","$","?","E","R","E","T","M","R","E","?","E","R","BOSS","M","$","M","M","M","R","E","R","T","M","E"],"build_version":"2019-07-18","purchased_purges":1,"victory":false,"max_hp_per_floor":[66,60,60,60,65,65,65,65,65,65,65,65,65,65,65,65,65,65,72,72,72,72,72,72,72,72,72,72],"card_choices":[{"not_picked":["Quick Slash","Distraction"],"picked":"Crippling Poison","floor":1.0},{"not_picked":["Choke","Prepared"],"picked":"Quick Slash","floor":3.0},{"not_picked":["Deflect","Quick Slash"],"picked":"All Out Attack","floor":6.0},{"not_picked":["Deadly Poison","Prepared"],"picked":"Glass Knife","floor":8.0},{"not_picked":["Sucker Punch","Catalyst","Blade Dance"],"picked":"SKIP","floor":10.0},{"not_picked":["Flechettes","Dodge and Roll"],"picked":"Infinite Blades","floor":11.0},{"not_picked":["Flying Knee","Crippling Poison","Bane"],"picked":"SKIP","floor":12.0},{"not_picked":["Predator","Outmaneuver","Bullet Time"],"picked":"SKIP","floor":14.0},{"not_picked":["Bane","Infinite Blades"],"picked":"Cloak And Dagger","floor":15.0},{"not_picked":["Phantasmal Killer","Burst"],"picked":"Adrenaline","floor":16},{"not_picked":["Escape Plan","Blade Dance"],"picked":"Bouncing Flask","floor":18},{"not_picked":["Backflip","Quick Slash"],"picked":"Deflect","floor":20},{"not_picked":["Dagger Throw","Acrobatics","Bouncing Flask"],"picked":"SKIP","floor":21},{"not_picked":["Riddle With Holes","Dagger Throw"],"picked":"Noxious Fumes+1","floor":22},{"not_picked":["Crippling Poison","Deadly Poison"],"picked":"Escape Plan","floor":23},{"not_picked":["Masterful Stab","Cloak And Dagger"],"picked":"Dodge and Roll+1","floor":24},{"not_picked":["Blade Dance","Outmaneuver"],"picked":"Die Die Die","floor":25},{"not_picked":["Setup","Infinite Blades"],"picked":"Noxious Fumes","floor":27}],"player_experience":2291485,"relics_obtained":[{"floor":6.0,"key":"Anchor"},{"floor":8.0,"key":"Kunai"},{"floor":9.0,"key":"Dream Catcher"},{"floor":12.0,"key":"Boot"},{"floor":14.0,"key":"Tiny Chest"},{"floor":24,"key":"Whetstone"},{"floor":26,"key":"Centennial Puzzle"}],"event_choices":[{"damage_healed":0.0,"max_hp_gain":0.0,"max_hp_loss":6.0,"gold_gain":0.0,"event_name":"Golden Idol","player_choice":"Lose Max HP","floor":2.0,"gold_loss":0.0,"damage_taken":0.0,"relics_obtained":["Golden Idol"]},{"damage_healed":0.0,"max_hp_gain":5.0,"max_hp_loss":0.0,"gold_gain":0.0,"event_name":"Big Fish","player_choice":"Donut","floor":5.0,"gold_loss":0.0,"damage_taken":0.0},{"damage_healed":0.0,"max_hp_gain":0.0,"max_hp_loss":0.0,"gold_gain":0.0,"event_name":"Liars Game","player_choice":"Ignored","floor":13.0,"gold_loss":0.0,"damage_taken":0.0}],"is_beta":true,"boss_relics":[{"not_picked":["White Beast Statue","Eternal Feather"],"picked":"WristBlade"}],"items_purged_floors":[19],"is_endless":false,"potions_floor_spawned":[1,8,12,20,22],"killed_by":"Slavers","ascension_level":20}