{"gold_per_floor":[112,125,16,28,44,44,55,55,79,79,94,16,16,26,26,126,126,143,143,162,261,211,236,186,186,186,196,221,321,341,353,353,353],"floor_reached":33,"playtime":1060,"items_purged":["Strike_R","Shockwave"],"score":279,"play_id":"605dc1a8-1ed6-4a6b-a495-6d2c94700323","local_time":"20190702111623","is_ascension_mode":false,"campfire_choices":[{"data":"Inflame","floor":6,"key":"SMITH"},{"data":"Whirlwind","floor":10,"key":"SMITH"},{"data":"Armaments","floor":15,"key":"SMITH"},{"floor":32,"key":"REST"}],"neow_cost":"NONE","seed_source_timestamp":523340935359000,"circlet_count":0,"master_deck":["Strike_R","Strike_R","Strike_R","Strike_R","Defend_R","Defend_R","Defend_R","Defend_R","Bash","Sword Boomerang","Flex","Inflame+1","Whirlwind+1","Sword Boomerang","Bludgeon","Sword Boomerang","Battle Trance","Armaments+1","Feed","Armaments+1","Impervious","Writhe","Flex","Burning Pact+1"],"relics":["Burning Blood","NeowsBlessing","Red Skull","Smiling Mask","Cursed Key","Pen Nib","Kunai"],"potions_floor_usage":[31,31,31,31,31,31],"damage_taken":[{"damage":0,"enemies":"2 Louse","floor":1,"turns":2},{"damage":0,"enemies":"Cultist","floor":2,"turns":1},{"damage":0,"enemies":"Jaw Worm","floor":4,"turns":1},{"damage":24,"enemies":"Large Slime","floor":5,"turns":5},{"damage":9,"enemies":"Blue Slaver","floor":7,"turns":3},{"damage":1,"enemies":"Exordium Wildlife","floor":11,"turns":3},{"damage":0,"enemies":"3 Louse","floor":14,"turns":1},{"damage":35,"enemies":"Slime Boss","floor":16,"turns":7},{"damage":20,"enemies":"2 Thieves","floor":18,"turns":2},{"damage":5,"enemies":"Chosen","floor":20,"turns":3},{"damage":31,"enemies":"Gremlin Leader","floor":23,"turns":6},{"damage":15,"enemies":"Snake Plant","floor":27,"turns":5},{"damage":23,"enemies":"Book of Stabbing","floor":28,"turns":4},{"damage":11,"enemies":"Sentry and Sphere","floor":30,"turns":4},{"damage":10,"enemies":"Shelled Parasite and Fungi","floor":31,"turns":2},{"damage":64,"enemies":"Champ","floor":33,"turns":9}],"seed_played":"-8515610973730095112","potions_obtained":[{"floor":4,"key":"EssenceOfSteel"},{"floor":7,"key":"Poison Potion"},{"floor":16,"key":"LiquidBronze"},{"floor":20,"key":"Energy Potion"},{"floor":28,"key":"EntropicBrew"}],"is_trial":false,"path_per_floor":["M","M","$","M","M","R","M","?","T","R","M","$","?","M","R","B",null,"M","?","M","?","$","E","$","?","T","M","E","?","M","M","R","B"],"character_chosen":"IRONCLAD","items_purchased":["Inflame","Whirlwind","Battle Trance"],"campfire_rested":1,"item_purchase_floors":[3,3,12],"current_hp_per_floor":[80,80,80,80,62,62,59,59,59,59,64,64,69,75,75,46,85,71,71,72,72,72,47,47,47,47,38,21,21,16,15,41,0],"gold":353,"neow_bonus":"THREE_ENEMY_KILL","is_prod":false,"is_daily":false,"chose_seed":false,"campfire_upgraded":3,"win_rate":0,"timestamp":1562033783,"path_taken":["M","M","$","M","M","R","M","?","T","R","M","?","?","M","R","BOSS","M","?","M","?","?","E","$","?","T","?","E","?","M","M","R","BOSS"],"build_version":"2019-07-01","purchased_purges":2,"victory":false,"max_hp_per_floor":[80,80,80,80,80,80,80,80,80,80,80,80,85,85,85,85,85,85,85,85,85,85,85,85,85,85,85,85,85,85,88,88,88],"card_choices":[{"not_picked":["True Grit","Headbutt"],"picked":"Sword Boomerang","floor":1},{"not_picked":["Clothesline","Thunderclap"],"picked":"Flex","floor":2},{"not_picked":["Anger","Warcry","Entrench"],"picked":"SKIP","floor":4},{"not_picked":["Power Through","Rage"],"picked":"Sword Boomerang","floor":5},{"not_picked":["Fire Breathing","Wild Strike"],"picked":"Bludgeon","floor":7},{"not_picked":["Perfected Strike","Pommel Strike"],"picked":"Sword Boomerang","floor":11},{"not_picked":["Reckless Charge","Second Wind"],"picked":"Armaments","floor":14},{"not_picked":["Juggernaut","Impervious"],"picked":"Feed","floor":16},{"not_picked":["Twin Strike","Pummel"],"picked":"Armaments+1","floor":18},{"not_picked":["Shrug It Off","Clash"],"picked":"Shockwave","floor":20},{"not_picked":["Intimidate","Thunderclap","True Grit"],"picked":"SKIP","floor":23},{"not_picked":["Sword Boomerang","Bloodletting","True Grit"],"picked":"SKIP","floor":27},{"not_picked":["Ghostly Armor+1","Feel No Pain","Exhume"],"picked":"SKIP","floor":28},{"not_picked":["Corruption","Twin Strike"],"picked":"Flex","floor":30},{"not_picked":["Pommel Strike","Havoc+1"],"picked":"Burning Pact+1","floor":31}],"player_experience":108056,"relics_obtained":[{"floor":9,"key":"Smiling Mask"},{"floor":23,"key":"Pen Nib"},{"floor":28,"key":"Kunai"}],"event_choices":[{"damage_healed":0,"gold_gain":0,"player_choice":"Gave Potion","damage_taken":0,"relics_obtained":["Red Skull"],"max_hp_gain":0,"max_hp_loss":0,"event_name":"WeMeetAgain","floor":8,"gold_loss":0},{"damage_healed":0,"gold_gain":0,"player_choice":"Donut","damage_taken":0,"max_hp_gain":5,"max_hp_loss":0,"event_name":"Big Fish","floor":13,"gold_loss":0},{"damage_healed":0,"gold_gain":0,"player_choice":"Ignored","damage_taken":0,"max_hp_gain":0,"max_hp_loss":0,"event_name":"Beggar","floor":19,"gold_loss":0},{"damage_healed":0,"gold_gain":99,"player_choice":"Stole From Cult","damage_taken":0,"max_hp_gain":0,"max_hp_loss":0,"event_name":"Nest","floor":21,"gold_loss":0},{"damage_healed":0,"gold_gain":0,"player_choice":"Read","damage_taken":0,"max_hp_gain":0,"max_hp_loss":0,"event_name":"The Library","floor":25,"gold_loss":0,"cards_obtained":["Impervious"]},{"damage_healed":0,"gold_gain":100,"player_choice":"Pray","damage_taken":0,"max_hp_gain":0,"max_hp_loss":0,"event_name":"Golden Shrine","floor":29,"gold_loss":0}],"is_beta":false,"boss_relics":[{"not_picked":["Ectoplasm","Black Blood"],"picked":"Cursed Key"}],"items_purged_floors":[22,24],"is_endless":false,"potions_floor_spawned":[4,7,16,20,27,28],"killed_by":"Champ","ascension_level":0}