{"gold_per_floor":[117,117,117,3,78,78,109,121,196,196,221,221,254,267,267,338,338,350,1,21,21,121,121,135,168,168,183,217,22,38,38,38,115,115,126,126,126,146,160,195,195,208,208,6,32,32,83,102,102,102,102],"floor_reached":52,"playtime":3194,"items_purged":["Strike_B"],"score":2557,"play_id":"bcc4c7b4-c688-4ee5-8e92-5ac4400cdeb4","local_time":"20181015002511","is_ascension_mode":true,"campfire_choices":[{"data":"Chaos","floor":6.0,"key":"SMITH"},{"data":"Go for the Eyes","floor":10.0,"key":"SMITH"},{"data":"Zap","floor":12.0,"key":"SMITH"},{"data":"Defragment","floor":15.0,"key":"SMITH"},{"floor":23.0,"key":"REST"},{"floor":32,"key":"REST"},{"floor":41,"key":"REST"},{"floor":49,"key":"REST"}],"neow_cost":"NONE","seed_source_timestamp":347497471620242,"circlet_count":0,"master_deck":["Defend_B+1","Defend_B+1","Defend_B+1","Zap+1","Dualcast+1","AscendersBane","Chaos+1","Cold Snap+1","Compile Driver+1","Go for the Eyes+1","Leap+1","Hologram+1","Defragment+1","Fission+1","Leap+1","Beam Cell+1","Compile Driver+1","Defragment+1","Sweeping Beam+1","Melter+1","Coolheaded+1","Capacitor+1","Leap+1","Consume+1","Ghostly+1","Ghostly+1","Ghostly+1","Ghostly+1","Ghostly+1","Buffer+1","Force Field+1","Steam Power+1","Chaos+1","Stack+1","Coolheaded+1","Core Surge+1","Hologram+1","White Noise+1","Capacitor","Compile Driver"],"special_seed":0,"relics":["Cracked Core","WarpedTongs","Pear","Letter Opener","FossilizedHelix","Strawberry","Fusion Hammer","Membership Card","War Paint","Unceasing Top","Dodecahedron","Anchor","Cables","Toxic Egg 2","Lantern","Astrolabe","Sundial","Bottled Tornado","Bag of Preparation","ClockworkSouvenir","Juzu Bracelet","Mark of the Bloom","Gambling Chip"],"potions_floor_usage":[27,33,39,51,51],"damage_taken":[{"damage":1.0,"enemies":"Cultist","floor":1.0,"turns":3.0},{"damage":15.0,"enemies":"Lagavulin","floor":7.0,"turns":7.0},{"damage":3.0,"enemies":"2 Louse","floor":8.0,"turns":3.0},{"damage":9.0,"enemies":"3 Sentries","floor":11.0,"turns":7.0},{"damage":0.0,"enemies":"Gremlin Nob","floor":13.0,"turns":4.0},{"damage":0.0,"enemies":"Jaw Worm","floor":14.0,"turns":2.0},{"damage":0.0,"enemies":"Hexaghost","floor":16.0,"turns":9.0},{"damage":1.0,"enemies":"Chosen","floor":18.0,"turns":5.0},{"damage":0.0,"enemies":"Spheric Guardian","floor":20.0,"turns":3.0},{"damage":5.0,"enemies":"Colosseum Slavers","floor":22.0,"turns":5.0},{"damage":27.0,"enemies":"Colosseum Nobs","floor":22.0,"turns":5.0},{"damage":6,"enemies":"Snake Plant","floor":24,"turns":3},{"damage":0,"enemies":"Gremlin Leader","floor":25,"turns":8},{"damage":18,"enemies":"Shelled Parasite and Fungi","floor":27,"turns":5},{"damage":31,"enemies":"Book of Stabbing","floor":28,"turns":5},{"damage":0,"enemies":"Snecko","floor":30,"turns":4},{"damage":11,"enemies":"Automaton","floor":33,"turns":13},{"damage":0,"enemies":"3 Shapes","floor":35,"turns":4},{"damage":0,"enemies":"Orb Walker","floor":38,"turns":2},{"damage":0,"enemies":"Sphere and 2 Shapes","floor":39,"turns":6},{"damage":0,"enemies":"2 Orb Walkers","floor":40,"turns":5},{"damage":0,"enemies":"Maw","floor":42,"turns":8},{"damage":0,"enemies":"Nemesis","floor":45,"turns":11},{"damage":0,"enemies":"Mysterious Sphere","floor":47,"turns":3},{"damage":0,"enemies":"Reptomancer","floor":48,"turns":5},{"damage":0,"enemies":"Time Eater","floor":50,"turns":13},{"damage":0,"enemies":"Donu and Deca","floor":51,"turns":10}],"seed_played":"3901162416835311583","potions_obtained":[{"floor":7.0,"key":"SpeedPotion"},{"floor":8.0,"key":"AttackPotion"},{"floor":16.0,"key":"Weak Potion"},{"floor":18.0,"key":"Fire Potion"},{"floor":22.0,"key":"Fire Potion"},{"floor":28,"key":"Explosive Potion"},{"floor":30,"key":"SkillPotion"},{"floor":38,"key":"SpeedPotion"},{"floor":40,"key":"Energy Potion"},{"floor":45,"key":"Poison Potion"},{"floor":48,"key":"LiquidBronze"}],"is_trial":false,"path_per_floor":["M","?","?","$","?","R","E","M","T","R","E","R","E","M","R","B",null,"M","$","M","?","?","R","M","E","T","M","E","$","M","?","R","B",null,"M","?","?","M","M","E","R","M","T","$","E","?","?","M","R","B","B"],"character_chosen":"DEFECT","items_purchased":["Cold Snap","Swift Potion","Membership Card","War Paint","Beam Cell","Lantern","Capacitor","Leap+1","Bag of Preparation","ClockworkSouvenir"],"campfire_rested":4,"item_purchase_floors":[4,4,19,19,19,29,29,29,44,44],"current_hp_per_floor":[70,70,70,70,59,59,54,51,51,51,42,42,49,49,49,49,84,83,83,83,83,51,79,73,73,73,55,24,24,24,24,38,27,42,42,42,42,42,42,42,47,47,47,47,47,47,47,47,47,47,47],"gold":102,"neow_bonus":"TEN_PERCENT_HP_BONUS","is_prod":false,"is_daily":false,"chose_seed":false,"campfire_upgraded":4,"win_rate":0,"timestamp":1539559511,"path_taken":["M","?","?","$","?","R","E","M","T","R","E","R","E","M","R","BOSS","M","$","M","?","?","R","M","E","T","M","E","$","M","?","R","BOSS","M","?","?","M","M","E","R","M","T","$","E","?","?","M","R","BOSS","BOSS"],"build_version":"2018-10-11","purchased_purges":1,"victory":true,"max_hp_per_floor":[78,78,78,78,78,78,88,88,88,88,88,88,95,95,95,95,95,95,95,95,95,95,95,95,95,95,95,95,95,95,47,47,47,47,47,47,47,47,47,47,47,47,47,47,47,47,47,47,47,47,47],"card_choices":[{"not_picked":["Redo","Reprogram"],"picked":"Chaos","floor":1.0},{"not_picked":["Beam Cell","Consume"],"picked":"Compile Driver","floor":7.0},{"not_picked":["Ball Lightning","Tempest"],"picked":"Go for the Eyes","floor":8.0},{"not_picked":["Turbo","Machine Learning"],"picked":"Leap","floor":11.0},{"not_picked":["Fusion","Stack"],"picked":"Hologram","floor":13.0},{"not_picked":["Steam","White Noise"],"picked":"Defragment","floor":14.0},{"not_picked":["Thunder Strike","Meteor Strike"],"picked":"Fission","floor":16.0},{"not_picked":["Skim","Recycle"],"picked":"Leap+1","floor":18.0},{"not_picked":["Steam+1","Lockon+1"],"picked":"Compile Driver","floor":20.0},{"not_picked":["Gash","Stack"],"picked":"Sweeping Beam","floor":22.0},{"not_picked":["Go for the Eyes","Consume","Stack"],"picked":"SKIP","floor":24},{"not_picked":["Reboot","Auto Shields"],"picked":"Melter","floor":25},{"not_picked":["Streamline","Blizzard","Beam Cell"],"picked":"SKIP","floor":27},{"not_picked":["Gash","Hologram"],"picked":"Coolheaded","floor":28},{"not_picked":["Cold Snap+1","Leap+1"],"picked":"Consume+1","floor":30},{"not_picked":["Amplify+1","Multi-Cast+1"],"picked":"Buffer","floor":33},{"not_picked":["Steam Power+1","Sweeping Beam","Melter"],"picked":"SKIP","floor":35},{"not_picked":["BootSequence+1","Leap+1"],"picked":"Stack+1","floor":38},{"not_picked":["Static Discharge","Auto Shields+1"],"picked":"Coolheaded+1","floor":39},{"not_picked":["Rebound+1","Chaos+1"],"picked":"Core Surge","floor":40},{"not_picked":["Sunder","Sweeping Beam+1"],"picked":"Hologram+1","floor":42},{"not_picked":["Reboot+1","Streamline"],"picked":"White Noise+1","floor":45},{"not_picked":["Rip and Tear","Hologram+1"],"picked":"Capacitor","floor":47},{"not_picked":["Cold Snap","Turbo+1"],"picked":"Compile Driver","floor":48}],"player_experience":1468659,"relics_obtained":[{"floor":7.0,"key":"Pear"},{"floor":9.0,"key":"Letter Opener"},{"floor":11.0,"key":"FossilizedHelix"},{"floor":13.0,"key":"Strawberry"},{"floor":22.0,"key":"Unceasing Top"},{"floor":22.0,"key":"Dodecahedron"},{"floor":25,"key":"Anchor"},{"floor":26,"key":"Cables"},{"floor":28,"key":"Toxic Egg 2"},{"floor":40,"key":"Sundial"},{"floor":43,"key":"Bottled Tornado"},{"floor":45,"key":"Juzu Bracelet"},{"floor":47,"key":"Gambling Chip"}],"event_choices":[{"event_name":"Accursed Blacksmith","player_choice":"Rummage","floor":2.0,"damage_taken":0.0},{"event_name":"Purifier","player_choice":"One Purge","floor":3.0,"damage_taken":0.0},{"event_name":"World of Goop","player_choice":"Gather Gold","floor":5.0,"damage_taken":0.0},{"event_name":"The Library","player_choice":"Read","floor":21.0,"damage_taken":0.0},{"event_name":"Colosseum","player_choice":"Fight","floor":22.0,"damage_taken":0.0},{"event_name":"Colosseum","player_choice":"Fought Nobs","floor":22.0,"damage_taken":0.0},{"event_name":"Ghosts","player_choice":"Became a Ghost","floor":31,"damage_taken":0},{"event_name":"Tomb of Lord Red Mask","player_choice":"Ignored","floor":36,"damage_taken":0},{"event_name":"Falling","player_choice":"Removed Skill","floor":37,"damage_taken":0},{"event_name":"MindBloom","player_choice":"Upgrade","floor":46,"damage_taken":0},{"event_name":"Mysterious Sphere","player_choice":"Fight","floor":47,"damage_taken":0}],"is_beta":true,"boss_relics":[{"not_picked":["Tiny House","Pandora\u0027s Box"],"picked":"Fusion Hammer"},{"not_picked":["Nuclear Battery","Velvet Choker"],"picked":"Astrolabe"}],"items_purged_floors":[29],"is_endless":false,"potions_floor_spawned":[7,8,16,18,22,28,30,38,40,45,47,48],"ascension_level":20}