{"gold_per_floor":[116,116,129,43,43,78,78,111,111,126,126,201,211,226,226,303,303,319,334,11,11,25,25,75,75,152,186,201,218,228,261,261,261],"floor_reached":33,"playtime":2375,"items_purged":["Strike_G"],"score":644,"play_id":"d34101aa-df22-4e47-b875-1b3bf64979f0","local_time":"20190417213130","is_ascension_mode":true,"campfire_choices":[{"data":"Neutralize","floor":7,"key":"SMITH"},{"data":"Deadly Poison","floor":15,"key":"SMITH"},{"data":"Cloak And Dagger","floor":23,"key":"SMITH"},{"floor":32,"key":"REST"}],"neow_cost":"NONE","seed_source_timestamp":449436882081280,"circlet_count":0,"master_deck":["AscendersBane","Defend_G+1","Defend_G+1","Defend_G+1","Defend_G+1","Defend_G+1","Strike_G+1","Strike_G+1","Strike_G+1","Strike_G+1","Survivor","Neutralize+1","Poisoned Stab","Caltrops","Dash","Heel Hook","Endless Agony","Dagger Spray","Deadly Poison+1","After Image","Cloak And Dagger+1","Leg Sweep","Ghostly","Ghostly","Ghostly","Noxious Fumes","After Image","PiercingWail","Catalyst"],"relics":["Ring of the Snake","NeowsBlessing","GremlinMask","Shuriken","War Paint","Bag of Preparation","Runic Pyramid","PreservedInsect","Mango","Bronze Scales"],"potions_floor_usage":[8,16,31,33],"damage_taken":[{"damage":0,"enemies":"2 Louse","floor":1,"turns":1},{"damage":0,"enemies":"Cultist","floor":3,"turns":1},{"damage":0,"enemies":"3 Sentries","floor":6,"turns":1},{"damage":14,"enemies":"Gremlin Nob","floor":8,"turns":4},{"damage":4,"enemies":"Small Slimes","floor":10,"turns":4},{"damage":4,"enemies":"Looter","floor":13,"turns":3},{"damage":1,"enemies":"3 Louse","floor":14,"turns":3},{"damage":24,"enemies":"The Guardian","floor":16,"turns":14},{"damage":22,"enemies":"2 Thieves","floor":18,"turns":5},{"damage":5,"enemies":"3 Byrds","floor":19,"turns":2},{"damage":5,"enemies":"Cultist and Chosen","floor":22,"turns":9},{"damage":16,"enemies":"Book of Stabbing","floor":27,"turns":7},{"damage":2,"enemies":"Snake Plant","floor":28,"turns":5},{"damage":3,"enemies":"Centurion and Healer","floor":29,"turns":7},{"damage":0,"enemies":"Snecko","floor":30,"turns":8},{"damage":13,"enemies":"Slavers","floor":31,"turns":6},{"damage":20,"enemies":"Champ","floor":33,"turns":15}],"seed_played":"-6126996761342064965","potions_obtained":[{"floor":6,"key":"Strength Potion"},{"floor":8,"key":"GamblersBrew"},{"floor":10,"key":"AttackPotion"},{"floor":13,"key":"Block Potion"}],"is_trial":false,"path_per_floor":["M","?","M","$","?","E","R","E","T","M","?","?","M","M","R","B",null,"M","M","$","?","M","R","?","?","T","E","M","M","M","E","R","B"],"character_chosen":"THE_SILENT","items_purchased":["Dash","GhostInAJar","PreservedInsect"],"campfire_rested":1,"item_purchase_floors":[4,20,20],"current_hp_per_floor":[59,64,64,64,64,64,64,50,50,46,46,35,31,30,30,6,55,33,28,28,28,23,23,23,23,23,21,19,16,16,3,17,0],"gold":261,"neow_bonus":"THREE_ENEMY_KILL","is_prod":false,"is_daily":false,"chose_seed":false,"campfire_upgraded":3,"win_rate":0,"timestamp":1555533090,"path_taken":["M","?","M","$","?","E","R","E","T","?","?","?","M","M","R","BOSS","M","M","$","?","M","R","?","?","T","E","M","M","M","E","R","BOSS"],"build_version":"2019-04-04","purchased_purges":1,"victory":false,"max_hp_per_floor":[66,71,71,71,71,71,71,71,71,71,71,71,71,71,71,71,71,71,71,71,71,71,71,71,35,35,49,49,49,49,49,49,49],"card_choices":[{"not_picked":["Underhanded Strike","Distraction"],"picked":"Poisoned Stab","floor":1},{"not_picked":["Masterful Stab","Escape Plan"],"picked":"Caltrops","floor":3},{"not_picked":["Burst","Quick Slash"],"picked":"Heel Hook","floor":6},{"not_picked":["Eviscerate","Acrobatics","Calculated Gamble"],"picked":"SKIP","floor":8},{"not_picked":["Deadly Poison","Underhanded Strike"],"picked":"Endless Agony","floor":10},{"not_picked":["Blade Dance","Reflex"],"picked":"Dagger Spray","floor":13},{"not_picked":["Dagger Spray","Setup"],"picked":"Deadly Poison","floor":14},{"not_picked":["Phantasmal Killer","Corpse Explosion"],"picked":"After Image","floor":16},{"not_picked":["Underhanded Strike","Flying Knee+1"],"picked":"Cloak And Dagger","floor":18},{"not_picked":["Dash","Reflex"],"picked":"Leg Sweep","floor":19},{"not_picked":["Sucker Punch","Poisoned Stab","Prepared"],"picked":"SKIP","floor":22},{"not_picked":["Setup","Bane"],"picked":"Noxious Fumes","floor":27},{"not_picked":["Blade Dance","Dodge and Roll"],"picked":"After Image","floor":28},{"not_picked":["Sucker Punch","Acrobatics","Poisoned Stab"],"picked":"SKIP","floor":29},{"not_picked":["Backflip","Eviscerate+1"],"picked":"PiercingWail","floor":30},{"not_picked":["Reflex","Grand Finale"],"picked":"Catalyst","floor":31}],"player_experience":2026358,"relics_obtained":[{"floor":6,"key":"Shuriken"},{"floor":8,"key":"War Paint"},{"floor":9,"key":"Bag of Preparation"},{"floor":27,"key":"Mango"},{"floor":31,"key":"Bronze Scales"}],"event_choices":[{"damage_healed":0,"gold_gain":0,"player_choice":"Donut","damage_taken":0,"max_hp_gain":5,"max_hp_loss":0,"event_name":"Big Fish","floor":2,"gold_loss":0},{"damage_healed":0,"gold_gain":0,"player_choice":"Trade","damage_taken":0,"relics_obtained":["GremlinMask"],"max_hp_gain":0,"max_hp_loss":0,"event_name":"FaceTrader","floor":5,"gold_loss":0},{"damage_healed":0,"gold_gain":0,"player_choice":"Ignored","damage_taken":0,"max_hp_gain":0,"max_hp_loss":0,"event_name":"Liars Game","floor":11,"gold_loss":0},{"damage_healed":0,"gold_gain":75,"player_choice":"Gather Gold","damage_taken":11,"max_hp_gain":0,"max_hp_loss":0,"event_name":"World of Goop","floor":12,"gold_loss":0},{"damage_healed":0,"gold_gain":0,"player_choice":"Simplicity","damage_taken":0,"max_hp_gain":0,"max_hp_loss":0,"event_name":"Back to Basics","floor":21,"gold_loss":0,"cards_upgraded":["Defend_G","Defend_G","Defend_G","Strike_G","Strike_G","Strike_G","Strike_G"]},{"damage_healed":0,"gold_gain":50,"player_choice":"Stole From Cult","damage_taken":0,"max_hp_gain":0,"max_hp_loss":0,"event_name":"Nest","floor":24,"gold_loss":0},{"damage_healed":0,"gold_gain":0,"player_choice":"Became a Ghost","damage_taken":0,"max_hp_gain":0,"max_hp_loss":36,"event_name":"Ghosts","floor":25,"gold_loss":0,"cards_obtained":["Ghostly","Ghostly","Ghostly"]}],"is_beta":true,"boss_relics":[{"not_picked":["Orrery","Eternal Feather"],"picked":"Runic Pyramid"}],"items_purged_floors":[20],"is_endless":false,"potions_floor_spawned":[6,8,10,13,28,29],"killed_by":"Champ","ascension_level":20}