{"gold_per_floor":[113,113,113,32,42,77,77,87,87,97,123,134,161,179,179,255,255,255,255,255,36,36,36,36,36,36,36,36,36,36,36,36,36,36,36,36,36,36,36,36,36,36,36,36,36,36,36,36,36,36,36],"floor_reached":52,"playtime":2810,"items_purged":[],"score":1971,"play_id":"e1c255cf-fab3-4cae-be9c-40e0b6dcc9c5","local_time":"20180905221705","is_ascension_mode":true,"campfire_choices":[{"data":"Bash","floor":7.0,"key":"SMITH"},{"data":"True Grit","floor":15.0,"key":"SMITH"},{"data":"Armaments","floor":24.0,"key":"SMITH"},{"floor":27.0,"key":"REST"},{"data":"Demon Form","floor":32.0,"key":"SMITH"},{"floor":40.0,"key":"REST"},{"data":"Disarm","floor":46.0,"key":"SMITH"},{"floor":49.0,"key":"REST"}],"neow_cost":"NONE","seed_source_timestamp":0,"circlet_count":0,"master_deck":["Strike_R","Strike_R","Strike_R+1","Strike_R","Strike_R","Defend_R","Defend_R","Defend_R","Defend_R","Bash+1","AscendersBane","Armaments+1","True Grit+1","Wild Strike+1","Clothesline","Reaper","Body Slam","Shrug It Off","Pommel Strike","Demon Form+1","Reaper","Shrug It Off","Battle Trance","Iron Wave","Iron Wave","Cleave+1","Battle Trance+1","Barricade","Fiend Fire","Shrug It Off","Madness","Madness","Disarm+1","Anger"],"special_seed":0,"relics":["Burning Blood","NeowsBlessing","Ornamental Fan","Gambling Chip","PreservedInsect","Potion Belt","Lantern","Ectoplasm","Bag of Marbles","Vajra","Whetstone","Ginger","MutagenicStrength","Lizard Tail","Shuriken","Sundial","Meat on the Bone","Strawberry","Orichalcum"],"potions_floor_usage":[50,51,51],"damage_taken":[{"damage":0.0,"enemies":"2 Louse","floor":1.0,"turns":1.0},{"damage":0.0,"enemies":"Jaw Worm","floor":5.0,"turns":1.0},{"damage":0.0,"enemies":"3 Sentries","floor":6.0,"turns":2.0},{"damage":1.0,"enemies":"Cultist","floor":8.0,"turns":3.0},{"damage":6.0,"enemies":"Large Slime","floor":10.0,"turns":6.0},{"damage":3.0,"enemies":"Gremlin Nob","floor":11.0,"turns":3.0},{"damage":4.0,"enemies":"Looter","floor":12.0,"turns":3.0},{"damage":15.0,"enemies":"Lagavulin","floor":13.0,"turns":3.0},{"damage":7.0,"enemies":"Exordium Wildlife","floor":14.0,"turns":4.0},{"damage":55.0,"enemies":"Slime Boss","floor":16.0,"turns":11.0},{"damage":13.0,"enemies":"Chosen","floor":18.0,"turns":5.0},{"damage":14.0,"enemies":"Shell Parasite","floor":19.0,"turns":6.0},{"damage":42.0,"enemies":"Chosen and Byrds","floor":22.0,"turns":7.0},{"damage":20.0,"enemies":"Slavers","floor":23.0,"turns":7.0},{"damage":5.0,"enemies":"Snake Plant","floor":25.0,"turns":2.0},{"damage":24.0,"enemies":"Gremlin Leader","floor":28.0,"turns":6.0},{"damage":0.0,"enemies":"Centurion and Healer","floor":31.0,"turns":7.0},{"damage":24.0,"enemies":"Automaton","floor":33.0,"turns":16.0},{"damage":19.0,"enemies":"Orb Walker","floor":35.0,"turns":4.0},{"damage":81.0,"enemies":"3 Darklings","floor":36.0,"turns":6.0},{"damage":9.0,"enemies":"2 Orb Walkers","floor":41.0,"turns":4.0},{"damage":0.0,"enemies":"Mind Bloom Boss Battle","floor":42.0,"turns":5.0},{"damage":55.0,"enemies":"Giant Head","floor":44.0,"turns":6.0},{"damage":59.0,"enemies":"Spire Growth","floor":45.0,"turns":7.0},{"damage":10.0,"enemies":"Nemesis","floor":48.0,"turns":9.0},{"damage":82,"enemies":"Awakened One","floor":50,"turns":13},{"damage":73,"enemies":"Time Eater","floor":51,"turns":10}],"seed_played":"-7168143321096980948","potions_obtained":[{"floor":5.0,"key":"Swift Potion"},{"floor":6.0,"key":"AttackPotion"},{"floor":11.0,"key":"SkillPotion"},{"floor":13.0,"key":"Swift Potion"},{"floor":14.0,"key":"Dexterity Potion"},{"floor":16.0,"key":"Weak Potion"},{"floor":23.0,"key":"Dexterity Potion"},{"floor":25.0,"key":"Dexterity Potion"},{"floor":31.0,"key":"SmokeBomb"},{"floor":36.0,"key":"SkillPotion"},{"floor":37.0,"key":"EntropicBrew"},{"floor":37.0,"key":"EssenceOfSteel"},{"floor":45.0,"key":"Strength Potion"},{"floor":48.0,"key":"EssenceOfSteel"}],"is_trial":false,"path_per_floor":["M","?","?","$","M","E","R","M","T","M","E","M","E","M","R","B",null,"M","M","?","$","M","E","R","M","T","R","E","?","$","M","R","B",null,"M","M","?","$","?","R","E","?","T","E","M","R","$","E","R","B","B"],"character_chosen":"IRONCLAD","items_purchased":["True Grit","Wild Strike","Bag of Marbles","Battle Trance"],"campfire_rested":3,"item_purchase_floors":[4,4,21,21],"current_hp_per_floor":[74,79,74,74,80,80,80,80,80,80,80,80,71,70,70,46,72,80,80,57,57,26,30,30,31,31,56,85,85,85,85,85,85,85,72,37,37,37,22,47,44,71,71,60,37,37,37,54,81,53,62],"gold":36,"neow_bonus":"THREE_ENEMY_KILL","is_prod":false,"is_daily":false,"chose_seed":false,"campfire_upgraded":5,"win_rate":0,"timestamp":1536182225,"path_taken":["M","?","?","$","M","E","R","M","T","?","E","M","E","M","R","BOSS","M","M","?","$","M","E","R","M","T","R","E","?","?","?","R","BOSS","M","M","?","?","?","R","E","?","T","E","M","R","$","E","R","BOSS","BOSS"],"build_version":"2018-09-04-v2","purchased_purges":0,"victory":true,"max_hp_per_floor":[75,80,80,80,80,80,80,80,80,80,80,80,80,80,80,80,80,80,80,85,85,85,85,85,85,85,85,85,85,85,85,85,85,85,85,85,85,85,85,85,85,85,85,92,92,92,92,92,92,92,92],"card_choices":[{"not_picked":["Blood for Blood","Searing Blow"],"picked":"Armaments","floor":1.0},{"not_picked":["Corruption","Flex"],"picked":"Clothesline","floor":5.0},{"not_picked":["Havoc","Blood for Blood"],"picked":"Reaper","floor":6.0},{"not_picked":["Armaments","Clothesline"],"picked":"Body Slam","floor":8.0},{"not_picked":["Uppercut","Perfected Strike"],"picked":"Shrug It Off","floor":10.0},{"not_picked":["Seeing Red","Armaments","Sentinel"],"picked":"SKIP","floor":11.0},{"not_picked":["Second Wind","Warcry"],"picked":"Pommel Strike","floor":12.0},{"not_picked":["Seeing Red","Perfected Strike"],"picked":"Demon Form","floor":13.0},{"not_picked":["Twin Strike","Body Slam","Perfected Strike"],"picked":"SKIP","floor":14.0},{"not_picked":["Dark Embrace","Juggernaut"],"picked":"Reaper","floor":16.0},{"not_picked":["Infernal Blade","Pommel Strike","Warcry"],"picked":"SKIP","floor":18.0},{"not_picked":["Dropkick","Body Slam"],"picked":"Shrug It Off","floor":19.0},{"not_picked":["Shrug It Off","Havoc"],"picked":"Iron Wave","floor":22.0},{"not_picked":["Demon Form","Perfected Strike"],"picked":"Iron Wave","floor":23.0},{"not_picked":["Ghostly Armor","Spot Weakness"],"picked":"Cleave+1","floor":25.0},{"not_picked":["Sword Boomerang","Combust"],"picked":"Battle Trance+1","floor":28.0},{"not_picked":["Thunderclap","Sword Boomerang"],"picked":"Barricade","floor":31.0},{"not_picked":["Juggernaut","Double Tap"],"picked":"Fiend Fire","floor":33.0},{"not_picked":["Headbutt","Body Slam","Second Wind+1"],"picked":"SKIP","floor":35.0},{"not_picked":["Searing Blow","Perfected Strike+1"],"picked":"Shrug It Off","floor":36.0},{"not_picked":["Sword Boomerang","Clothesline","Infernal Blade"],"picked":"SKIP","floor":41.0},{"not_picked":["Exhume","Combust"],"picked":"Disarm","floor":42.0},{"not_picked":["Flex","Inflame","True Grit"],"picked":"SKIP","floor":44.0},{"not_picked":["Armaments","Burning Pact","Heavy Blade"],"picked":"SKIP","floor":45.0},{"not_picked":["Warcry","Juggernaut"],"picked":"Anger","floor":48.0}],"player_experience":1249191,"relics_obtained":[{"floor":6.0,"key":"Gambling Chip"},{"floor":9.0,"key":"PreservedInsect"},{"floor":11.0,"key":"Potion Belt"},{"floor":13.0,"key":"Lantern"},{"floor":23.0,"key":"Vajra"},{"floor":26.0,"key":"Whetstone"},{"floor":28.0,"key":"Ginger"},{"floor":41.0,"key":"Shuriken"},{"floor":42.0,"key":"Sundial"},{"floor":43.0,"key":"Meat on the Bone"},{"floor":44.0,"key":"Strawberry"},{"floor":48.0,"key":"Orichalcum"}],"event_choices":[{"event_name":"Big Fish","player_choice":"Donut","floor":2.0,"damage_taken":0.0},{"event_name":"Scrap Ooze","player_choice":"success","floor":3.0,"damage_taken":5.0},{"event_name":"Forgotten Altar","player_choice":"Shed Blood","floor":20.0,"damage_taken":0.0},{"event_name":"Drug Dealer","player_choice":"Inject Mutagens","floor":29.0,"damage_taken":0.0},{"event_name":"The Lab","player_choice":"Got Potions","floor":37.0,"damage_taken":0.0},{"event_name":"Winding Halls","player_choice":"Embrace Madness","floor":39.0,"damage_taken":0.0},{"event_name":"MindBloom","player_choice":"Fight","floor":42.0,"damage_taken":0.0}],"is_beta":true,"boss_relics":[{"not_picked":["Empty Cage","Tiny House"],"picked":"Ectoplasm"},{"not_picked":["Runic Cube","Velvet Choker"],"picked":"Lizard Tail"}],"items_purged_floors":[],"is_endless":false,"potions_floor_spawned":[5,6,11,13,14,16,23,25,31,36,45,48],"ascension_level":20}