{"path_per_floor":["M","?","?","M","?","R","?","M","T","E","R","E","M","M","R","B",null,"M","?","M","$","?","R","$","M","T","M","M"],"character_chosen":"IRONCLAD","items_purchased":["Ornamental Fan","Dexterity Potion","Warcry"],"gold_per_floor":[112,112,112,124,124,124,124,136,136,166,166,195,212,222,222,293,293,312,312,328,20,20,20,2,17,17,35,53,53],"floor_reached":29,"campfire_rested":0,"playtime":1452,"item_purchase_floors":[],"current_hp_per_floor":[75,75,75,74,74,74,62,66,66,67,67,48,36,42,42,45,77,68,52,57,57,67,67,67,39,39,21,12,0],"items_purged":["Strike_R"],"gold":53,"score":413,"play_id":"1b84824b-7896-4377-88d5-4192817441a5","local_time":"20180526141653","is_prod":false,"is_daily":false,"chose_seed":false,"is_ascension_mode":true,"campfire_upgraded":4,"win_rate":0,"timestamp":1527340613,"campfire_choices":[{"data":"Shrug It Off","floor":6.0,"key":"SMITH"},{"data":"Headbutt","floor":11.0,"key":"SMITH"},{"data":"Inflame","floor":15.0,"key":"SMITH"},{"data":"Offering","floor":23.0,"key":"SMITH"}],"path_taken":["M","?","?","M","?","R","?","M","T","E","R","E","?","M","R","BOSS","M","?","M","?","?","R","$","M","T","?","M","?"],"build_version":"2018-05-25","seed_source_timestamp":0,"purchased_purges":1,"victory":false,"master_deck":["Strike_R","Strike_R","Strike_R","Defend_R","Defend_R","Defend_R","Defend_R","Bash+1","AscendersBane","Body Slam+1","Shrug It Off+1","Combust","Headbutt+1","Battle Trance","Inflame+1","Ghostly Armor","Barricade","Offering+1","Clothesline","Entrench+1","Writhe","Warcry","Metallicize"],"max_hp_per_floor":[80,80,80,80,80,80,80,80,80,87,87,87,87,87,87,87,87,87,87,87,87,97,97,97,97,97,97,97,97],"relics":["Black Blood","Happy Flower","Pantograph","Strawberry","The Courier","Nilry\u0027s Codex","Ornamental Fan","Pear","Toolbox"],"card_choices":[{"not_picked":["Anger","Clash"],"picked":"Body Slam","floor":1.0},{"not_picked":["Anger","Sword Boomerang"],"picked":"Shrug It Off","floor":4.0},{"not_picked":["Pummel","Thunderclap"],"picked":"Headbutt","floor":8.0},{"not_picked":["Cleave","Flame Barrier"],"picked":"Battle Trance","floor":10.0},{"not_picked":["Sword Boomerang","Perfected Strike"],"picked":"Inflame","floor":12.0},{"not_picked":["Body Slam","Cleave"],"picked":"Ghostly Armor","floor":13.0},{"not_picked":["Sentinel","Flex"],"picked":"Barricade","floor":14.0},{"not_picked":["Juggernaut","Impervious"],"picked":"Offering","floor":16.0},{"not_picked":["Heavy Blade","Perfected Strike"],"picked":"Clothesline","floor":18.0},{"not_picked":["Rage","Thunderclap"],"picked":"Entrench+1","floor":20.0},{"not_picked":["Entrench","Headbutt"],"picked":"Metallicize","floor":25.0},{"not_picked":["Sever Soul","Immolate","Twin Strike"],"picked":"SKIP","floor":27},{"not_picked":["Rupture","Heavy Blade","Havoc"],"picked":"SKIP","floor":28}],"player_experience":622606,"potions_floor_usage":[27],"damage_taken":[{"damage":3.0,"enemies":"Jaw Worm","floor":1.0,"turns":4.0},{"damage":7.0,"enemies":"Small Slimes","floor":4.0,"turns":4.0},{"damage":2.0,"enemies":"Cultist","floor":8.0,"turns":3.0},{"damage":12.0,"enemies":"Lagavulin","floor":10.0,"turns":6.0},{"damage":25.0,"enemies":"Gremlin Nob","floor":12.0,"turns":4.0},{"damage":18.0,"enemies":"Gremlin Gang","floor":13.0,"turns":4.0},{"damage":0.0,"enemies":"Large Slime","floor":14.0,"turns":3.0},{"damage":28.0,"enemies":"Slime Boss","floor":16.0,"turns":10.0},{"damage":19.0,"enemies":"Chosen","floor":18.0,"turns":5.0},{"damage":5.0,"enemies":"2 Thieves","floor":20.0,"turns":4.0},{"damage":45.0,"enemies":"Chosen and Byrds","floor":25.0,"turns":7.0},{"damage":28,"enemies":"3 Cultists","floor":27,"turns":6},{"damage":19,"enemies":"Cultist and Chosen","floor":28,"turns":8},{"damage":14,"enemies":"Centurion and Healer","floor":29,"turns":1}],"relics_obtained":[{"floor":9.0,"key":"Pantograph"},{"floor":10.0,"key":"Strawberry"},{"floor":12.0,"key":"The Courier"},{"floor":19.0,"key":"Nilry\u0027s Codex"},{"floor":26.0,"key":"Toolbox"}],"event_choices":[{"event_name":"Living Wall","player_choice":"Grow","floor":2.0,"damage_taken":0.0},{"event_name":"The Lab","player_choice":"Got Potions","floor":3.0,"damage_taken":0.0},{"event_name":"Transmorgrifier","player_choice":"Transform","floor":5.0,"damage_taken":0.0},{"event_name":"Scrap Ooze","player_choice":"success","floor":7.0,"damage_taken":12.0},{"event_name":"Cursed Tome","player_choice":"Obtained Book","floor":19.0,"damage_taken":0.0},{"event_name":"The Mausoleum","player_choice":"Yes","floor":22.0,"damage_taken":0.0}],"boss_relics":[],"items_purged_floors":[],"potions_floor_spawned":[8,13,20,25],"seed_played":"7902283458671222877","killed_by":"Centurion and Healer","ascension_level":13,"potions_obtained":[{"floor":3.0,"key":"Swift Potion"},{"floor":3.0,"key":"Poison Potion"},{"floor":3.0,"key":"Weak Potion"},{"floor":8.0,"key":"Block Potion"},{"floor":13.0,"key":"SteroidPotion"},{"floor":20.0,"key":"AttackPotion"},{"floor":25.0,"key":"GamblersBrew"}],"is_trial":false}