{"gold_per_floor":[116,291,303,228,303,303,331,331,380,184,32,51,66,66,66,192,192,206,230,155,168,168,168,83,102,153,153,153,153],"floor_reached":29,"playtime":1146,"items_purged":["Doubt"],"score":290,"play_id":"7dd25894-16e7-4f0a-bec8-b905fc90cfcb","local_time":"20190709000910","is_ascension_mode":true,"campfire_choices":[{"data":"Metallicize","floor":6,"key":"SMITH"},{"data":"Armaments","floor":8,"key":"SMITH"},{"floor":15,"key":"REST"},{"data":"Feed","floor":23,"key":"SMITH"}],"neow_cost":"NONE","seed_source_timestamp":424206455119700,"circlet_count":0,"master_deck":["Strike_R","Strike_R","Strike_R","Strike_R","Defend_R","Defend_R","Defend_R","Defend_R","Bash+1","Metallicize+1","Armaments+1","Battle Trance","Metallicize","Feed+1","Shrug It Off+1","Ghostly","Ghostly","Ghostly","Ghostly","Ghostly","Seeing Red+1","Necronomicurse"],"relics":["Black Blood","Bag of Marbles","Bag of Preparation","Lantern","Bronze Scales","Golden Idol","Oddly Smooth Stone","Ancient Tea Set","Necronomicon"],"potions_floor_usage":[21,29],"damage_taken":[{"damage":2,"enemies":"Jaw Worm","floor":1,"turns":3},{"damage":2,"enemies":"2 Louse","floor":3,"turns":2},{"damage":38,"enemies":"Gremlin Nob","floor":7,"turns":5},{"damage":0,"enemies":"Small Slimes","floor":12,"turns":4},{"damage":0,"enemies":"Blue Slaver","floor":13,"turns":2},{"damage":31,"enemies":"Slime Boss","floor":16,"turns":14},{"damage":16,"enemies":"Spheric Guardian","floor":18,"turns":6},{"damage":3,"enemies":"Chosen","floor":19,"turns":5},{"damage":26,"enemies":"3 Cultists","floor":21,"turns":8},{"damage":12,"enemies":"Centurion and Healer","floor":25,"turns":11},{"damage":38,"enemies":"Snecko","floor":29,"turns":7}],"seed_played":"-3585428812195479278","potions_obtained":[{"floor":7,"key":"PowerPotion"},{"floor":18,"key":"Fire Potion"},{"floor":25,"key":"FearPotion"}],"is_trial":false,"path_per_floor":["M","?","M","$","?","R","E","R","T","$","$","M","M","?","R","B",null,"M","M","?","M","?","R","?","M","T","$","?","M"],"character_chosen":"IRONCLAD","items_purchased":["Battle Trance","Lantern","Bronze Scales"],"campfire_rested":1,"item_purchase_floors":[10,10,11],"current_hp_per_floor":[80,80,80,80,69,69,37,37,37,37,37,43,49,29,53,28,80,77,87,87,75,45,45,45,47,47,47,31,0],"gold":153,"neow_bonus":"UPGRADE_CARD","is_prod":false,"is_daily":false,"chose_seed":false,"campfire_upgraded":3,"win_rate":0,"timestamp":1562598550,"path_taken":["M","?","M","$","?","R","E","R","T","?","$","M","M","?","R","BOSS","M","M","?","M","?","R","?","M","T","$","?","M"],"build_version":"2019-07-05","purchased_purges":1,"victory":false,"max_hp_per_floor":[80,80,80,80,80,80,80,80,80,80,80,80,80,80,80,80,80,83,87,87,91,45,45,45,49,49,49,49,49],"card_choices":[{"not_picked":["Sword Boomerang","Feel No Pain","Dual Wield"],"picked":"SKIP","floor":1},{"not_picked":["Corruption","Dual Wield"],"picked":"Metallicize","floor":3},{"not_picked":["Rage","Bloodletting"],"picked":"Armaments","floor":7},{"not_picked":["Bloodletting","Sever Soul"],"picked":"Metallicize","floor":12},{"not_picked":["Twin Strike","Rage","Thunderclap"],"picked":"SKIP","floor":13},{"not_picked":["Brutality","Impervious"],"picked":"Feed","floor":16},{"not_picked":["Sword Boomerang","Cleave","Twin Strike"],"picked":"SKIP","floor":18},{"not_picked":["Flex","Wild Strike"],"picked":"Shrug It Off+1","floor":19},{"not_picked":["Bloodletting","Fire Breathing","Pummel"],"picked":"SKIP","floor":21},{"not_picked":["Dropkick","Corruption"],"picked":"Seeing Red+1","floor":25}],"player_experience":109116,"relics_obtained":[{"floor":7,"key":"Bag of Marbles"},{"floor":9,"key":"Bag of Preparation"},{"floor":26,"key":"Ancient Tea Set"},{"floor":28,"key":"Necronomicon"}],"event_choices":[{"damage_healed":0,"gold_gain":175,"player_choice":"AGREE","damage_taken":0,"max_hp_gain":0,"max_hp_loss":0,"event_name":"Liars Game","floor":2,"gold_loss":0,"cards_obtained":["Doubt"]},{"damage_healed":0,"gold_gain":75,"player_choice":"Gather Gold","damage_taken":11,"max_hp_gain":0,"max_hp_loss":0,"event_name":"World of Goop","floor":5,"gold_loss":0},{"damage_healed":0,"gold_gain":0,"player_choice":"Take Damage","damage_taken":20,"relics_obtained":["Golden Idol"],"max_hp_gain":0,"max_hp_loss":0,"event_name":"Golden Idol","floor":14,"gold_loss":0},{"cards_removed":["Strike_R"],"damage_healed":0,"gold_gain":0,"player_choice":"Gave Gold","damage_taken":0,"max_hp_gain":0,"max_hp_loss":0,"event_name":"Beggar","floor":20,"gold_loss":75},{"damage_healed":0,"gold_gain":0,"player_choice":"Became a Ghost","damage_taken":0,"max_hp_gain":0,"max_hp_loss":46,"event_name":"Ghosts","floor":22,"gold_loss":0,"cards_obtained":["Ghostly","Ghostly","Ghostly","Ghostly","Ghostly"]},{"damage_healed":0,"gold_gain":0,"player_choice":"Obtained Relic","damage_taken":0,"relics_obtained":["Oddly Smooth Stone"],"max_hp_gain":0,"max_hp_loss":0,"event_name":"Addict","floor":24,"gold_loss":85},{"damage_healed":0,"gold_gain":0,"player_choice":"Obtained Book","damage_taken":16,"max_hp_gain":0,"max_hp_loss":0,"event_name":"Cursed Tome","floor":28,"gold_loss":0}],"is_beta":false,"boss_relics":[{"not_picked":["Lizard Tail","Calling Bell"],"picked":"Black Blood"}],"items_purged_floors":[4],"is_endless":false,"potions_floor_spawned":[7,18,25],"killed_by":"Snecko","ascension_level":4}