{"gold_per_floor":[217,234,384,395,77,77,109,109,109,149,149,164,164,179,179,272,272,291,216,236,254,37,78,78,112,112,153,177,177,210,235,235,330,330,349,571,4,4,19,39,39,39],"floor_reached":42,"playtime":1965,"items_purged":["Doubt","FTL"],"score":1057,"play_id":"6a6b007f-b310-4993-a42f-7435748b70b7","local_time":"20190328233215","is_ascension_mode":true,"campfire_choices":[{"data":"Zap","floor":6,"key":"SMITH"},{"floor":13,"key":"REST"},{"data":"Defragment","floor":15,"key":"SMITH"},{"data":"Fission","floor":24,"key":"SMITH"},{"floor":29,"key":"REST"},{"data":"Capacitor","floor":32,"key":"SMITH"},{"data":"Defragment","floor":41,"key":"SMITH"}],"neow_cost":"NONE","seed_source_timestamp":1302720486067212,"circlet_count":0,"master_deck":["AscendersBane","Defend_B","Defend_B","Defend_B","Defend_B","Zap+1","Dualcast","Go for the Eyes","Compile Driver","Ball Lightning","Fission+1","Glacier","Defragment+1","Machine Learning","Go for the Eyes+1","Core Surge+1","Chaos+1","Defragment+1","Static Discharge+1","Defragment+1","Coolheaded","Capacitor+1","Consume","Loop","Seek","Echo Form"],"relics":["Cracked Core","DataDisk","Blue Candle","Golden Idol","Pen Nib","Happy Flower","Bird Faced Urn","Astrolabe","OrangePellets","StoneCalendar","Smiling Mask","Pantograph","Bag of Preparation","Red Mask","Runic Pyramid","Gambling Chip"],"potions_floor_usage":[10,10,16,23,27,27,39],"damage_taken":[{"damage":4,"enemies":"Small Slimes","floor":1,"turns":3},{"damage":7,"enemies":"Jaw Worm","floor":2,"turns":3},{"damage":10,"enemies":"2 Louse","floor":4,"turns":2},{"damage":25,"enemies":"Lagavulin","floor":7,"turns":5},{"damage":25,"enemies":"3 Sentries","floor":10,"turns":9},{"damage":1,"enemies":"2 Fungi Beasts","floor":12,"turns":2},{"damage":7,"enemies":"Looter","floor":14,"turns":3},{"damage":0,"enemies":"Hexaghost","floor":16,"turns":9},{"damage":0,"enemies":"Chosen","floor":18,"turns":4},{"damage":1,"enemies":"Shell Parasite","floor":20,"turns":4},{"damage":11,"enemies":"Sentry and Sphere","floor":21,"turns":6},{"damage":21,"enemies":"Book of Stabbing","floor":23,"turns":6},{"damage":31,"enemies":"Gremlin Leader","floor":25,"turns":4},{"damage":21,"enemies":"Slavers","floor":27,"turns":5},{"damage":14,"enemies":"Centurion and Healer","floor":28,"turns":5},{"damage":13,"enemies":"Masked Bandits","floor":30,"turns":7},{"damage":1,"enemies":"Snake Plant","floor":31,"turns":7},{"damage":28,"enemies":"Collector","floor":33,"turns":9},{"damage":13,"enemies":"Orb Walker","floor":35,"turns":3},{"damage":11,"enemies":"3 Shapes","floor":39,"turns":5},{"damage":21,"enemies":"Jaw Worm Horde","floor":40,"turns":7},{"damage":66,"enemies":"Reptomancer","floor":42,"turns":2}],"seed_played":"-2914138708083029345","potions_obtained":[{"floor":7,"key":"Regen Potion"},{"floor":10,"key":"Block Potion"},{"floor":12,"key":"FearPotion"},{"floor":18,"key":"Poison Potion"},{"floor":23,"key":"Poison Potion"},{"floor":27,"key":"GamblersBrew"},{"floor":31,"key":"Fire Potion"},{"floor":40,"key":"FocusPotion"}],"is_trial":false,"path_per_floor":["M","M","?","M","$","R","E","?","T","E","?","M","R","M","R","B",null,"M","?","M","M","$","E","R","E","T","E","M","R","?","M","R","B",null,"M","?","$","?","M","M","R","E"],"character_chosen":"DEFECT","items_purchased":["DataDisk","Ball Lightning","Fire Potion","OrangePellets","Echo Form","Gambling Chip"],"campfire_rested":2,"item_purchase_floors":[5,5,5,22,37,37],"current_hp_per_floor":[60,53,53,43,43,43,18,18,18,8,3,2,21,14,14,16,52,56,56,61,57,57,46,46,25,25,12,8,27,26,37,37,42,59,55,55,55,55,56,59,59,0],"gold":39,"neow_bonus":"HUNDRED_GOLD","is_prod":false,"is_daily":false,"chose_seed":false,"campfire_upgraded":5,"win_rate":0,"timestamp":1553815935,"path_taken":["M","M","?","M","$","R","E","?","T","E","?","M","R","M","R","BOSS","M","?","M","M","$","E","R","E","T","E","M","R","?","M","R","BOSS","M","?","$","?","M","M","R","E"],"build_version":"2019-03-15","purchased_purges":2,"victory":false,"max_hp_per_floor":[71,71,71,71,71,71,71,64,64,64,64,64,64,64,64,64,64,64,64,64,64,64,64,64,64,64,64,64,64,64,64,64,64,64,64,64,64,64,64,64,64,64],"card_choices":[{"not_picked":["Barrage","Reinforced Body"],"picked":"Go for the Eyes","floor":1},{"not_picked":["Double Energy","Heatsinks","Aggregate"],"picked":"SKIP","floor":2},{"not_picked":["Turbo","Barrage"],"picked":"Compile Driver","floor":4},{"not_picked":["Lockon","Leap"],"picked":"Fission","floor":7},{"not_picked":["Gash","Recycle"],"picked":"Glacier","floor":10},{"not_picked":["Turbo","Ball Lightning"],"picked":"Defragment","floor":12},{"not_picked":["Gash","Redo"],"picked":"FTL","floor":14},{"not_picked":["Reboot","Thunder Strike"],"picked":"Machine Learning","floor":16},{"not_picked":["Conserve Battery","Redo"],"picked":"Defragment","floor":18},{"not_picked":["Chaos","Melter"],"picked":"Static Discharge+1","floor":20},{"not_picked":["Beam Cell","Ball Lightning"],"picked":"Defragment","floor":21},{"not_picked":["Doom and Gloom","Skim","Sweeping Beam"],"picked":"SKIP","floor":23},{"not_picked":["Gash","Leap","Melter"],"picked":"SKIP","floor":25},{"not_picked":["Barrage","Gash"],"picked":"Coolheaded","floor":27},{"not_picked":["Leap","Multi-Cast"],"picked":"Capacitor","floor":28},{"not_picked":["Sweeping Beam","Stack"],"picked":"Consume","floor":30},{"not_picked":["Sunder","Sweeping Beam"],"picked":"Loop","floor":31},{"not_picked":["All For One","Meteor Strike"],"picked":"Seek","floor":33},{"not_picked":["Coolheaded","Stack","Force Field"],"picked":"SKIP","floor":35},{"not_picked":["Streamline","Ball Lightning+1","Barrage+1"],"picked":"SKIP","floor":39},{"not_picked":["Ball Lightning+1","Conserve Battery+1","Turbo+1"],"picked":"SKIP","floor":40}],"player_experience":1970690,"relics_obtained":[{"floor":7,"key":"Blue Candle"},{"floor":9,"key":"Pen Nib"},{"floor":10,"key":"Happy Flower"},{"floor":23,"key":"StoneCalendar"},{"floor":25,"key":"Smiling Mask"},{"floor":26,"key":"Pantograph"},{"floor":27,"key":"Bag of Preparation"},{"floor":30,"key":"Red Mask"}],"event_choices":[{"damage_healed":0,"gold_gain":150,"player_choice":"AGREE","damage_taken":0,"max_hp_gain":0,"max_hp_loss":0,"event_name":"Liars Game","floor":3,"gold_loss":0,"cards_obtained":["Doubt"]},{"damage_healed":0,"gold_gain":0,"player_choice":"Lose Max HP","damage_taken":0,"relics_obtained":["Golden Idol"],"max_hp_gain":0,"max_hp_loss":7,"event_name":"Golden Idol","floor":8,"gold_loss":0},{"damage_healed":0,"gold_gain":0,"player_choice":"Success","damage_taken":5,"relics_obtained":["Bird Faced Urn"],"max_hp_gain":0,"max_hp_loss":0,"event_name":"Scrap Ooze","floor":11,"gold_loss":0},{"cards_removed":["Strike_B"],"damage_healed":0,"gold_gain":0,"player_choice":"Gave Gold","damage_taken":0,"max_hp_gain":0,"max_hp_loss":0,"event_name":"Beggar","floor":19,"gold_loss":75},{"damage_healed":0,"gold_gain":0,"player_choice":"Fought Bandits","damage_taken":0,"max_hp_gain":0,"max_hp_loss":0,"event_name":"Masked Bandits","floor":30,"gold_loss":0},{"damage_healed":0,"gold_gain":222,"player_choice":"Wore Mask","damage_taken":0,"max_hp_gain":0,"max_hp_loss":0,"event_name":"Tomb of Lord Red Mask","floor":36,"gold_loss":0},{"damage_healed":0,"gold_gain":0,"player_choice":"Upgraded","damage_taken":0,"max_hp_gain":0,"max_hp_loss":0,"event_name":"Upgrade Shrine","floor":38,"gold_loss":0,"cards_upgraded":["Defragment"]}],"is_beta":true,"boss_relics":[{"not_picked":["Lizard Tail","Eternal Feather"],"picked":"Astrolabe"},{"not_picked":["Black Star","Nuclear Battery"],"picked":"Runic Pyramid"}],"items_purged_floors":[5,37],"is_endless":false,"potions_floor_spawned":[7,10,12,18,23,25,27,31,40],"killed_by":"Reptomancer","ascension_level":20}