{"gold_per_floor":[119,119,136,147,162,187,201,213,213,229,229,239,239,303,303,403,403,413,425,436,436],"floor_reached":21,"playtime":1637,"items_purged":[],"score":187,"play_id":"993b269d-4c88-457c-8ed4-3c44367ae611","local_time":"20190628051437","is_ascension_mode":false,"campfire_choices":[{"floor":13,"key":"REST"},{"floor":15,"key":"REST"}],"neow_cost":"NONE","seed_source_timestamp":155457733636500,"circlet_count":0,"master_deck":["Strike_B","Strike_B","Strike_B","Strike_B","Defend_B","Defend_B","Defend_B","Defend_B","Zap","Dualcast","Barrage","Cold Snap","Beam Cell","Darkness","Amplify","Tempest","Streamline","Compile Driver","Machine Learning","Seek","Melter","Rainbow","Redo","Fusion+1","Hologram"],"relics":["Cracked Core","Darkstone Periapt","Mercury Hourglass","Pantograph","Black Star"],"potions_floor_usage":[21,21,21],"damage_taken":[{"damage":1,"enemies":"Jaw Worm","floor":1,"turns":3},{"damage":0,"enemies":"Cultist","floor":3,"turns":3},{"damage":1,"enemies":"2 Louse","floor":4,"turns":2},{"damage":9,"enemies":"Gremlin Gang","floor":5,"turns":5},{"damage":22,"enemies":"Lagavulin","floor":6,"turns":6},{"damage":5,"enemies":"3 Louse","floor":7,"turns":3},{"damage":14,"enemies":"Large Slime","floor":8,"turns":4},{"damage":14,"enemies":"Exordium Wildlife","floor":10,"turns":3},{"damage":14,"enemies":"Blue Slaver","floor":12,"turns":3},{"damage":23,"enemies":"Gremlin Nob","floor":14,"turns":4},{"damage":28,"enemies":"Slime Boss","floor":16,"turns":7},{"damage":0,"enemies":"Spheric Guardian","floor":18,"turns":2},{"damage":31,"enemies":"2 Thieves","floor":19,"turns":4},{"damage":9,"enemies":"Snecko","floor":20,"turns":4},{"damage":25,"enemies":"Colosseum Slavers","floor":21,"turns":4},{"damage":40,"enemies":"Colosseum Nobs","floor":21,"turns":3}],"seed_played":"-641590150938189824","potions_obtained":[{"floor":5,"key":"Energy Potion"},{"floor":7,"key":"Dexterity Potion"},{"floor":14,"key":"Explosive Potion"},{"floor":19,"key":"PowerPotion"}],"is_trial":false,"path_per_floor":["M","?","M","M","M","E","M","M","T","M","?","M","R","?","R","B",null,"M","M","M","?"],"character_chosen":"DEFECT","items_purchased":[],"campfire_rested":2,"item_purchase_floors":[],"current_hp_per_floor":[81,81,81,80,71,49,44,30,30,16,16,2,26,3,27,24,82,82,51,42,0],"gold":436,"neow_bonus":"TEN_PERCENT_HP_BONUS","is_prod":false,"is_daily":false,"chose_seed":false,"campfire_upgraded":0,"win_rate":0.0,"timestamp":1561666477,"path_taken":["M","?","M","M","?","E","M","M","T","M","?","?","R","?","R","BOSS","M","M","M","?"],"build_version":"2019-01-23","purchased_purges":0,"victory":false,"max_hp_per_floor":[82,82,82,82,82,82,82,82,82,82,82,82,82,82,82,82,82,82,82,82,82],"card_choices":[{"not_picked":["Stack","Coolheaded"],"picked":"Barrage","floor":1},{"not_picked":["Sweeping Beam","Steam"],"picked":"Cold Snap","floor":3},{"not_picked":["Go for the Eyes","Consume"],"picked":"Beam Cell","floor":4},{"not_picked":["Leap","Ball Lightning"],"picked":"Darkness","floor":5},{"not_picked":["Seek","Force Field"],"picked":"Amplify","floor":6},{"not_picked":["Conserve Battery","Sweeping Beam"],"picked":"Tempest","floor":7},{"not_picked":["Beam Cell","Force Field"],"picked":"Streamline","floor":8},{"not_picked":["Streamline","Go for the Eyes"],"picked":"Compile Driver","floor":10},{"not_picked":["Gash","Rip and Tear"],"picked":"Seek","floor":12},{"not_picked":["Heatsinks","Conserve Battery"],"picked":"Melter","floor":14},{"not_picked":["All For One","Biased Cognition"],"picked":"Rainbow","floor":16},{"not_picked":["Auto Shields","Stack"],"picked":"Redo","floor":18},{"not_picked":["Steam","Leap"],"picked":"Fusion+1","floor":19},{"not_picked":["Lockon","Stack"],"picked":"Hologram","floor":20}],"player_experience":13734,"relics_obtained":[{"floor":6,"key":"Darkstone Periapt"},{"floor":9,"key":"Mercury Hourglass"},{"floor":14,"key":"Pantograph"}],"event_choices":[{"damage_healed":0,"gold_gain":0,"player_choice":"Bought 0 Potions","damage_taken":0,"max_hp_gain":0,"max_hp_loss":0,"event_name":"The Woman in Blue","floor":2,"gold_loss":0},{"damage_healed":0,"gold_gain":0,"player_choice":"1 cards matched","damage_taken":0,"max_hp_gain":0,"max_hp_loss":0,"event_name":"Match and Keep!","floor":11,"gold_loss":0,"cards_obtained":["Machine Learning"]},{"damage_healed":0,"gold_gain":0,"player_choice":"Searched \u00271\u0027 times","damage_taken":0,"max_hp_gain":0,"max_hp_loss":0,"event_name":"Dead Adventurer","floor":14,"gold_loss":0},{"damage_healed":0,"gold_gain":0,"player_choice":"Fight","damage_taken":0,"max_hp_gain":0,"max_hp_loss":0,"event_name":"Colosseum","floor":21,"gold_loss":0},{"damage_healed":0,"gold_gain":0,"player_choice":"Fought Nobs","damage_taken":0,"max_hp_gain":0,"max_hp_loss":0,"event_name":"Colosseum","floor":21,"gold_loss":0}],"is_beta":false,"boss_relics":[{"not_picked":["Tiny House","Sozu"],"picked":"Black Star"}],"items_purged_floors":[],"is_endless":false,"potions_floor_spawned":[5,7,14,19,20,21],"killed_by":"Colosseum Nobs","ascension_level":0}