{"gold_per_floor":[114,129,229,229,229,259,209,224,299,342,357,387,187,217,217,317,317,332,332,347,347,362,392,407,437,512,612,612,627,467,467,467,567,567,582,582,22,22,22,22,22,22,47,77,92,92,92,92,92,92],"floor_reached":51,"playtime":4182,"items_purged":[],"score":1027,"play_id":"1b312393-5758-4dab-b036-b9c3c841c01e","local_time":"20190702052600","daily_mods":["Insanity","Hoarder","Elite Swarm"],"is_ascension_mode":false,"campfire_choices":[{"data":"Adrenaline","floor":15,"key":"SMITH"},{"floor":28,"key":"REST"},{"data":"Adrenaline","floor":32,"key":"SMITH"},{"data":"Adrenaline","floor":40,"key":"SMITH"},{"floor":42,"key":"REST"},{"data":"Corpse Explosion","floor":46,"key":"SMITH"},{"data":"Corpse Explosion","floor":47,"key":"SMITH"},{"data":"Corpse Explosion","floor":49,"key":"SMITH"}],"neow_cost":"","seed_source_timestamp":0,"circlet_count":0,"master_deck":["Deadly Poison+1","Eviscerate+1","PiercingWail+1","Catalyst+1","Riddle With Holes+1","Eviscerate+1","Riddle With Holes+1","Dodge and Roll+1","Flying Knee+1","Deflect+1","Blade Dance+1","Accuracy+1","Dodge and Roll+1","Acrobatics+1","Cloak And Dagger+1","Footwork+1","Flechettes+1","Tactician+1","Prepared+1","Backflip+1","Quick Slash+1","Cloak And Dagger+1","Acrobatics+1","Dash+1","Acrobatics+1","Dagger Throw+1","Dodge and Roll+1","Underhanded Strike+1","Poisoned Stab+1","Well Laid Plans+1","Crippling Poison+1","Quick Slash+1","Terror+1","Flying Knee+1","Backflip+1","Catalyst+1","Predator+1","Quick Slash+1","Dagger Throw+1","Escape Plan+1","Blade Dance+1","Predator+1","Dodge and Roll+1","Blade Dance+1","Bouncing Flask+1","Distraction+1","Quick Slash+1","Burst+1","Burst+1","Burst+1","Well Laid Plans+1","Well Laid Plans+1","Well Laid Plans+1","Adrenaline+1","Adrenaline+1","Adrenaline+1","Tools of the Trade+1","Tools of the Trade+1","Tools of the Trade+1","After Image+1","After Image+1","After Image+1","Clumsy","Clumsy","Clumsy","Corpse Explosion+1","Corpse Explosion+1","Corpse Explosion+1"],"special_seed":18078,"relics":["Ring of the Snake","Regal Pillow","Pear","Vajra","Bag of Preparation","ClockworkSouvenir","Incense Burner","Lizard Tail","Nilry\u0027s Codex","PreservedInsect","Nunchaku","The Courier","WingedGreaves","Singing Bowl","Oddly Smooth Stone","Cursed Key","Lantern","Torii","Letter Opener","Mark of the Bloom","Centennial Puzzle","Mango"],"potions_floor_usage":[6,10,12,25,27,27,27,50,50],"damage_taken":[{"damage":0,"enemies":"2 Louse","floor":1,"turns":2},{"damage":1,"enemies":"Cultist","floor":2,"turns":3},{"damage":12,"enemies":"3 Sentries","floor":6,"turns":7},{"damage":3,"enemies":"Small Slimes","floor":8,"turns":3},{"damage":26,"enemies":"Lagavulin Event","floor":10,"turns":4},{"damage":4,"enemies":"2 Fungi Beasts","floor":11,"turns":2},{"damage":13,"enemies":"Lagavulin","floor":12,"turns":6},{"damage":0,"enemies":"Gremlin Nob","floor":14,"turns":3},{"damage":27,"enemies":"Slime Boss","floor":16,"turns":5},{"damage":0,"enemies":"Chosen","floor":18,"turns":4},{"damage":0,"enemies":"3 Byrds","floor":20,"turns":4},{"damage":11,"enemies":"Centurion and Healer","floor":22,"turns":5},{"damage":6,"enemies":"Gremlin Leader","floor":23,"turns":4},{"damage":17,"enemies":"Cultist and Chosen","floor":24,"turns":5},{"damage":29,"enemies":"Slavers","floor":25,"turns":5},{"damage":39,"enemies":"Colosseum Slavers","floor":27,"turns":5},{"damage":7,"enemies":"Colosseum Nobs","floor":27,"turns":3},{"damage":3,"enemies":"Snecko","floor":29,"turns":4},{"damage":25,"enemies":"Champ","floor":33,"turns":5},{"damage":0,"enemies":"Orb Walker","floor":35,"turns":2},{"damage":0,"enemies":"Reptomancer","floor":44,"turns":4},{"damage":1,"enemies":"3 Darklings","floor":45,"turns":2},{"damage":0,"enemies":"Donu and Deca","floor":50,"turns":5}],"seed_played":"1608779508579201905","potions_obtained":[{"floor":2,"key":"EssenceOfSteel"},{"floor":6,"key":"Regen Potion"},{"floor":11,"key":"SpeedPotion"},{"floor":14,"key":"SteroidPotion"},{"floor":20,"key":"LiquidBronze"},{"floor":23,"key":"Regen Potion"},{"floor":25,"key":"Ancient Potion"},{"floor":29,"key":"AttackPotion"},{"floor":44,"key":"Weak Potion"}],"is_trial":false,"path_per_floor":["M","M","?","$","?","E","?","M","T","?","M","E","$","E","R","B",null,"M","?","M","?","M","E","M","E","T","?","R","M","$","?","R","B",null,"M","?","$","?","?","R","?","R","T","E","M","R","R","$","R","B",null],"character_chosen":"THE_SILENT","items_purchased":["ClockworkSouvenir","Oddly Smooth Stone","Poison Potion","Lantern","Torii","Letter Opener"],"campfire_rested":2,"item_purchase_floors":[13,30,30,37,37,37],"current_hp_per_floor":[70,69,69,69,69,57,57,54,64,50,46,33,33,33,33,6,80,80,64,64,64,53,47,30,13,13,14,53,52,52,52,52,27,84,86,86,86,82,84,84,84,84,84,84,83,83,83,83,83,83],"gold":92,"neow_bonus":"","is_prod":false,"is_daily":true,"chose_seed":false,"campfire_upgraded":6,"win_rate":0,"timestamp":1562012760,"path_taken":["M","M","?","$","?","E","?","M","T","?","?","E","$","E","R","BOSS","M","?","M","?","M","E","M","E","T","?","R","?","?","?","R","BOSS","M","?","$","?","?","R","?","R","T","E","?","R","R","?","R","BOSS"],"build_version":"2019-01-23","purchased_purges":0,"victory":true,"max_hp_per_floor":[70,70,70,70,70,70,70,70,80,80,80,80,80,80,80,80,80,80,80,80,80,80,80,80,80,80,82,82,84,84,84,84,84,84,86,86,86,82,84,84,84,84,84,98,100,100,100,100,100,100],"card_choices":[{"not_picked":["Bane","Prepared","Deflect"],"picked":"SKIP","floor":1},{"not_picked":["Cloak And Dagger","Eviscerate","Infinite Blades"],"picked":"SKIP","floor":2},{"not_picked":["Glass Knife","Envenom"],"picked":"Burst","floor":6},{"not_picked":["Deflect","Quick Slash","Bane"],"picked":"SKIP","floor":8},{"not_picked":["PiercingWail","Blade Dance"],"picked":"Well Laid Plans","floor":11},{"not_picked":["Glass Knife","Malaise"],"picked":"Adrenaline","floor":12},{"not_picked":["Unload","Venomology"],"picked":"Tools of the Trade","floor":14},{"not_picked":["PiercingWail+1","Dagger Throw","Eviscerate"],"picked":"SKIP","floor":18},{"not_picked":["Dagger Throw+1","Choke","Outmaneuver"],"picked":"SKIP","floor":20},{"not_picked":["PiercingWail","Dagger Throw","Sucker Punch"],"picked":"SKIP","floor":22},{"not_picked":["Malaise","Night Terror","A Thousand Cuts"],"picked":"SKIP","floor":23},{"not_picked":["Infinite Blades+1","Bouncing Flask","Setup+1"],"picked":"SKIP","floor":24},{"not_picked":["A Thousand Cuts","Malaise","Phantasmal Killer"],"picked":"SKIP","floor":25},{"not_picked":["Setup","Catalyst","Heel Hook"],"picked":"Singing Bowl","floor":27},{"not_picked":["PiercingWail+1","Cloak And Dagger+1","Poisoned Stab+1"],"picked":"Singing Bowl","floor":29},{"not_picked":["A Thousand Cuts","Grand Finale"],"picked":"After Image","floor":33},{"not_picked":["Underhanded Strike","Dash+1","Flying Knee"],"picked":"Singing Bowl","floor":35},{"not_picked":["Jack Of All Trades","Madness","Discovery"],"picked":"Singing Bowl","floor":39},{"not_picked":["Adrenaline","Bullet Time"],"picked":"Corpse Explosion","floor":44},{"not_picked":["Backstab+1","Eviscerate","Underhanded Strike"],"picked":"Singing Bowl","floor":45}],"player_experience":88524,"relics_obtained":[{"floor":6,"key":"Regal Pillow"},{"floor":9,"key":"Pear"},{"floor":10,"key":"Vajra"},{"floor":12,"key":"Bag of Preparation"},{"floor":14,"key":"Incense Burner"},{"floor":19,"key":"Nilry\u0027s Codex"},{"floor":23,"key":"PreservedInsect"},{"floor":25,"key":"Nunchaku"},{"floor":26,"key":"The Courier"},{"floor":27,"key":"WingedGreaves"},{"floor":27,"key":"Singing Bowl"},{"floor":43,"key":"Centennial Puzzle"},{"floor":44,"key":"Mango"}],"event_choices":[{"damage_healed":0,"gold_gain":100,"player_choice":"Pray","damage_taken":0,"max_hp_gain":0,"max_hp_loss":0,"event_name":"Golden Shrine","floor":3,"gold_loss":0},{"damage_healed":0,"gold_gain":0,"player_choice":"Grow","damage_taken":0,"max_hp_gain":0,"max_hp_loss":0,"event_name":"Living Wall","floor":5,"gold_loss":0,"cards_upgraded":["Catalyst"]},{"cards_removed":["Sucker Punch"],"damage_healed":0,"gold_gain":0,"player_choice":"Card Removal","damage_taken":0,"max_hp_gain":0,"max_hp_loss":0,"event_name":"The Cleric","floor":7,"gold_loss":50},{"damage_healed":0,"gold_gain":0,"player_choice":"Searched \u00271\u0027 times","damage_taken":0,"max_hp_gain":0,"max_hp_loss":0,"event_name":"Dead Adventurer","floor":10,"gold_loss":0},{"damage_healed":0,"gold_gain":0,"player_choice":"Obtained Book","damage_taken":16,"max_hp_gain":0,"max_hp_loss":0,"event_name":"Cursed Tome","floor":19,"gold_loss":0},{"damage_healed":0,"gold_gain":0,"player_choice":"Ignored","damage_taken":0,"max_hp_gain":0,"max_hp_loss":0,"event_name":"Ghosts","floor":21,"gold_loss":0},{"damage_healed":0,"gold_gain":0,"player_choice":"Fight","damage_taken":0,"max_hp_gain":0,"max_hp_loss":0,"event_name":"Colosseum","floor":27,"gold_loss":0},{"damage_healed":0,"gold_gain":0,"player_choice":"Fought Nobs","damage_taken":0,"max_hp_gain":0,"max_hp_loss":0,"event_name":"Colosseum","floor":27,"gold_loss":0},{"cards_removed":["Sucker Punch"],"damage_healed":0,"gold_gain":0,"player_choice":"Elegance","damage_taken":0,"max_hp_gain":0,"max_hp_loss":0,"event_name":"Back to Basics","floor":31,"gold_loss":0},{"cards_removed":["Skewer"],"damage_healed":0,"gold_gain":0,"player_choice":"Removed Attack","damage_taken":0,"max_hp_gain":0,"max_hp_loss":0,"event_name":"Falling","floor":36,"gold_loss":0},{"damage_healed":0,"gold_gain":0,"player_choice":"Max HP","damage_taken":0,"max_hp_gain":0,"max_hp_loss":4,"event_name":"Winding Halls","floor":38,"gold_loss":0},{"damage_healed":0,"gold_gain":0,"player_choice":"Memory 1","damage_taken":0,"max_hp_gain":0,"max_hp_loss":0,"event_name":"SensoryStone","floor":39,"gold_loss":0},{"damage_healed":0,"gold_gain":0,"player_choice":"Upgrade","damage_taken":0,"relics_obtained":["Mark of the Bloom"],"max_hp_gain":0,"max_hp_loss":0,"event_name":"MindBloom","floor":41,"gold_loss":0,"cards_upgraded":["Deadly Poison","Eviscerate","PiercingWail","Catalyst","Riddle With Holes","Eviscerate","Riddle With Holes","Dodge and Roll","Flying Knee","Deflect","Blade Dance","Accuracy","Dodge and Roll","Acrobatics","Cloak And Dagger","Footwork","Flechettes","Tactician","Prepared","Backflip","Quick Slash","Cloak And Dagger","Acrobatics","Dash","Acrobatics","Dagger Throw","Dodge and Roll","Underhanded Strike","Poisoned Stab","Well Laid Plans","Crippling Poison","Quick Slash","Terror","Flying Knee","Backflip","Predator","Quick Slash","Dagger Throw","Escape Plan","Blade Dance","Predator","Dodge and Roll","Blade Dance","Bouncing Flask","Distraction","Quick Slash","Burst","Burst","Burst","Well Laid Plans","Well Laid Plans","Well Laid Plans","Tools of the Trade","Tools of the Trade","Tools of the Trade","After Image","After Image","After Image"]}],"is_beta":false,"boss_relics":[{"not_picked":["Snecko Eye","Coffee Dripper"],"picked":"Lizard Tail"},{"not_picked":["Empty Cage","HoveringKite"],"picked":"Cursed Key"}],"items_purged_floors":[],"is_endless":false,"potions_floor_spawned":[2,6,11,14,20,23,24,25,29,44],"ascension_level":0}