{"gold_per_floor":[116,116,191,210,231,271,271,271,271,291,316,335,335,335,335,335],"floor_reached":16,"playtime":648,"items_purged":[],"score":102,"play_id":"12fcef3a-1392-4080-9765-e264d6a28799","local_time":"20190817092314","is_ascension_mode":false,"campfire_choices":[{"data":"Fusion","floor":7,"key":"SMITH"},{"floor":13,"key":"DIG"},{"floor":15,"key":"REST"}],"neow_cost":"NONE","seed_source_timestamp":78112343636392,"circlet_count":0,"master_deck":["Strike_B","Strike_B","Strike_B","Strike_B","Defend_B","Defend_B+1","Defend_B","Defend_B","Zap","Dualcast","Ball Lightning","Fusion+1","Rebound+1","Steam Power","Genetic Algorithm","Rebound"],"relics":["Cracked Core","NeowsBlessing","Golden Idol","Shovel","Matryoshka","Sundial"],"potions_floor_usage":[12],"damage_taken":[{"damage":0,"enemies":"2 Louse","floor":1,"turns":1},{"damage":0,"enemies":"Small Slimes","floor":4,"turns":1},{"damage":0,"enemies":"Cultist","floor":5,"turns":1},{"damage":26,"enemies":"Lagavulin","floor":6,"turns":5},{"damage":1,"enemies":"Exordium Wildlife","floor":10,"turns":3},{"damage":0,"enemies":"Blue Slaver","floor":11,"turns":2},{"damage":2,"enemies":"2 Fungi Beasts","floor":12,"turns":3},{"damage":29,"enemies":"Slime Boss","floor":16,"turns":6}],"seed_played":"9171293994859631737","potions_obtained":[{"floor":5,"key":"Strength Potion"},{"floor":11,"key":"FocusPotion"}],"is_trial":false,"path_per_floor":["M","?","?","M","M","E","R","?","T","M","M","M","R","?","R","B"],"character_chosen":"DEFECT","items_purchased":[],"campfire_rested":1,"item_purchase_floors":[],"current_hp_per_floor":[75,69,58,58,58,32,32,18,18,17,17,15,15,3,23,0],"gold":335,"neow_bonus":"THREE_ENEMY_KILL","is_prod":false,"is_daily":false,"chose_seed":false,"campfire_upgraded":1,"win_rate":0,"timestamp":1566058994,"path_taken":["M","?","?","M","M","E","R","?","T","M","M","M","R","?","R","BOSS"],"build_version":"2019-07-17","purchased_purges":0,"victory":false,"max_hp_per_floor":[75,69,69,69,69,69,69,69,69,69,69,69,69,69,69,69],"card_choices":[{"not_picked":["Barrage","Undo"],"picked":"Ball Lightning","floor":1},{"not_picked":["Stack","Beam Cell"],"picked":"Fusion","floor":4},{"not_picked":["Stack","Turbo"],"picked":"Rebound","floor":5},{"not_picked":["Amplify","Steam","Blizzard"],"picked":"SKIP","floor":6},{"not_picked":["Gash","Leap"],"picked":"Steam Power","floor":10},{"not_picked":["Conserve Battery","Darkness"],"picked":"Genetic Algorithm","floor":11},{"not_picked":["Redo","Blizzard"],"picked":"Rebound","floor":12}],"player_experience":140204,"relics_obtained":[{"floor":6,"key":"Shovel"},{"floor":9,"key":"Matryoshka"},{"floor":13,"key":"Sundial"}],"event_choices":[{"damage_healed":0,"gold_gain":0,"player_choice":"Lose Max HP","damage_taken":0,"relics_obtained":["Golden Idol"],"max_hp_gain":0,"max_hp_loss":6,"event_name":"Golden Idol","floor":2,"gold_loss":0},{"damage_healed":0,"gold_gain":75,"player_choice":"Gather Gold","damage_taken":11,"max_hp_gain":0,"max_hp_loss":0,"event_name":"World of Goop","floor":3,"gold_loss":0},{"damage_healed":0,"gold_gain":0,"player_choice":"Entered Light","damage_taken":14,"max_hp_gain":0,"max_hp_loss":0,"event_name":"Shining Light","floor":8,"gold_loss":0,"cards_upgraded":["Rebound","Defend_B"]},{"damage_healed":0,"gold_gain":0,"player_choice":"Fled","damage_taken":12,"max_hp_gain":0,"max_hp_loss":0,"event_name":"Scrap Ooze","floor":14,"gold_loss":0}],"is_beta":false,"boss_relics":[],"items_purged_floors":[],"is_endless":false,"potions_floor_spawned":[5,11],"killed_by":"Slime Boss","ascension_level":0}