{"gold_per_floor":[114,114,114,126,144,144,156,188,188,188,263,275,300,320,320,396,396,415,432,29,45,62,96,96,96,96,96,115,140,140,167,167,167],"floor_reached":33,"playtime":1632,"items_purged":["Strike_R"],"score":659,"play_id":"c51ed29b-94d9-4fcf-8d33-84bb864e4e85","local_time":"20190525125703","is_ascension_mode":true,"campfire_choices":[{"data":"Hemokinesis","floor":6.0,"key":"SMITH"},{"data":"Iron Wave","floor":10.0,"key":"SMITH"},{"data":"Bludgeon","floor":15.0,"key":"SMITH"},{"floor":25,"key":"REST"},{"floor":27,"key":"REST"},{"data":"True Grit","floor":32,"key":"SMITH"}],"neow_cost":"TEN_PERCENT_HP_LOSS","seed_source_timestamp":112358781768719,"circlet_count":0,"master_deck":["AscendersBane","Strike_R","Defend_R","Defend_R","Defend_R","Defend_R","Bash+1","Shockwave","Hemokinesis+1","Iron Wave+1","Cleave","True Grit+1","Juggernaut","Rampage+1","Inflame+1","Body Slam+1","Flame Barrier","Inflame","Offering","Impervious"],"special_seed":0,"relics":["Burning Blood","StoneCalendar","Mummified Hand","Singing Bowl","Pear","Astrolabe","Bronze Scales","Anchor","Letter Opener","Art of War","Potion Belt","Ginger"],"potions_floor_usage":[19,22,23,31,33],"damage_taken":[{"damage":6.0,"enemies":"Cultist","floor":1.0,"turns":3.0},{"damage":4.0,"enemies":"Small Slimes","floor":4.0,"turns":3.0},{"damage":9.0,"enemies":"Jaw Worm","floor":5.0,"turns":4.0},{"damage":2.0,"enemies":"Red Slaver","floor":7.0,"turns":4.0},{"damage":24.0,"enemies":"3 Sentries","floor":8.0,"turns":5.0},{"damage":9.0,"enemies":"Blue Slaver","floor":12.0,"turns":5.0},{"damage":28.0,"enemies":"Lagavulin","floor":13.0,"turns":5.0},{"damage":10.0,"enemies":"3 Louse","floor":14.0,"turns":2.0},{"damage":20.0,"enemies":"Hexaghost","floor":16.0,"turns":7.0},{"damage":2,"enemies":"Chosen","floor":18,"turns":3},{"damage":31,"enemies":"3 Byrds","floor":19,"turns":4},{"damage":26,"enemies":"3 Cultists","floor":21,"turns":4},{"damage":13,"enemies":"Sentry and Sphere","floor":22,"turns":5},{"damage":22,"enemies":"Book of Stabbing","floor":23,"turns":5},{"damage":9,"enemies":"Centurion and Healer","floor":28,"turns":7},{"damage":34,"enemies":"Gremlin Leader","floor":29,"turns":4},{"damage":37,"enemies":"Slavers","floor":31,"turns":5},{"damage":92,"enemies":"Champ","floor":33,"turns":11}],"seed_played":"-3209621228506665945","potions_obtained":[{"floor":4.0,"key":"Block Potion"},{"floor":5.0,"key":"GamblersBrew"},{"floor":8.0,"key":"PowerPotion"},{"floor":13.0,"key":"Explosive Potion"},{"floor":19,"key":"FearPotion"},{"floor":21,"key":"SkillPotion"},{"floor":22,"key":"BloodPotion"},{"floor":28,"key":"PowerPotion"}],"is_trial":false,"path_per_floor":["M","?","?","M","M","R","M","E","T","R","?","M","E","M","R","B",null,"M","M","$","M","M","E","T","R","T","R","M","E","?","E","R","B"],"character_chosen":"IRONCLAD","items_purchased":["Bronze Scales","Anchor"],"campfire_rested":2,"item_purchase_floors":[20,20],"current_hp_per_floor":[68,68,68,68,65,65,68,50,50,50,39,38,26,22,22,8,62,68,45,45,25,20,12,12,37,37,62,61,33,98,67,67,0],"gold":167,"neow_bonus":"ONE_RARE_RELIC","is_prod":false,"is_daily":false,"chose_seed":false,"campfire_upgraded":4,"win_rate":0,"timestamp":1558785423,"path_taken":["M","?","?","M","M","R","M","E","T","R","?","M","E","?","R","BOSS","M","M","$","M","M","E","?","R","T","R","M","E","?","E","R","BOSS"],"build_version":"2019-05-24v2","purchased_purges":1,"victory":false,"max_hp_per_floor":[68,68,68,68,68,68,68,68,68,68,68,70,80,80,80,80,80,82,84,84,84,86,86,86,86,86,86,88,88,98,98,98,98],"card_choices":[{"not_picked":["Clothesline","Burning Pact"],"picked":"Shockwave","floor":1.0},{"not_picked":["Clash","Whirlwind"],"picked":"Hemokinesis","floor":4.0},{"not_picked":["Flex","Warcry"],"picked":"Iron Wave","floor":5.0},{"not_picked":["Pommel Strike","Havoc"],"picked":"Cleave","floor":7.0},{"not_picked":["Power Through","Thunderclap","Hemokinesis"],"picked":"SKIP","floor":8.0},{"not_picked":["Heavy Blade","Anger","Perfected Strike"],"picked":"Singing Bowl","floor":12.0},{"not_picked":["Headbutt","Sword Boomerang"],"picked":"Bludgeon","floor":13.0},{"not_picked":["Cleave","Warcry"],"picked":"True Grit","floor":14.0},{"not_picked":["Fiend Fire","Reaper"],"picked":"Juggernaut","floor":16.0},{"not_picked":["Fire Breathing","Dropkick","Blood for Blood"],"picked":"Singing Bowl","floor":18},{"not_picked":["Anger","Blood for Blood","Clash"],"picked":"Singing Bowl","floor":19},{"not_picked":["Havoc","Armaments"],"picked":"Flame Barrier","floor":21},{"not_picked":["Rage","Warcry","Havoc"],"picked":"Singing Bowl","floor":22},{"not_picked":["Uppercut","Armaments"],"picked":"Inflame","floor":23},{"not_picked":["Blood for Blood+1","Wild Strike","Iron Wave"],"picked":"Singing Bowl","floor":28},{"not_picked":["Evolve","Clash"],"picked":"Offering","floor":29},{"not_picked":["Ghostly Armor","Corruption"],"picked":"Impervious","floor":31}],"player_experience":2069496,"relics_obtained":[{"floor":8.0,"key":"Mummified Hand"},{"floor":9.0,"key":"Singing Bowl"},{"floor":13.0,"key":"Pear"},{"floor":23,"key":"Letter Opener"},{"floor":24,"key":"Art of War"},{"floor":29,"key":"Potion Belt"},{"floor":31,"key":"Ginger"}],"event_choices":[{"damage_healed":0.0,"max_hp_gain":0.0,"max_hp_loss":0.0,"gold_gain":0.0,"event_name":"Living Wall","player_choice":"Grow","floor":2.0,"gold_loss":0.0,"damage_taken":0.0,"cards_upgraded":["Bash"]},{"damage_healed":0.0,"max_hp_gain":0.0,"max_hp_loss":0.0,"gold_gain":0.0,"event_name":"Liars Game","player_choice":"Ignored","floor":3.0,"gold_loss":0.0,"damage_taken":0.0},{"damage_healed":0.0,"max_hp_gain":0.0,"max_hp_loss":0.0,"gold_gain":75.0,"event_name":"World of Goop","player_choice":"Gather Gold","floor":11.0,"gold_loss":0.0,"damage_taken":11.0},{"cards_removed":["Bludgeon"],"damage_healed":55,"gold_gain":0,"player_choice":"Offered Rare","damage_taken":0,"max_hp_gain":10,"max_hp_loss":0,"event_name":"Bonfire Elementals","floor":30,"gold_loss":0}],"is_beta":true,"boss_relics":[{"not_picked":["Runic Pyramid","Orrery"],"picked":"Astrolabe"}],"items_purged_floors":[20],"is_endless":false,"potions_floor_spawned":[4,5,8,13,19,21,22,28],"killed_by":"Champ","ascension_level":20}