{"gold_per_floor":[117,117,140,152,165,165,176,204,231,231,256,206,206,241,241,343,343,356,356,113,123,150,150,178,178,201,201,17,42,55,55,55,156,156,170,0,0,16,16,16],"floor_reached":40,"playtime":1562,"items_purged":["Defend_B"],"score":499,"play_id":"675b58a8-390d-4569-be0b-3788b3999fec","local_time":"20190702074939","is_ascension_mode":true,"campfire_choices":[{"data":"Defragment","floor":6,"key":"SMITH"},{"data":"Double Energy","floor":10,"key":"SMITH"},{"floor":13,"key":"REST"},{"data":"Defragment","floor":15,"key":"SMITH"},{"data":"Defragment","floor":23,"key":"SMITH"},{"data":"Machine Learning","floor":27,"key":"SMITH"},{"floor":32,"key":"REST"}],"neow_cost":"NONE","seed_source_timestamp":510434620263900,"circlet_count":0,"master_deck":["Strike_B","Strike_B","Defend_B","Defend_B","Defend_B","Zap","Dualcast","Tempest","Double Energy+1","Defragment+1","Genetic Algorithm","Defragment+1","Thunder Strike","Reinforced Body","Cold Snap","Amplify","Ball Lightning","Defragment+1","Conserve Battery","Coolheaded+1","Self Repair","Zap","Machine Learning+1","Secret Technique","Defragment+1","Amplify","Normality","BootSequence+1"],"relics":["Cracked Core","NeowsBlessing","PreservedInsect","Centennial Puzzle","Strawberry","Odd Mushroom","Bag of Preparation","Orrery","Bronze Scales","Dream Catcher","Ancient Tea Set","Omamori","Bottled Tornado","Calling Bell","Bag of Marbles","Singing Bowl","Ice Cream","Red Mask"],"potions_floor_usage":[11,14,24,29],"damage_taken":[{"damage":0,"enemies":"Small Slimes","floor":1,"turns":1},{"damage":0,"enemies":"Jaw Worm","floor":4,"turns":1},{"damage":0,"enemies":"Cultist","floor":5,"turns":1},{"damage":33,"enemies":"Gremlin Gang","floor":7,"turns":4},{"damage":21,"enemies":"3 Sentries","floor":8,"turns":4},{"damage":13,"enemies":"The Mushroom Lair","floor":11,"turns":3},{"damage":8,"enemies":"Lagavulin","floor":14,"turns":5},{"damage":18,"enemies":"Slime Boss","floor":16,"turns":9},{"damage":8,"enemies":"3 Byrds","floor":18,"turns":4},{"damage":15,"enemies":"2 Thieves","floor":21,"turns":4},{"damage":15,"enemies":"Book of Stabbing","floor":24,"turns":4},{"damage":30,"enemies":"Slavers","floor":29,"turns":4},{"damage":21,"enemies":"Snake Plant","floor":30,"turns":4},{"damage":10,"enemies":"Champ","floor":33,"turns":11},{"damage":22,"enemies":"3 Darklings","floor":35,"turns":5},{"damage":0,"enemies":"3 Shapes","floor":38,"turns":5},{"damage":85,"enemies":"Reptomancer","floor":40,"turns":2}],"seed_played":"-2021833382239083791","potions_obtained":[{"floor":1,"key":"Weak Potion"},{"floor":5,"key":"SkillPotion"},{"floor":11,"key":"SteroidPotion"},{"floor":16,"key":"Explosive Potion"},{"floor":19,"key":"LiquidBronze"},{"floor":29,"key":"Poison Potion"}],"is_trial":false,"path_per_floor":["M","?","T","M","M","R","M","E","T","R","?","?","R","E","R","B",null,"M","?","$","M","T","R","E","?","T","R","$","E","M","T","R","B",null,"M","?","?","M","?","E"],"character_chosen":"DEFECT","items_purchased":["Ball Lightning","Defragment","Conserve Battery","Secret Technique"],"campfire_rested":2,"item_purchase_floors":[20,20,20,28],"current_hp_per_floor":[75,80,80,80,80,80,47,26,33,33,20,20,46,38,38,20,87,79,79,79,64,64,64,49,49,49,49,49,33,12,12,38,35,87,79,79,79,81,81,0],"gold":16,"neow_bonus":"THREE_ENEMY_KILL","is_prod":false,"is_daily":false,"chose_seed":false,"campfire_upgraded":5,"win_rate":0,"timestamp":1562021379,"path_taken":["M","?","?","?","M","R","?","E","T","R","?","?","R","E","R","BOSS","M","?","?","?","?","R","E","?","T","R","$","E","?","?","R","BOSS","M","?","?","M","?","E"],"build_version":"2019-07-01","purchased_purges":1,"victory":false,"max_hp_per_floor":[75,80,80,80,80,80,80,80,87,87,87,87,87,87,87,87,87,87,87,87,87,87,87,87,87,87,87,87,87,87,87,87,87,87,87,87,83,85,85,85],"card_choices":[{"not_picked":["Lockon","Static Discharge"],"picked":"Tempest","floor":1},{"not_picked":["Sweeping Beam","Redo"],"picked":"Double Energy","floor":4},{"not_picked":["Stack","Scrape"],"picked":"Defragment","floor":5},{"not_picked":["Cold Snap","Rebound"],"picked":"Genetic Algorithm","floor":7},{"not_picked":["Rip and Tear","Cold Snap"],"picked":"Defragment","floor":8},{"not_picked":["Go for the Eyes","Reprogram","Fusion"],"picked":"SKIP","floor":14},{"not_picked":["Rainbow","All For One"],"picked":"Thunder Strike","floor":16},{"not_picked":["Coolheaded","Beam Cell"],"picked":"Reinforced Body","floor":17},{"not_picked":["Streamline","Compile Driver"],"picked":"Cold Snap","floor":17},{"not_picked":["Ball Lightning","Coolheaded"],"picked":"Amplify","floor":17},{"not_picked":["Beam Cell","Rebound","Go for the Eyes"],"picked":"SKIP","floor":18},{"not_picked":["Compile Driver","Hyperbeam"],"picked":"Coolheaded+1","floor":21},{"not_picked":["Consume+1","Multi-Cast"],"picked":"Self Repair","floor":24},{"not_picked":["Chaos","Stack"],"picked":"Defragment+1","floor":29},{"not_picked":["Rebound+1","Defragment","Redo+1"],"picked":"SKIP","floor":30},{"not_picked":["Buffer","Meteor Strike"],"picked":"Amplify","floor":33},{"not_picked":["Coolheaded","Beam Cell"],"picked":"BootSequence+1","floor":35},{"not_picked":["Rip and Tear","Cold Snap+1","Hyperbeam"],"picked":"Singing Bowl","floor":38}],"player_experience":97440,"relics_obtained":[{"floor":3,"key":"PreservedInsect"},{"floor":8,"key":"Centennial Puzzle"},{"floor":9,"key":"Strawberry"},{"floor":11,"key":"Odd Mushroom"},{"floor":14,"key":"Bag of Preparation"},{"floor":22,"key":"Bronze Scales"},{"floor":24,"key":"Dream Catcher"},{"floor":26,"key":"Ancient Tea Set"},{"floor":29,"key":"Omamori"},{"floor":31,"key":"Bottled Tornado"},{"floor":34,"key":"Bag of Marbles"},{"floor":34,"key":"Singing Bowl"},{"floor":34,"key":"Ice Cream"}],"event_choices":[{"damage_healed":0,"gold_gain":0,"player_choice":"Donut","damage_taken":0,"max_hp_gain":5,"max_hp_loss":0,"event_name":"Big Fish","floor":2,"gold_loss":0},{"damage_healed":0,"gold_gain":0,"player_choice":"Fought Mushrooms","damage_taken":0,"max_hp_gain":0,"max_hp_loss":0,"event_name":"Mushrooms","floor":11,"gold_loss":0},{"cards_removed":["Strike_B"],"damage_healed":0,"gold_gain":0,"player_choice":"Card Removal","damage_taken":0,"max_hp_gain":0,"max_hp_loss":0,"event_name":"The Cleric","floor":12,"gold_loss":50},{"damage_healed":0,"gold_gain":0,"player_choice":"Got Potions","damage_taken":0,"max_hp_gain":0,"max_hp_loss":0,"event_name":"Lab","floor":19,"gold_loss":0},{"damage_healed":0,"gold_gain":0,"player_choice":"2 cards matched","damage_taken":0,"max_hp_gain":0,"max_hp_loss":0,"event_name":"Match and Keep!","floor":25,"gold_loss":0,"cards_obtained":["Zap","Machine Learning"]},{"damage_healed":0,"gold_gain":0,"player_choice":"Paid","damage_taken":0,"relics_obtained":["Red Mask"],"max_hp_gain":0,"max_hp_loss":0,"event_name":"Tomb of Lord Red Mask","floor":36,"gold_loss":170},{"damage_healed":0,"gold_gain":0,"player_choice":"Max HP","damage_taken":0,"max_hp_gain":0,"max_hp_loss":4,"event_name":"Winding Halls","floor":37,"gold_loss":0},{"cards_removed":["Strike_B"],"damage_healed":0,"gold_gain":0,"player_choice":"Removed Attack","damage_taken":0,"max_hp_gain":0,"max_hp_loss":0,"event_name":"Falling","floor":39,"gold_loss":0}],"is_beta":false,"boss_relics":[{"not_picked":["Fusion Hammer","Snecko Eye"],"picked":"Orrery"},{"not_picked":["FrozenCore","Philosopher\u0027s Stone"],"picked":"Calling Bell"}],"items_purged_floors":[20],"is_endless":false,"potions_floor_spawned":[1,5,11,16,29],"killed_by":"Reptomancer","ascension_level":1}