{"gold_per_floor":[119,129,148,73,73,105,105,127,127,155,165,184,184,202,202,202],"floor_reached":16,"playtime":510,"items_purged":[],"score":224,"play_id":"632fdfe6-30bf-4a7d-9473-505f7fd0b0c5","local_time":"20190621223550","is_ascension_mode":true,"campfire_choices":[{"data":"A Thousand Cuts","floor":7.0,"key":"SMITH"},{"floor":13,"key":"REST"},{"data":"Noxious Fumes","floor":15,"key":"SMITH"}],"neow_cost":"NONE","seed_source_timestamp":362184081780871,"circlet_count":0,"master_deck":["AscendersBane","Strike_G","Strike_G","Strike_G","Strike_G","Defend_G","Defend_G","Defend_G","Defend_G","Defend_G","Survivor","Neutralize","Poisoned Stab","Deadly Poison","A Thousand Cuts+1","Leg Sweep","Noxious Fumes+1"],"special_seed":0,"relics":["Ring of the Snake","NeowsBlessing","Question Card","Odd Mushroom","PreservedInsect","Singing Bowl"],"potions_floor_usage":[11,12],"damage_taken":[{"damage":0.0,"enemies":"Cultist","floor":1.0,"turns":1.0},{"damage":0.0,"enemies":"Small Slimes","floor":2.0,"turns":1.0},{"damage":0.0,"enemies":"2 Louse","floor":3.0,"turns":1.0},{"damage":32.0,"enemies":"Gremlin Nob","floor":6.0,"turns":4.0},{"damage":10,"enemies":"The Mushroom Lair","floor":8,"turns":4},{"damage":12,"enemies":"3 Sentries","floor":10,"turns":4},{"damage":0,"enemies":"2 Fungi Beasts","floor":11,"turns":4},{"damage":3,"enemies":"3 Louse","floor":12,"turns":5},{"damage":9,"enemies":"Large Slime","floor":14,"turns":7},{"damage":22,"enemies":"The Guardian","floor":16,"turns":2}],"seed_played":"4915263570312811333","potions_obtained":[{"floor":3.0,"key":"Explosive Potion"},{"floor":8,"key":"Weak Potion"},{"floor":10,"key":"Explosive Potion"},{"floor":11,"key":"SteroidPotion"}],"is_trial":false,"path_per_floor":["M","M","M","?","?","E","R","?","T","E","M","M","R","M","R","B"],"character_chosen":"THE_SILENT","items_purchased":[],"campfire_rested":1,"item_purchase_floors":[],"current_hp_per_floor":[59,59,59,59,59,27,27,17,17,5,7,4,24,17,17,0],"gold":202,"neow_bonus":"THREE_ENEMY_KILL","is_prod":false,"is_daily":false,"chose_seed":false,"campfire_upgraded":2,"win_rate":0,"timestamp":1561152950,"path_taken":["M","?","M","?","?","E","R","?","T","E","M","M","R","M","R","BOSS"],"build_version":"2019-06-21","purchased_purges":0,"victory":false,"max_hp_per_floor":[66,66,66,66,66,66,66,66,66,66,68,68,68,70,70,70],"card_choices":[{"not_picked":["Blur","Endless Agony"],"picked":"Poisoned Stab","floor":1.0},{"not_picked":["Concentrate","Dagger Spray"],"picked":"Deadly Poison","floor":2.0},{"not_picked":["Infinite Blades","Outmaneuver"],"picked":"A Thousand Cuts","floor":3.0},{"not_picked":["Backflip","Blur","Sucker Punch"],"picked":"SKIP","floor":6.0},{"not_picked":["Reflex","Flying Knee","Quick Slash"],"picked":"Leg Sweep","floor":10},{"not_picked":["Bane","Deadly Poison","Infinite Blades","Accuracy"],"picked":"Singing Bowl","floor":11},{"not_picked":["Bane","Blade Dance","Flying Knee"],"picked":"Noxious Fumes","floor":12},{"not_picked":["Setup","Skewer","Infinite Blades","Leg Sweep"],"picked":"Singing Bowl","floor":14}],"player_experience":2133220,"relics_obtained":[{"floor":6.0,"key":"Question Card"},{"floor":8,"key":"Odd Mushroom"},{"floor":9,"key":"PreservedInsect"},{"floor":10,"key":"Singing Bowl"}],"event_choices":[{"cards_removed":["Strike_G"],"damage_healed":0.0,"max_hp_gain":0.0,"max_hp_loss":0.0,"gold_gain":0.0,"event_name":"The Cleric","player_choice":"Card Removal","floor":4.0,"gold_loss":75.0,"damage_taken":0.0},{"damage_healed":0.0,"max_hp_gain":0.0,"max_hp_loss":0.0,"gold_gain":0.0,"event_name":"Liars Game","player_choice":"Ignored","floor":5.0,"gold_loss":0.0,"damage_taken":0.0},{"damage_healed":0,"gold_gain":0,"player_choice":"Fought Mushrooms","damage_taken":0,"max_hp_gain":0,"max_hp_loss":0,"event_name":"Mushrooms","floor":8,"gold_loss":0}],"is_beta":true,"boss_relics":[],"items_purged_floors":[],"is_endless":false,"potions_floor_spawned":[3,8,10,11],"killed_by":"The Guardian","ascension_level":20}