{"gold_per_floor":[111,111,131,204,216,216,243,255,255,255,282,133,133,147,147,221,221,237,26,37,47,67,93,93,112,159,159,188,204,204,215,215,286,286,302,302,302,318,334,334,354,254,254,266,266,298,298,61,61,61],"floor_reached":51,"playtime":2729,"items_purged":["Strike_R","Strike_R"],"score":1307,"play_id":"29cc8fe5-5f8b-4fdd-a475-4a52095fbc5f","local_time":"20180725150337","is_ascension_mode":true,"campfire_choices":[{"data":"Whirlwind","floor":6,"key":"SMITH"},{"data":"Armaments","floor":10,"key":"SMITH"},{"data":"Disarm","floor":13,"key":"SMITH"},{"data":"Feed","floor":15,"key":"SMITH"},{"data":"Limit Break","floor":24,"key":"SMITH"},{"floor":27,"key":"REST"},{"floor":32,"key":"REST"},{"floor":40,"key":"REST"},{"floor":45,"key":"REST"},{"floor":49,"key":"REST"}],"neow_cost":"NONE","seed_source_timestamp":90373279532630,"circlet_count":0,"master_deck":["Strike_R+1","Strike_R+1","Defend_R+1","Defend_R+1","Defend_R+1","Defend_R+1","Bash+1","AscendersBane","Twin Strike+1","Whirlwind+1","Spot Weakness+1","Metallicize+1","Armaments+1","Disarm+1","Feed+1","Limit Break+1","Corruption+1","Immolate+1","Inflame+1","True Grit+1","Shrug It Off+1","Uppercut+1","Clothesline+1","Reaper+1","Writhe","Havoc+1","Battle Trance+1","Havoc+1","True Grit+1","Impervious","Headbutt"],"relics":["Burning Blood","Ancient Tea Set","Frozen Egg 2","Bottled Tornado","War Paint","Snecko Eye","Oddly Smooth Stone","Strawberry","Torii","Fusion Hammer","Blue Candle","Magic Flower","Mark of the Bloom"],"potions_floor_usage":[16,23,29,33,33,41,50,50],"damage_taken":[{"damage":9,"enemies":"Jaw Worm","floor":1,"turns":5},{"damage":0,"enemies":"Small Slimes","floor":3,"turns":3},{"damage":0,"enemies":"Cultist","floor":5,"turns":2},{"damage":4,"enemies":"3 Sentries","floor":7,"turns":4},{"damage":16,"enemies":"Blue Slaver","floor":8,"turns":4},{"damage":17,"enemies":"Lagavulin","floor":11,"turns":7},{"damage":0,"enemies":"2 Fungi Beasts","floor":14,"turns":3},{"damage":19,"enemies":"Hexaghost","floor":16,"turns":9},{"damage":0,"enemies":"3 Byrds","floor":18,"turns":3},{"damage":11,"enemies":"Spheric Guardian","floor":20,"turns":3},{"damage":3,"enemies":"Cultist and Chosen","floor":21,"turns":4},{"damage":71,"enemies":"Slaver and Parasite","floor":22,"turns":8},{"damage":0,"enemies":"Gremlin Leader","floor":23,"turns":5},{"damage":20,"enemies":"Snake Plant","floor":25,"turns":3},{"damage":2,"enemies":"Book of Stabbing","floor":28,"turns":5},{"damage":2,"enemies":"3 Cultists","floor":29,"turns":5},{"damage":8,"enemies":"Cultist and Chosen","floor":31,"turns":5},{"damage":75,"enemies":"Automaton","floor":33,"turns":9},{"damage":0,"enemies":"Orb Walker","floor":35,"turns":3},{"damage":10,"enemies":"3 Darklings","floor":38,"turns":4},{"damage":13,"enemies":"Sphere and 2 Shapes","floor":39,"turns":4},{"damage":17,"enemies":"Transient","floor":41,"turns":5},{"damage":37,"enemies":"4 Shapes","floor":44,"turns":5},{"damage":46,"enemies":"2 Orb Walkers","floor":46,"turns":5},{"damage":31,"enemies":"Time Eater","floor":50,"turns":8}],"seed_played":"8418949578778351990","potions_obtained":[{"floor":1,"key":"LiquidBronze"},{"floor":5,"key":"Regen Potion"},{"floor":21,"key":"Fire Potion"},{"floor":23,"key":"AttackPotion"},{"floor":29,"key":"FearPotion"},{"floor":33,"key":"PowerPotion"},{"floor":35,"key":"LiquidBronze"},{"floor":44,"key":"BloodPotion"}],"is_trial":false,"path_per_floor":["M","?","M","?","M","R","E","M","T","R","E","$","R","M","R","B",null,"M","$","M","M","M","E","R","M","T","R","E","M","?","M","R","B",null,"M","?","?","M","M","R","M","$","T","M","R","E","?","$","R","B"],"character_chosen":"IRONCLAD","items_purchased":["Feed","Immolate","Inflame+1","Impervious","Headbutt","Explosive Potion"],"campfire_rested":5,"item_purchase_floors":[12,19,19,48,48,48],"current_hp_per_floor":[65,65,71,71,75,75,75,65,65,65,54,54,54,63,63,50,71,81,81,80,83,22,46,46,36,43,74,82,90,55,53,88,19,93,118,118,118,119,116,126,126,126,126,100,130,106,106,106,106,75],"gold":61,"neow_bonus":"RANDOM_COMMON_RELIC","is_prod":false,"is_daily":false,"chose_seed":false,"campfire_upgraded":5,"win_rate":0,"timestamp":1532527417,"path_taken":["M","?","M","?","M","R","E","M","T","R","E","$","R","M","R","BOSS","M","$","M","M","M","E","R","M","T","R","E","M","?","?","R","BOSS","M","?","?","?","M","R","M","$","T","M","R","E","?","$","R","BOSS"],"build_version":"2018-07-24","purchased_purges":2,"victory":true,"max_hp_per_floor":[75,75,75,75,75,75,75,75,75,75,75,75,75,78,78,78,78,82,82,86,86,90,94,94,98,105,105,109,113,118,118,118,118,118,118,118,118,122,126,126,126,126,126,130,130,130,130,130,130,130],"card_choices":[{"not_picked":["Burning Pact","Cleave"],"picked":"Twin Strike","floor":1},{"not_picked":["Dropkick","Havoc"],"picked":"Whirlwind","floor":3},{"not_picked":["True Grit","Shrug It Off"],"picked":"Spot Weakness","floor":5},{"not_picked":["Reckless Charge","Warcry"],"picked":"Metallicize","floor":7},{"not_picked":["Thunderclap","Spot Weakness"],"picked":"Armaments","floor":8},{"not_picked":["Feel No Pain+1","Pummel"],"picked":"Disarm","floor":11},{"not_picked":["Hemokinesis","Sword Boomerang","Havoc"],"picked":"SKIP","floor":14},{"not_picked":["Double Tap","Fiend Fire"],"picked":"Limit Break","floor":16},{"not_picked":["Shrug It Off","Dual Wield"],"picked":"Corruption+1","floor":18},{"not_picked":["Havoc+1","Twin Strike","Heavy Blade"],"picked":"SKIP","floor":20},{"not_picked":["Perfected Strike","Second Wind"],"picked":"True Grit","floor":21},{"not_picked":["Demon Form+1","True Grit"],"picked":"Shrug It Off","floor":22},{"not_picked":["Perfected Strike","Double Tap","Bludgeon"],"picked":"SKIP","floor":23},{"not_picked":["Heavy Blade","Anger","Entrench"],"picked":"SKIP","floor":25},{"not_picked":["True Grit","Rupture+1"],"picked":"Uppercut","floor":28},{"not_picked":["Rupture+1","Clothesline","Carnage"],"picked":"SKIP","floor":29},{"not_picked":["Rupture+1","Carnage"],"picked":"Clothesline","floor":29},{"not_picked":["Wild Strike","Heavy Blade","Hemokinesis+1"],"picked":"SKIP","floor":31},{"not_picked":["Feed","Offering"],"picked":"Reaper","floor":33},{"not_picked":["Heavy Blade","Wild Strike","Pommel Strike"],"picked":"SKIP","floor":35},{"not_picked":["Clothesline","Thunderclap+1"],"picked":"Havoc+1","floor":38},{"not_picked":["Cleave","Entrench"],"picked":"Battle Trance","floor":39},{"not_picked":["Entrench","Cleave","Heavy Blade"],"picked":"SKIP","floor":41},{"not_picked":["Heavy Blade","Flex+1"],"picked":"Havoc","floor":44},{"not_picked":["Reckless Charge","Flex+1"],"picked":"True Grit","floor":46}],"player_experience":1093070,"relics_obtained":[{"floor":7,"key":"Frozen Egg 2"},{"floor":9,"key":"Bottled Tornado"},{"floor":11,"key":"War Paint"},{"floor":23,"key":"Oddly Smooth Stone"},{"floor":26,"key":"Strawberry"},{"floor":28,"key":"Torii"},{"floor":43,"key":"Blue Candle"},{"floor":46,"key":"Magic Flower"}],"event_choices":[{"event_name":"Living Wall","player_choice":"Grow","floor":2,"damage_taken":0},{"event_name":"Golden Wing","player_choice":"Gained Gold","floor":4,"damage_taken":0},{"event_name":"Forgotten Altar","player_choice":"Shed Blood","floor":30,"damage_taken":0},{"event_name":"Purifier","player_choice":"One Purge","floor":36,"damage_taken":0},{"event_name":"Winding Halls","player_choice":"Writhe","floor":37,"damage_taken":0},{"event_name":"MindBloom","player_choice":"Upgrade","floor":47,"damage_taken":0}],"is_beta":true,"boss_relics":[{"not_picked":["Pandora\u0027s Box","Black Star"],"picked":"Snecko Eye"},{"not_picked":["Astrolabe","Empty Cage"],"picked":"Fusion Hammer"}],"items_purged_floors":[12,42],"is_endless":false,"potions_floor_spawned":[1,5,8,14,21,23,25,29,33,35,44],"ascension_level":15}