{"path_per_floor":["M","M","$","M","?","E","?","R","T","E","R","$","R","E","R","B",null,"M","?","$","?","M","R","E","R","T","R","M","M","?","M","R"],"character_chosen":"IRONCLAD","items_purchased":["True Grit","Battle Trance","Singing Bowl"],"gold_per_floor":[113,131,11,24,24,58,58,58,84,117,117,37,37,66,66,143,143,160,160,15,15,35,35,68,68,68,68,81,92,92,102,102,102],"floor_reached":33,"campfire_rested":5,"playtime":2043,"item_purchase_floors":[3,12,20],"current_hp_per_floor":[78,80,80,80,73,11,11,50,50,22,22,22,61,57,57,22,66,62,62,62,62,47,82,14,54,54,54,47,9,9,24,65,0],"items_purged":["Strike_R"],"gold":102,"score":464,"play_id":"b94e9e7d-933c-4a6c-adfb-4d516dd19925","local_time":"20180525214920","is_prod":false,"is_daily":false,"chose_seed":false,"is_ascension_mode":true,"campfire_upgraded":3,"win_rate":0,"timestamp":1527281360,"campfire_choices":[{"floor":8,"key":"REST"},{"data":"True Grit","floor":11,"key":"SMITH"},{"floor":13,"key":"REST"},{"data":"Battle Trance","floor":15,"key":"SMITH"},{"floor":23,"key":"REST"},{"floor":25,"key":"REST"},{"data":"Disarm","floor":27,"key":"SMITH"},{"floor":32,"key":"REST"}],"path_taken":["M","?","$","M","?","E","?","R","T","E","R","$","R","E","R","BOSS","M","?","$","?","M","R","E","R","T","R","M","M","?","?","R","BOSS"],"build_version":"2018-05-24","seed_source_timestamp":17883217095921,"purchased_purges":1,"victory":false,"master_deck":["Strike_R","Strike_R","Strike_R","Defend_R","Defend_R","Defend_R","Defend_R","Bash","AscendersBane","Shrug It Off","Armaments+1","True Grit+1","Thunderclap","Pummel","Battle Trance+1","Disarm+1","Reaper","Seeing Red","Warcry+1"],"max_hp_per_floor":[80,80,80,80,80,80,80,80,80,80,80,80,80,80,80,80,80,80,80,80,80,82,82,84,84,84,84,86,88,88,88,88,88],"relics":["Burning Blood","Regal Pillow","Anchor","Pen Nib","Bottled Lightning","Sozu","Nloth\u0027s Gift","Singing Bowl","Happy Flower","Turnip","Smiling Mask"],"card_choices":[{"not_picked":["Clash","Anger"],"picked":"Shrug It Off","floor":1},{"not_picked":["Headbutt","Heavy Blade"],"picked":"Armaments","floor":2},{"not_picked":["Rage","Dual Wield"],"picked":"Thunderclap","floor":4},{"not_picked":["Blood for Blood","Flex","Burning Pact"],"picked":"SKIP","floor":6},{"not_picked":["Iron Wave","Bloodletting"],"picked":"Pummel","floor":10},{"not_picked":["Juggernaut","Twin Strike"],"picked":"Disarm","floor":14},{"not_picked":["Brutality","Immolate"],"picked":"Reaper","floor":16},{"not_picked":["Heavy Blade","Wild Strike"],"picked":"Seeing Red","floor":18},{"not_picked":["Bludgeon","Whirlwind","Flame Barrier"],"picked":"Singing Bowl","floor":22},{"not_picked":["Headbutt","Shrug It Off","Wild Strike"],"picked":"Singing Bowl","floor":24},{"not_picked":["Reaper","Reckless Charge","Warcry"],"picked":"Singing Bowl","floor":28},{"not_picked":["Clash","Infernal Blade","Iron Wave"],"picked":"Singing Bowl","floor":29},{"not_picked":["Power Through","Heavy Blade"],"picked":"Warcry+1","floor":31}],"player_experience":620563,"potions_floor_usage":[10,24,33],"damage_taken":[{"damage":0,"enemies":"Cultist","floor":1,"turns":1},{"damage":0,"enemies":"Jaw Worm","floor":2,"turns":1},{"damage":0,"enemies":"2 Louse","floor":4,"turns":1},{"damage":68,"enemies":"Lagavulin","floor":6,"turns":14},{"damage":34,"enemies":"Gremlin Nob","floor":10,"turns":5},{"damage":10,"enemies":"3 Sentries","floor":14,"turns":9},{"damage":41,"enemies":"Slime Boss","floor":16,"turns":14},{"damage":17,"enemies":"Chosen","floor":18,"turns":7},{"damage":27,"enemies":"Spheric Guardian","floor":22,"turns":6},{"damage":103,"enemies":"Slavers","floor":24,"turns":17},{"damage":23,"enemies":"Chosen and Byrds","floor":28,"turns":7},{"damage":54,"enemies":"Cultist and Chosen","floor":29,"turns":12},{"damage":1,"enemies":"Centurion and Healer","floor":31,"turns":11},{"damage":90,"enemies":"Collector","floor":33,"turns":14}],"relics_obtained":[{"floor":6,"key":"Regal Pillow"},{"floor":9,"key":"Anchor"},{"floor":10,"key":"Pen Nib"},{"floor":14,"key":"Bottled Lightning"},{"floor":24,"key":"Turnip"},{"floor":26,"key":"Smiling Mask"}],"event_choices":[{"event_name":"Golden Wing","player_choice":"Card Removal","floor":5,"damage_taken":0},{"event_name":"Living Wall","player_choice":"Grow","floor":7,"damage_taken":0},{"event_name":"N\u0027loth","player_choice":"Traded a NeowsBlessing","floor":19,"damage_taken":0},{"event_name":"The Mausoleum","player_choice":"Yes","floor":21,"damage_taken":0},{"event_name":"Vampires","player_choice":"Ignored","floor":30,"damage_taken":0}],"boss_relics":[{"not_picked":["Runic Dome","Runic Cube"],"picked":"Sozu"}],"items_purged_floors":[3],"potions_floor_spawned":[2,4,6,22,28,29],"seed_played":"-6536081369235908647","killed_by":"Collector","ascension_level":13,"potions_obtained":[{"floor":2,"key":"BloodPotion"},{"floor":4,"key":"SpeedPotion"},{"floor":6,"key":"GamblersBrew"}],"is_trial":false}