{"gold_per_floor":[116,61,77,93,93,127,127,127,152,181,181,212,35,53,53,127,127,98,23,35,35,55,55,83,83,83,83,83,95,130,140,140,215,215,230,330,341,341,34,67,79,79,79,109,109,136,136,153,153,153,153,153,153,4,33,33],"floor_reached":57,"playtime":2545,"items_purged":["Strike_R"],"score":2992,"play_id":"f2c95b6e-471c-4a0f-8b71-32a889b07570","local_time":"20190802183953","is_ascension_mode":true,"campfire_choices":[{"data":"Hemokinesis","floor":8.0,"key":"SMITH"},{"data":"Demon Form","floor":11.0,"key":"SMITH"},{"data":"Disarm","floor":15.0,"key":"SMITH"},{"floor":23,"key":"REST"},{"floor":25,"key":"REST"},{"floor":27,"key":"RECALL"},{"floor":32,"key":"REST"},{"floor":47,"key":"REST"},{"floor":49,"key":"REST"},{"floor":53,"key":"REST"}],"neow_cost":"NONE","seed_source_timestamp":1477068131193432,"circlet_count":0,"master_deck":["AscendersBane","Strike_R+1","Strike_R+1","Defend_R","Defend_R","Defend_R","Defend_R","Disarm+1","Battle Trance","Demon Form+1","Clothesline","Immolate","Disarm","Feed","Pummel","Impervious","Iron Wave","Feel No Pain","Flame Barrier","Impervious","Sword Boomerang","Limit Break","Offering","Sword Boomerang+1","Flash of Steel","Body Slam+1","Feel No Pain","Shrug It Off"],"special_seed":0,"relics":["Burning Blood","Art of War","Whetstone","Pen Nib","Bottled Tornado","Fusion Hammer","Incense Burner","Sundial","FossilizedHelix","Runic Pyramid","Bird Faced Urn","Membership Card","Strawberry","Ornamental Fan","Kunai","Pantograph","Anchor","Blue Candle"],"potions_floor_usage":[16,56,56],"damage_taken":[{"damage":1.0,"enemies":"Cultist","floor":1.0,"turns":3.0},{"damage":8.0,"enemies":"Small Slimes","floor":3.0,"turns":5.0},{"damage":3.0,"enemies":"2 Louse","floor":4.0,"turns":3.0},{"damage":35.0,"enemies":"Gremlin Nob","floor":6.0,"turns":4.0},{"damage":11.0,"enemies":"Lagavulin","floor":10.0,"turns":6.0},{"damage":10.0,"enemies":"Gremlin Nob","floor":12.0,"turns":3.0},{"damage":16.0,"enemies":"Blue Slaver","floor":14.0,"turns":4.0},{"damage":12,"enemies":"The Guardian","floor":16,"turns":9},{"damage":18,"enemies":"2 Thieves","floor":18,"turns":4},{"damage":18,"enemies":"Shell Parasite","floor":20,"turns":2},{"damage":13,"enemies":"Chosen and Byrds","floor":22,"turns":5},{"damage":20,"enemies":"Gremlin Leader","floor":24,"turns":7},{"damage":15,"enemies":"Snake Plant","floor":29,"turns":5},{"damage":2,"enemies":"Book of Stabbing","floor":30,"turns":5},{"damage":0,"enemies":"Cultist and Chosen","floor":31,"turns":8},{"damage":8,"enemies":"Champ","floor":33,"turns":9},{"damage":16,"enemies":"3 Darklings","floor":35,"turns":5},{"damage":0,"enemies":"Mind Bloom Boss Battle","floor":36,"turns":7},{"damage":0,"enemies":"Orb Walker","floor":37,"turns":4},{"damage":0,"enemies":"Giant Head","floor":40,"turns":7},{"damage":6,"enemies":"Maw","floor":41,"turns":7},{"damage":0,"enemies":"Nemesis","floor":44,"turns":7},{"damage":6,"enemies":"Giant Head","floor":46,"turns":7},{"damage":0,"enemies":"Transient","floor":48,"turns":6},{"damage":21,"enemies":"Awakened One","floor":50,"turns":8},{"damage":26,"enemies":"Donu and Deca","floor":51,"turns":8},{"damage":53,"enemies":"Shield and Spear","floor":55,"turns":7},{"damage":69,"enemies":"The Heart","floor":56,"turns":10}],"seed_played":"-1944627240532136447","potions_obtained":[{"floor":4.0,"key":"LiquidBronze"},{"floor":14.0,"key":"AttackPotion"},{"floor":22,"key":"Ancient Potion"},{"floor":24,"key":"SteroidPotion"}],"is_trial":false,"path_per_floor":["M","$","M","M","?","E","?","R","T","E","R","E","$","M","R","B",null,"M","$","M","?","M","R","E","R","T","R","?","M","E","M","R","B",null,"M","?","M","?","$","E","M","?","T","E","T","E","R","M","R","B","B",null,"R","$","E","B",null],"character_chosen":"IRONCLAD","items_purchased":["Explosive Potion","Immolate","Membership Card","Limit Break","Anchor","Feel No Pain","Shrug It Off"],"campfire_rested":6,"item_purchase_floors":[2,13,39,39,54,54,54],"current_hp_per_floor":[73,73,71,74,74,45,45,45,45,40,40,36,36,26,26,20,61,49,49,40,40,36,60,49,74,74,74,74,65,69,78,87,88,90,83,92,99,99,99,109,112,102,102,115,115,118,118,118,118,108,106,120,124,124,84,52],"gold":33,"neow_bonus":"UPGRADE_CARD","is_prod":false,"is_daily":false,"chose_seed":false,"campfire_upgraded":3,"win_rate":0,"timestamp":1564767593,"path_taken":["M","$","M","M","?","E","?","R","T","E","R","E","$","M","R","BOSS","M","$","?","?","M","R","E","R","T","R","?","M","E","M","R","BOSS","M","?","M","?","$","E","M","?","T","E","?","E","R","M","R","BOSS","BOSS","R","$","E","BOSS"],"build_version":"2019-07-18","purchased_purges":1,"victory":true,"max_hp_per_floor":[75,75,75,75,75,75,75,75,75,75,75,75,75,75,75,75,75,75,75,78,78,81,81,84,84,84,84,84,84,84,87,87,90,90,93,96,99,99,99,109,112,112,112,115,115,118,118,118,118,121,124,124,124,124,127,127],"card_choices":[{"not_picked":["Thunderclap","Dual Wield"],"picked":"Disarm","floor":1.0},{"not_picked":["Shrug It Off","Bloodletting"],"picked":"Hemokinesis","floor":3.0},{"not_picked":["Clothesline","Fire Breathing"],"picked":"Battle Trance","floor":4.0},{"not_picked":["Fire Breathing","Warcry"],"picked":"Demon Form","floor":6.0},{"not_picked":["Headbutt","True Grit","Havoc"],"picked":"SKIP","floor":10.0},{"not_picked":["Perfected Strike","Wild Strike"],"picked":"Clothesline","floor":12.0},{"not_picked":["Twin Strike","Evolve"],"picked":"Disarm","floor":14.0},{"not_picked":["Double Tap","Brutality"],"picked":"Feed","floor":16},{"not_picked":["Iron Wave","Clash","True Grit"],"picked":"SKIP","floor":18},{"not_picked":["Power Through","Sentinel","Headbutt"],"picked":"SKIP","floor":20},{"not_picked":["Headbutt","Searing Blow"],"picked":"Pummel","floor":22},{"not_picked":["Cleave+1","Berserk"],"picked":"Impervious","floor":24},{"not_picked":["Havoc","Headbutt","Cleave"],"picked":"SKIP","floor":29},{"not_picked":["Body Slam","Bloodletting"],"picked":"Flame Barrier","floor":30},{"not_picked":["Infernal Blade","Wild Strike","Entrench+1"],"picked":"SKIP","floor":31},{"not_picked":["Double Tap","Dark Embrace"],"picked":"Impervious","floor":33},{"not_picked":["Second Wind","Uppercut"],"picked":"Sword Boomerang","floor":35},{"not_picked":["Pommel Strike","Clothesline","Cleave+1"],"picked":"SKIP","floor":37},{"not_picked":["Havoc+1","Clash"],"picked":"Offering","floor":40},{"not_picked":["Iron Wave+1","Power Through+1"],"picked":"Sword Boomerang+1","floor":41},{"not_picked":["The Bomb","Enlightenment"],"picked":"Flash of Steel","floor":42},{"not_picked":["Headbutt","Cleave+1","Metallicize"],"picked":"SKIP","floor":44},{"not_picked":["Dual Wield","Sever Soul","Hemokinesis"],"picked":"SKIP","floor":46},{"not_picked":["Havoc","Flex+1"],"picked":"Body Slam+1","floor":48},{"not_picked":["Heavy Blade","Searing Blow","Sentinel+1"],"picked":"SKIP","floor":55}],"player_experience":2272676,"relics_obtained":[{"floor":6.0,"key":"Art of War"},{"floor":9.0,"key":"Whetstone"},{"floor":10.0,"key":"Pen Nib"},{"floor":12.0,"key":"Bottled Tornado"},{"floor":24,"key":"Incense Burner"},{"floor":26,"key":"Sundial"},{"floor":30,"key":"FossilizedHelix"},{"floor":36,"key":"Bird Faced Urn"},{"floor":40,"key":"Strawberry"},{"floor":44,"key":"Ornamental Fan"},{"floor":45,"key":"Kunai"},{"floor":46,"key":"Pantograph"},{"floor":55,"key":"Blue Candle"}],"event_choices":[{"damage_healed":0.0,"max_hp_gain":0.0,"max_hp_loss":0.0,"gold_gain":0.0,"event_name":"Liars Game","player_choice":"Ignored","floor":5.0,"gold_loss":0.0,"damage_taken":0.0},{"cards_removed":["Strike_R"],"damage_healed":0.0,"max_hp_gain":0.0,"max_hp_loss":0.0,"gold_gain":0.0,"event_name":"Bonfire Elementals","player_choice":"Offered Basic","floor":7.0,"gold_loss":0.0,"damage_taken":0.0},{"damage_healed":0,"gold_gain":0,"player_choice":"Ignored","damage_taken":0,"max_hp_gain":0,"max_hp_loss":0,"event_name":"Vampires","floor":21,"gold_loss":0},{"damage_healed":0,"gold_gain":0,"cards_transformed":["Strike_R","Hemokinesis"],"player_choice":"Became Test Subject","damage_taken":0,"max_hp_gain":0,"max_hp_loss":0,"event_name":"Drug Dealer","floor":28,"gold_loss":0,"cards_obtained":["Iron Wave","Feel No Pain"]},{"damage_healed":0,"gold_gain":0,"player_choice":"Fight","damage_taken":0,"max_hp_gain":0,"max_hp_loss":0,"event_name":"MindBloom","floor":36,"gold_loss":0},{"cards_removed":["Bash"],"damage_healed":0,"gold_gain":0,"player_choice":"Removed Attack","damage_taken":0,"max_hp_gain":0,"max_hp_loss":0,"event_name":"Falling","floor":38,"gold_loss":0},{"damage_healed":0,"gold_gain":0,"player_choice":"Memory 3","damage_taken":10,"max_hp_gain":0,"max_hp_loss":0,"event_name":"SensoryStone","floor":42,"gold_loss":0}],"is_beta":true,"boss_relics":[{"not_picked":["Black Blood","Runic Cube"],"picked":"Fusion Hammer"},{"not_picked":["Busted Crown","Velvet Choker"],"picked":"Runic Pyramid"}],"items_purged_floors":[19],"is_endless":false,"potions_floor_spawned":[4,6,10,14,22,24,29,33,37,40,46,48],"ascension_level":20}