{"path_per_floor":["M","M","?","$","M","R","E","R","T","?","?","E","M","T","R","B",null,"M","$","?","M","?","R"],"character_chosen":"IRONCLAD","items_purchased":["Metallicize","Shrug It Off","Rampage","Power Through","Feel No Pain"],"gold_per_floor":[218,232,232,57,72,72,106,106,106,56,131,159,171,171,171,245,245,260,30,30,50,100,100,100],"floor_reached":24,"campfire_rested":0,"playtime":1124,"item_purchase_floors":[4,4,4,19,19],"current_hp_per_floor":[59,65,58,58,64,64,57,57,57,57,46,28,46,46,46,38,66,60,60,60,59,59,59,0],"items_purged":["Strike_R"],"gold":100,"score":343,"play_id":"5f408b77-691b-46b3-953e-a8344f70436b","local_time":"20180528160552","is_prod":false,"is_daily":false,"chose_seed":false,"is_ascension_mode":true,"campfire_upgraded":4,"win_rate":0,"timestamp":1527519952,"campfire_choices":[{"data":"Uppercut","floor":6,"key":"SMITH"},{"data":"Rampage","floor":8,"key":"SMITH"},{"data":"Metallicize","floor":15,"key":"SMITH"},{"data":"Barricade","floor":23,"key":"SMITH"}],"path_taken":["M","M","?","$","M","R","E","R","T","?","?","E","?","?","R","BOSS","M","$","?","M","?","R","M"],"build_version":"2018-05-27","seed_source_timestamp":69861593897813,"purchased_purges":1,"victory":false,"master_deck":["Strike_R","Strike_R","Defend_R","Defend_R","Defend_R","Defend_R","Bash","AscendersBane","Uppercut+1","Shrug It Off","Metallicize+1","Shrug It Off","Rampage+1","Intimidate","Burning Pact","Carnage","Seeing Red","Barricade+1","Power Through","Feel No Pain","Corruption"],"max_hp_per_floor":[75,75,75,75,75,75,75,75,75,75,75,75,75,75,75,75,75,75,75,75,75,75,75,75],"relics":["Burning Blood","Bottled Flame","Bottled Tornado","Meat on the Bone","Bottled Lightning","Mark of Pain","Kunai"],"card_choices":[{"not_picked":["Thunderclap","Pommel Strike"],"picked":"Uppercut","floor":1},{"not_picked":["Body Slam","Evolve"],"picked":"Shrug It Off","floor":2},{"not_picked":["Sword Boomerang","Pommel Strike"],"picked":"Intimidate","floor":5},{"not_picked":["Rage","Perfected Strike"],"picked":"Burning Pact","floor":7},{"not_picked":["Sever Soul","Reckless Charge"],"picked":"Carnage","floor":12},{"not_picked":["Pommel Strike","Sword Boomerang"],"picked":"Seeing Red","floor":13},{"not_picked":["Double Tap","Feed"],"picked":"Barricade","floor":16},{"not_picked":["Clothesline","Flex","Pommel Strike"],"picked":"SKIP","floor":18},{"not_picked":["Burning Pact","Body Slam"],"picked":"Corruption","floor":21}],"player_experience":640107,"potions_floor_usage":[7,16,18,24],"damage_taken":[{"damage":15,"enemies":"Small Slimes","floor":1,"turns":5},{"damage":0,"enemies":"2 Louse","floor":2,"turns":3},{"damage":0,"enemies":"Jaw Worm","floor":5,"turns":4},{"damage":13,"enemies":"Lagavulin","floor":7,"turns":8},{"damage":24,"enemies":"Gremlin Nob","floor":12,"turns":5},{"damage":0,"enemies":"2 Fungi Beasts","floor":13,"turns":4},{"damage":26,"enemies":"Slime Boss","floor":16,"turns":10},{"damage":12,"enemies":"Shell Parasite","floor":18,"turns":10},{"damage":7,"enemies":"Chosen","floor":21,"turns":11},{"damage":65,"enemies":"3 Cultists","floor":24,"turns":8}],"relics_obtained":[{"floor":7,"key":"Bottled Flame"},{"floor":9,"key":"Bottled Tornado"},{"floor":12,"key":"Meat on the Bone"},{"floor":14,"key":"Bottled Lightning"}],"event_choices":[{"event_name":"Golden Wing","player_choice":"Card Removal","floor":3,"damage_taken":0},{"event_name":"The Cleric","player_choice":"Card Removal","floor":10,"damage_taken":0},{"event_name":"World of Goop","player_choice":"Gather Gold","floor":11,"damage_taken":0},{"event_name":"The Mausoleum","player_choice":"Yes","floor":20,"damage_taken":0},{"event_name":"The Joust","player_choice":"Bet on Murderer","floor":22,"damage_taken":0}],"boss_relics":[{"not_picked":["Astrolabe","Sozu"],"picked":"Mark of Pain"}],"items_purged_floors":[19],"potions_floor_spawned":[1,13,16,18],"seed_played":"-5838524349979786309","killed_by":"3 Cultists","ascension_level":14,"potions_obtained":[{"floor":1,"key":"Poison Potion"},{"floor":13,"key":"Poison Potion"},{"floor":16,"key":"Weak Potion"},{"floor":18,"key":"FearPotion"}],"is_trial":false}