{"gold_per_floor":[212,228,5,15,15,44,44,72,72,72,103,103,135,153,153,230,230,249,261,274,142,92,92,120,120,120,153,170,170,188,188,188,260,260,273,273,273,289,303,303],"floor_reached":40,"playtime":2207,"items_purged":["Strike_R"],"score":933,"play_id":"d29ee842-ddf5-4163-9ae7-086a6b36f77b","local_time":"20190520195221","is_ascension_mode":true,"campfire_choices":[{"data":"Bash","floor":7.0,"key":"SMITH"},{"data":"Combust","floor":10.0,"key":"SMITH"},{"data":"True Grit","floor":12.0,"key":"SMITH"},{"floor":15.0,"key":"REST"},{"data":"Armaments","floor":23.0,"key":"SMITH"},{"data":"Inflame","floor":25.0,"key":"SMITH"},{"floor":29.0,"key":"REST"},{"floor":32.0,"key":"REST"}],"neow_cost":"NONE","seed_source_timestamp":0,"circlet_count":0,"master_deck":["AscendersBane","Strike_R","Strike_R","Strike_R","Strike_R","Defend_R","Defend_R","Defend_R","Defend_R","Bash+1","Combust+1","Armaments+1","Evolve","Disarm+1","Feed","True Grit+1","Offering+1","Flame Barrier","Impervious","Pommel Strike","Inflame+1","Demon Form","Sword Boomerang","Exhume","Shrug It Off"],"special_seed":0,"relics":["Burning Blood","Bronze Scales","Boot","Paper Frog","Blood Vial","Omamori","Oddly Smooth Stone","Velvet Choker","War Paint","Meat on the Bone","Dodecahedron","Enchiridion","White Beast Statue","Pantograph"],"potions_floor_usage":[33,39,40,40],"damage_taken":[{"damage":5.0,"enemies":"2 Louse","floor":1.0,"turns":4.0},{"damage":16.0,"enemies":"Small Slimes","floor":2.0,"turns":4.0},{"damage":1.0,"enemies":"Cultist","floor":4.0,"turns":3.0},{"damage":15.0,"enemies":"3 Sentries","floor":6.0,"turns":6.0},{"damage":11.0,"enemies":"Gremlin Nob","floor":8.0,"turns":3.0},{"damage":26.0,"enemies":"Lagavulin","floor":11.0,"turns":6.0},{"damage":30.0,"enemies":"Gremlin Nob","floor":13.0,"turns":4.0},{"damage":8.0,"enemies":"Exordium Wildlife","floor":14.0,"turns":3.0},{"damage":37.0,"enemies":"Slime Boss","floor":16.0,"turns":8.0},{"damage":0.0,"enemies":"3 Byrds","floor":18.0,"turns":3.0},{"damage":18.0,"enemies":"Shell Parasite","floor":19.0,"turns":6.0},{"damage":25.0,"enemies":"Centurion and Healer","floor":20.0,"turns":9.0},{"damage":36.0,"enemies":"Slavers","floor":24.0,"turns":5.0},{"damage":26.0,"enemies":"Book of Stabbing","floor":27.0,"turns":5.0},{"damage":24.0,"enemies":"3 Cultists","floor":28.0,"turns":5.0},{"damage":10.0,"enemies":"Cultist and Chosen","floor":30.0,"turns":5.0},{"damage":61,"enemies":"Automaton","floor":33,"turns":10},{"damage":29,"enemies":"Orb Walker","floor":35,"turns":5},{"damage":6,"enemies":"3 Shapes","floor":38,"turns":8},{"damage":35,"enemies":"Jaw Worm Horde","floor":39,"turns":8},{"damage":111,"enemies":"Giant Head","floor":40,"turns":8}],"seed_played":"-6608299777991041510","potions_obtained":[{"floor":1.0,"key":"Ancient Potion"},{"floor":2.0,"key":"EssenceOfSteel"},{"floor":4.0,"key":"Poison Potion"},{"floor":13.0,"key":"PowerPotion"},{"floor":16.0,"key":"BloodPotion"},{"floor":18.0,"key":"SkillPotion"},{"floor":24.0,"key":"Energy Potion"},{"floor":28.0,"key":"GamblersBrew"},{"floor":35,"key":"Weak Potion"},{"floor":38,"key":"Dexterity Potion"},{"floor":39,"key":"PowerPotion"}],"is_trial":false,"path_per_floor":["M","M","$","M","?","E","R","E","T","R","E","R","E","M","R","B",null,"M","M","M","$","?","R","E","R","T","E","M","R","M","?","R","B",null,"M","?","T","M","M","E"],"character_chosen":"IRONCLAD","items_purchased":["Bronze Scales","Anger","PowerPotion"],"campfire_rested":3,"item_purchase_floors":[3,3,21],"current_hp_per_floor":[69,59,59,64,64,55,55,50,50,50,32,32,10,13,36,7,60,71,69,56,56,56,56,32,32,32,26,22,48,62,41,68,27,77,56,56,56,64,55,0],"gold":303,"neow_bonus":"HUNDRED_GOLD","is_prod":false,"is_daily":false,"chose_seed":false,"campfire_upgraded":5,"win_rate":0,"timestamp":1558378341,"path_taken":["M","M","$","M","?","E","R","E","T","R","E","R","E","M","R","BOSS","M","M","M","$","?","R","E","R","T","E","?","R","M","?","R","BOSS","M","?","?","M","M","E"],"build_version":"2019-05-07","purchased_purges":1,"victory":false,"max_hp_per_floor":[75,75,75,75,75,75,75,75,75,75,75,75,75,78,78,78,78,81,81,85,85,85,85,89,89,89,89,89,89,93,93,93,93,93,93,93,93,99,105,105],"card_choices":[{"not_picked":["Headbutt","Perfected Strike"],"picked":"Combust","floor":1.0},{"not_picked":["Fire Breathing","Wild Strike"],"picked":"Armaments","floor":2.0},{"not_picked":["Heavy Blade","Warcry"],"picked":"Evolve","floor":4.0},{"not_picked":["Uppercut","Iron Wave"],"picked":"Disarm","floor":6.0},{"not_picked":["Warcry","Spot Weakness"],"picked":"Feed","floor":8.0},{"not_picked":["Cleave","Metallicize"],"picked":"True Grit","floor":11.0},{"not_picked":["Havoc","Pommel Strike"],"picked":"Offering","floor":13.0},{"not_picked":["Flex","Seeing Red"],"picked":"Flame Barrier","floor":14.0},{"not_picked":["Barricade","Double Tap"],"picked":"Impervious","floor":16.0},{"not_picked":["Warcry","Armaments"],"picked":"Pommel Strike","floor":18.0},{"not_picked":["Clothesline","Uppercut"],"picked":"Inflame","floor":19.0},{"not_picked":["Twin Strike+1","Iron Wave","Heavy Blade"],"picked":"SKIP","floor":20.0},{"not_picked":["Dark Embrace","Armaments+1"],"picked":"Demon Form","floor":24.0},{"not_picked":["Ghostly Armor+1","Cleave","Bloodletting"],"picked":"SKIP","floor":27.0},{"not_picked":["Perfected Strike","Body Slam","Thunderclap"],"picked":"SKIP","floor":28.0},{"not_picked":["Havoc","Rupture"],"picked":"Sword Boomerang","floor":30.0},{"not_picked":["Demon Form","Bludgeon"],"picked":"Exhume","floor":33},{"not_picked":["Warcry","Iron Wave","Thunderclap+1"],"picked":"SKIP","floor":35},{"not_picked":["Sever Soul","Fire Breathing","Body Slam"],"picked":"SKIP","floor":38},{"not_picked":["Infernal Blade","Pommel Strike"],"picked":"Shrug It Off","floor":39}],"player_experience":2060244,"relics_obtained":[{"floor":6.0,"key":"Boot"},{"floor":8.0,"key":"Paper Frog"},{"floor":9.0,"key":"Blood Vial"},{"floor":11.0,"key":"Omamori"},{"floor":13.0,"key":"Oddly Smooth Stone"},{"floor":24.0,"key":"War Paint"},{"floor":26.0,"key":"Meat on the Bone"},{"floor":27.0,"key":"Dodecahedron"},{"floor":31.0,"key":"Enchiridion"},{"floor":37,"key":"Pantograph"}],"event_choices":[{"damage_healed":0.0,"max_hp_gain":0.0,"max_hp_loss":0.0,"gold_gain":0.0,"event_name":"The Cleric","player_choice":"Leave","floor":5.0,"gold_loss":0.0,"damage_taken":0.0},{"damage_healed":0.0,"max_hp_gain":0.0,"max_hp_loss":0.0,"gold_gain":0.0,"event_name":"The Joust","player_choice":"Bet on Murderer","floor":22.0,"gold_loss":50.0,"damage_taken":0.0},{"damage_healed":0.0,"max_hp_gain":0.0,"max_hp_loss":0.0,"gold_gain":0.0,"event_name":"Cursed Tome","player_choice":"Obtained Book","floor":31.0,"gold_loss":0.0,"damage_taken":21.0},{"cards_removed":["Anger"],"damage_healed":0,"gold_gain":0,"player_choice":"Removed Attack","damage_taken":0,"max_hp_gain":0,"max_hp_loss":0,"event_name":"Falling","floor":36,"gold_loss":0}],"is_beta":true,"boss_relics":[{"not_picked":["Pandora\u0027s Box","Eternal Feather"],"picked":"Velvet Choker"},{"not_picked":["Cursed Key","Calling Bell"],"picked":"White Beast Statue"}],"items_purged_floors":[21],"is_endless":false,"potions_floor_spawned":[1,2,4,13,16,18,24,28,35,38,39],"killed_by":"Giant Head","ascension_level":20}