{"gold_per_floor":[116,116,128,128,30,45,63,63,63,89,89,89,114,134,134,235,285,305,329,329,69,69,69,83,83,131,149,168,168,168,179,179,283,283,300,84,84,102,102,102,116,130,130,159,159,192,192,0,0,0],"floor_reached":51,"playtime":3985,"items_purged":["Strike_B","Strike_B","Defend_B"],"score":824,"play_id":"6a4c98e7-61d8-4c92-b1f8-f5129f97e76e","local_time":"20190822043654","is_ascension_mode":true,"campfire_choices":[{"data":"Hologram","floor":11,"key":"SMITH"},{"data":"Scrape","floor":15,"key":"SMITH"},{"data":"J.A.X.","floor":23,"key":"SMITH"},{"data":"Go for the Eyes","floor":25,"key":"SMITH"},{"data":"Seek","floor":32,"key":"SMITH"},{"data":"Secret Weapon","floor":40,"key":"SMITH"},{"floor":45,"key":"REST"},{"data":"Fusion","floor":49,"key":"SMITH"}],"neow_cost":"NONE","seed_source_timestamp":11653671888876,"circlet_count":0,"master_deck":["Zap","Dualcast","FTL","Conserve Battery","Ball Lightning","Scrape+1","Hologram+1","Turbo","Core Surge","Darkness+1","Multi-Cast","Go for the Eyes+1","BootSequence","J.A.X.+1","Reboot","Reinforced Body+1","Gash","Seek+1","Fusion+1","All For One","Finesse","Secret Weapon+1","Trip","Dark Shackles","Gash+1"],"relics":["Cracked Core","FaceOfCleric","Omamori","Gremlin Horn","Pen Nib","Tiny House","Lantern","Centennial Puzzle","Empty Cage","WarpedTongs","Pocketwatch","Sundial","Happy Flower","Red Mask"],"potions_floor_usage":[10,10,16,24,27,33,33,35,42,44,50],"damage_taken":[{"damage":6,"enemies":"Jaw Worm","floor":1,"turns":3},{"damage":1,"enemies":"Cultist","floor":3,"turns":3},{"damage":0,"enemies":"2 Louse","floor":6,"turns":2},{"damage":0,"enemies":"Large Slime","floor":7,"turns":3},{"damage":13,"enemies":"Gremlin Nob","floor":10,"turns":3},{"damage":26,"enemies":"3 Sentries","floor":13,"turns":5},{"damage":0,"enemies":"2 Fungi Beasts","floor":14,"turns":2},{"damage":17,"enemies":"Slime Boss","floor":16,"turns":6},{"damage":0,"enemies":"Chosen","floor":18,"turns":3},{"damage":3,"enemies":"2 Thieves","floor":24,"turns":2},{"damage":0,"enemies":"Snake Plant","floor":27,"turns":5},{"damage":11,"enemies":"Centurion and Healer","floor":28,"turns":5},{"damage":3,"enemies":"3 Cultists","floor":31,"turns":4},{"damage":42,"enemies":"Automaton","floor":33,"turns":8},{"damage":8,"enemies":"3 Shapes","floor":35,"turns":2},{"damage":18,"enemies":"3 Darklings","floor":38,"turns":3},{"damage":3,"enemies":"Jaw Worm Horde","floor":41,"turns":2},{"damage":3,"enemies":"Transient","floor":42,"turns":5},{"damage":9,"enemies":"Nemesis","floor":44,"turns":3},{"damage":43,"enemies":"Giant Head","floor":46,"turns":7},{"damage":83,"enemies":"Awakened One","floor":50,"turns":8}],"seed_played":"-5195171542600707002","potions_obtained":[{"floor":6,"key":"Weak Potion"},{"floor":7,"key":"Ancient Potion"},{"floor":8,"key":"FocusPotion"},{"floor":13,"key":"Poison Potion"},{"floor":16,"key":"AttackPotion"},{"floor":17,"key":"FairyPotion"},{"floor":27,"key":"GamblersBrew"},{"floor":28,"key":"Strength Potion"},{"floor":33,"key":"Fire Potion"},{"floor":38,"key":"FocusPotion"},{"floor":41,"key":"Weak Potion"},{"floor":44,"key":"Explosive Potion"}],"is_trial":false,"path_per_floor":["M","?","M","?","$","M","M","?","T","E","R","$","E","M","R","B",null,"M","T","?","$","?","R","M","R","T","M","M","?","?","M","R","B",null,"M","$","?","M","?","R","M","M","T","E","R","E","?","?","R","B",null],"character_chosen":"DEFECT","items_purchased":["Hologram","Reboot","Finesse"],"campfire_rested":1,"item_purchase_floors":[5,21,36],"current_hp_per_floor":[69,69,69,69,69,70,71,71,71,59,59,59,34,35,35,19,87,88,88,88,88,71,71,69,69,69,70,60,60,60,58,58,17,98,91,91,81,64,64,64,62,60,60,52,82,40,104,104,104,22],"gold":0,"neow_bonus":"TRANSFORM_CARD","is_prod":false,"is_daily":false,"chose_seed":false,"campfire_upgraded":7,"win_rate":0,"timestamp":1566473814,"path_taken":["M","?","?","?","$","M","M","?","T","E","R","$","E","M","R","BOSS","M","?","?","$","?","R","M","R","T","M","M","?","?","?","R","BOSS","M","$","?","M","?","R","?","M","T","E","R","E","?","?","R","BOSS"],"build_version":"2019-07-17","purchased_purges":3,"victory":true,"max_hp_per_floor":[75,75,76,76,76,77,78,78,78,79,79,79,80,81,81,82,87,88,88,88,88,93,93,94,94,94,95,96,96,96,97,97,98,98,99,99,99,100,100,100,101,102,102,103,103,104,104,104,104,105],"card_choices":[{"not_picked":["Beam Cell","Turbo"],"picked":"Conserve Battery","floor":1},{"not_picked":["Stack","Leap"],"picked":"Ball Lightning","floor":3},{"not_picked":["Scrape","Lockon","Beam Cell"],"picked":"SKIP","floor":6},{"not_picked":["Conserve Battery","FTL"],"picked":"Turbo","floor":7},{"not_picked":["Turbo","Leap"],"picked":"Core Surge","floor":10},{"not_picked":["Loop","Cold Snap","Go for the Eyes"],"picked":"SKIP","floor":13},{"not_picked":["Self Repair","Go for the Eyes"],"picked":"Darkness","floor":14},{"not_picked":["Fission","Core Surge"],"picked":"Multi-Cast","floor":16},{"not_picked":["Steam Power","Turbo"],"picked":"Go for the Eyes","floor":17},{"not_picked":["Beam Cell","Sweeping Beam"],"picked":"BootSequence","floor":18},{"not_picked":["White Noise","Steam"],"picked":"Reinforced Body+1","floor":24},{"not_picked":["Conserve Battery","Cold Snap","Rebound"],"picked":"SKIP","floor":27},{"not_picked":["Rebound+1","Auto Shields"],"picked":"Gash","floor":28},{"not_picked":["Stack","Seek"],"picked":"Fusion","floor":31},{"not_picked":["Reboot","Multi-Cast"],"picked":"All For One","floor":33},{"not_picked":["Coolheaded","Steam+1","Scrape"],"picked":"SKIP","floor":35},{"not_picked":["Bandage Up","Blind"],"picked":"Secret Weapon","floor":37},{"not_picked":["Mayhem","Good Instincts"],"picked":"Trip","floor":37},{"not_picked":["Swift Strike","Purity"],"picked":"Dark Shackles","floor":37},{"not_picked":["Redo+1","Fusion","Rip and Tear+1"],"picked":"SKIP","floor":38},{"not_picked":["Streamline+1","Steam+1","Redo"],"picked":"SKIP","floor":41},{"not_picked":["Coolheaded","Consume+1","Undo+1"],"picked":"SKIP","floor":42},{"not_picked":["BootSequence","Rip and Tear"],"picked":"Gash+1","floor":44},{"not_picked":["Ball Lightning+1","Electrodynamics","Auto Shields"],"picked":"SKIP","floor":46}],"player_experience":185499,"relics_obtained":[{"floor":9,"key":"Omamori"},{"floor":10,"key":"Gremlin Horn"},{"floor":13,"key":"Pen Nib"},{"floor":19,"key":"Lantern"},{"floor":26,"key":"Centennial Puzzle"},{"floor":43,"key":"Pocketwatch"},{"floor":44,"key":"Sundial"},{"floor":46,"key":"Happy Flower"}],"event_choices":[{"damage_healed":0,"gold_gain":0,"player_choice":"Trade","damage_taken":0,"relics_obtained":["FaceOfCleric"],"max_hp_gain":0,"max_hp_loss":0,"event_name":"FaceTrader","floor":2,"gold_loss":0},{"damage_healed":0,"gold_gain":0,"cards_transformed":["Defend_B"],"player_choice":"Change","damage_taken":0,"max_hp_gain":0,"max_hp_loss":0,"event_name":"Living Wall","floor":4,"gold_loss":0,"cards_obtained":["Scrape"]},{"damage_healed":0,"gold_gain":0,"player_choice":"Got Potions","damage_taken":0,"max_hp_gain":0,"max_hp_loss":0,"event_name":"Lab","floor":8,"gold_loss":0},{"damage_healed":0,"gold_gain":0,"player_choice":"Obtain J.A.X.","damage_taken":0,"max_hp_gain":0,"max_hp_loss":0,"event_name":"Drug Dealer","floor":20,"gold_loss":0,"cards_obtained":["J.A.X."]},{"damage_healed":0,"gold_gain":0,"player_choice":"Shed Blood","damage_taken":22,"max_hp_gain":5,"max_hp_loss":0,"event_name":"Forgotten Altar","floor":22,"gold_loss":0},{"damage_healed":0,"gold_gain":0,"player_choice":"Ignored","damage_taken":0,"max_hp_gain":0,"max_hp_loss":0,"event_name":"Vampires","floor":29,"gold_loss":0},{"damage_healed":0,"gold_gain":0,"cards_transformed":["Defend_B"],"player_choice":"Transformed","damage_taken":0,"max_hp_gain":0,"max_hp_loss":0,"event_name":"Transmorgrifier","floor":30,"gold_loss":0,"cards_obtained":["Seek"]},{"damage_healed":0,"gold_gain":0,"player_choice":"Memory 3","damage_taken":10,"max_hp_gain":0,"max_hp_loss":0,"event_name":"SensoryStone","floor":37,"gold_loss":0},{"damage_healed":0,"gold_gain":0,"player_choice":"Rummage","damage_taken":0,"relics_obtained":["WarpedTongs"],"max_hp_gain":0,"max_hp_loss":0,"event_name":"Accursed Blacksmith","floor":39,"gold_loss":0,"cards_obtained":["Pain"]},{"damage_healed":64,"gold_gain":0,"player_choice":"Heal","damage_taken":0,"max_hp_gain":0,"max_hp_loss":0,"event_name":"MindBloom","floor":47,"gold_loss":0,"cards_obtained":["Doubt"]},{"damage_healed":0,"gold_gain":0,"player_choice":"Paid","damage_taken":0,"relics_obtained":["Red Mask"],"max_hp_gain":0,"max_hp_loss":0,"event_name":"Tomb of Lord Red Mask","floor":48,"gold_loss":192}],"is_beta":false,"boss_relics":[{"not_picked":["Eternal Feather","Runic Dome"],"picked":"Tiny House"},{"not_picked":["Runic Pyramid","Inserter"],"picked":"Empty Cage"}],"items_purged_floors":[5,21,36],"is_endless":false,"potions_floor_spawned":[6,7,13,16,27,28,33,38,41,44],"ascension_level":1}