{"gold_per_floor":[360,23,35,35,46,46,57,57,57,87,87,87,154,17,17,94,94,109,109,129,129,29,29,49,65,65,81,61,78,94,114,114,190,190,206,206,23,23,42,42,53,63,63,63,93,93,93,109,109,109,109],"floor_reached":52,"playtime":4015,"items_purged":["Strike_R","Strike_R","Strike_R"],"score":1743,"play_id":"7da71e90-b165-4451-a5b7-689e2ee07716","local_time":"20180911005412","is_ascension_mode":true,"campfire_choices":[{"data":"Bash","floor":6,"key":"SMITH"},{"data":"Spot Weakness","floor":8,"key":"SMITH"},{"data":"Iron Wave","floor":11,"key":"SMITH"},{"floor":15,"key":"REST"},{"data":"True Grit","floor":23,"key":"SMITH"},{"data":"Heavy Blade","floor":32,"key":"SMITH"},{"data":"Body Slam","floor":40,"key":"SMITH"},{"data":"Demon Form","floor":44,"key":"SMITH"},{"data":"1","floor":47,"key":"LIFT"},{"data":"2","floor":49,"key":"LIFT"}],"neow_cost":"PERCENT_DAMAGE","seed_source_timestamp":2079474818842104,"circlet_count":0,"master_deck":["Defend_R","Defend_R","Defend_R","Defend_R","Bash+1","AscendersBane","Spot Weakness+1","Shrug It Off","Reaper","Iron Wave+1","Shrug It Off","Feed","True Grit+1","Iron Wave+1","Anger","Necronomicurse","Shrug It Off","Pommel Strike","True Grit+1","Heavy Blade+1","Demon Form+1","Iron Wave","Body Slam+1","Shockwave"],"relics":["Burning Blood","FossilizedHelix","Bag of Preparation","Ornamental Fan","Kunai","Cursed Key","Necronomicon","Empty Cage","Girya","Red Skull"],"potions_floor_usage":[7,20,25,33,33,51,51],"damage_taken":[{"damage":2,"enemies":"Cultist","floor":1,"turns":4},{"damage":8,"enemies":"2 Louse","floor":3,"turns":3},{"damage":4,"enemies":"Jaw Worm","floor":5,"turns":4},{"damage":8,"enemies":"3 Louse","floor":7,"turns":3},{"damage":56,"enemies":"Gremlin Nob","floor":10,"turns":5},{"damage":44,"enemies":"The Guardian","floor":16,"turns":15},{"damage":10,"enemies":"3 Byrds","floor":18,"turns":9},{"damage":0,"enemies":"Shell Parasite","floor":20,"turns":7},{"damage":6,"enemies":"Snecko","floor":24,"turns":6},{"damage":19,"enemies":"Chosen and Byrds","floor":25,"turns":7},{"damage":0,"enemies":"Centurion and Healer","floor":27,"turns":5},{"damage":4,"enemies":"Shelled Parasite and Fungi","floor":29,"turns":4},{"damage":8,"enemies":"Sentry and Sphere","floor":30,"turns":7},{"damage":0,"enemies":"Centurion and Healer","floor":31,"turns":6},{"damage":20,"enemies":"Collector","floor":33,"turns":8},{"damage":13,"enemies":"3 Darklings","floor":35,"turns":5},{"damage":35,"enemies":"Mind Bloom Boss Battle","floor":36,"turns":9},{"damage":0,"enemies":"3 Shapes","floor":39,"turns":7},{"damage":26,"enemies":"Sphere and 2 Shapes","floor":41,"turns":10},{"damage":2,"enemies":"Maw","floor":42,"turns":7},{"damage":22,"enemies":"Nemesis","floor":45,"turns":7},{"damage":13,"enemies":"3 Darklings","floor":48,"turns":6},{"damage":45,"enemies":"Awakened One","floor":50,"turns":9},{"damage":61,"enemies":"Donu and Deca","floor":51,"turns":7}],"seed_played":"9089328239747433719","potions_obtained":[{"floor":5,"key":"Explosive Potion"},{"floor":10,"key":"Block Potion"},{"floor":16,"key":"Weak Potion"},{"floor":24,"key":"Strength Potion"},{"floor":28,"key":"Ancient Potion"},{"floor":31,"key":"SteroidPotion"},{"floor":36,"key":"Poison Potion"},{"floor":41,"key":"Strength Potion"}],"is_trial":false,"path_per_floor":["M","$","M","?","M","R","M","R","T","E","R","T","?","$","R","B",null,"M","?","M","?","$","R","M","M","T","M","?","M","M","M","R","B",null,"M","?","$","?","M","R","M","M","T","R","E","?","R","M","R","B","B"],"character_chosen":"IRONCLAD","items_purchased":["FossilizedHelix","Shrug It Off","Strength Potion"],"campfire_rested":1,"item_purchase_floors":[2,14,37],"current_hp_per_floor":[54,54,52,57,59,59,59,59,59,12,12,12,12,12,36,16,64,67,67,84,63,63,63,78,66,66,89,89,89,88,92,92,78,89,85,86,86,86,95,95,78,104,104,104,107,107,107,107,107,107,64],"gold":109,"neow_bonus":"TWO_FIFTY_GOLD","is_prod":false,"is_daily":false,"chose_seed":false,"campfire_upgraded":7,"win_rate":0,"timestamp":1536623652,"path_taken":["M","$","?","?","M","R","M","R","T","E","R","?","?","$","R","BOSS","M","?","M","?","?","R","M","M","T","M","?","M","?","M","R","BOSS","M","?","$","?","M","R","M","M","T","R","E","?","R","M","R","BOSS","BOSS"],"build_version":"2018-09-06","purchased_purges":3,"victory":true,"max_hp_per_floor":[75,75,75,80,80,80,80,80,80,80,80,80,80,80,80,80,80,83,83,86,86,86,86,89,89,89,89,89,89,89,92,92,92,92,95,95,95,95,98,98,101,104,104,104,107,107,107,107,107,107,107],"card_choices":[{"not_picked":["Clothesline","Body Slam"],"picked":"Spot Weakness","floor":1},{"not_picked":["Shockwave","Iron Wave"],"picked":"Shrug It Off","floor":3},{"not_picked":["Burning Pact","Iron Wave"],"picked":"Reaper","floor":5},{"not_picked":["Cleave","Dropkick","Heavy Blade"],"picked":"SKIP","floor":7},{"not_picked":["Headbutt","Warcry"],"picked":"Iron Wave","floor":10},{"not_picked":["Exhume","Juggernaut"],"picked":"Feed","floor":16},{"not_picked":["Wild Strike","Second Wind"],"picked":"True Grit","floor":18},{"not_picked":["Pummel","Sword Boomerang"],"picked":"Anger","floor":20},{"not_picked":["Clash","Sentinel"],"picked":"Shrug It Off","floor":24},{"not_picked":["Warcry","Perfected Strike","Power Through"],"picked":"SKIP","floor":25},{"not_picked":["Pommel Strike","Shrug It Off"],"picked":"Pummel","floor":27},{"not_picked":["Intimidate","Perfected Strike"],"picked":"Pommel Strike","floor":29},{"not_picked":["Ghostly Armor","Infernal Blade"],"picked":"True Grit+1","floor":30},{"not_picked":["Anger","Pommel Strike","Heavy Blade"],"picked":"SKIP","floor":31},{"not_picked":["Anger","Pommel Strike"],"picked":"Heavy Blade","floor":31},{"not_picked":["Barricade","Immolate"],"picked":"Demon Form","floor":33},{"not_picked":["True Grit","Feel No Pain"],"picked":"Iron Wave","floor":35},{"not_picked":["Warcry","Spot Weakness"],"picked":"Body Slam","floor":36},{"not_picked":["Havoc","Rampage","Infernal Blade+1"],"picked":"SKIP","floor":39},{"not_picked":["Brutality","Sentinel","Metallicize"],"picked":"SKIP","floor":41},{"not_picked":["Body Slam","Sword Boomerang","Seeing Red+1"],"picked":"SKIP","floor":42},{"not_picked":["Bloodletting+1","Ghostly Armor+1","Sever Soul+1"],"picked":"SKIP","floor":45},{"not_picked":["Perfected Strike","Flex"],"picked":"Shockwave","floor":48}],"player_experience":1285971,"relics_obtained":[{"floor":9,"key":"Bag of Preparation"},{"floor":10,"key":"Ornamental Fan"},{"floor":12,"key":"Kunai"},{"floor":21,"key":"Necronomicon"},{"floor":36,"key":"Girya"},{"floor":45,"key":"Red Skull"}],"event_choices":[{"event_name":"Big Fish","player_choice":"Donut","floor":4,"damage_taken":0},{"event_name":"Golden Wing","player_choice":"Gained Gold","floor":13,"damage_taken":0},{"event_name":"Duplicator","player_choice":"One dupe","floor":19,"damage_taken":0},{"event_name":"Cursed Tome","player_choice":"Obtained Book","floor":21,"damage_taken":0},{"event_name":"The Woman in Blue","player_choice":"Bought 1 Potion","floor":28,"damage_taken":0},{"event_name":"MindBloom","player_choice":"Fight","floor":36,"damage_taken":0},{"event_name":"Falling","player_choice":"Removed Attack","floor":38,"damage_taken":0},{"event_name":"The Lab","player_choice":"Got Potions","floor":46,"damage_taken":0}],"is_beta":true,"boss_relics":[{"not_picked":["Calling Bell","Busted Crown"],"picked":"Cursed Key"},{"not_picked":["Orrery","Black Blood"],"picked":"Empty Cage"}],"items_purged_floors":[14,22,37],"is_endless":false,"potions_floor_spawned":[5,10,16,18,24,31,36,41,48],"ascension_level":20}