{"gold_per_floor":[113,130,146,146,146,178,190,215,281,293,305,332,1,21,21,21],"floor_reached":16,"playtime":1055,"items_purged":[],"score":179,"play_id":"1324f788-9e2b-4c28-a1a9-0b2c7d29a180","local_time":"20190818131534","is_ascension_mode":true,"campfire_choices":[{"data":"Bash","floor":7,"key":"SMITH"},{"data":"Headbutt","floor":11,"key":"SMITH"},{"data":"Heavy Blade","floor":15,"key":"SMITH"}],"neow_cost":"NONE","seed_source_timestamp":416343490674365,"circlet_count":0,"master_deck":["AscendersBane","Strike_R","Strike_R","Strike_R","Strike_R","Strike_R","Defend_R","Defend_R","Defend_R","Defend_R+1","Bash+1","Headbutt+1","Battle Trance+1","Intimidate+1","Sever Soul","Parasite","Burning Pact+1","Heavy Blade+1"],"relics":["Burning Blood","Toxic Egg 2","MawBank","War Paint","Vajra","Happy Flower"],"potions_floor_usage":[2,6,14,16,16],"damage_taken":[{"damage":6,"enemies":"Small Slimes","floor":1,"turns":6},{"damage":4,"enemies":"Jaw Worm","floor":2,"turns":5},{"damage":1,"enemies":"Cultist","floor":3,"turns":4},{"damage":40,"enemies":"Lagavulin","floor":6,"turns":6},{"damage":21,"enemies":"Large Slime","floor":8,"turns":8},{"damage":9,"enemies":"Looter","floor":12,"turns":4},{"damage":9,"enemies":"Red Slaver","floor":14,"turns":2},{"damage":50,"enemies":"Hexaghost","floor":16,"turns":9}],"seed_played":"8964580406380262331","potions_obtained":[{"floor":1,"key":"Weak Potion"},{"floor":2,"key":"SteroidPotion"},{"floor":12,"key":"SkillPotion"},{"floor":14,"key":"EssenceOfSteel"}],"is_trial":false,"path_per_floor":["M","M","M","?","?","E","R","M","T","?","R","M","$","M","R","B"],"character_chosen":"IRONCLAD","items_purchased":["Vajra","Happy Flower","PowerPotion"],"campfire_rested":0,"item_purchase_floors":[13,13,13],"current_hp_per_floor":[75,77,82,71,82,48,48,33,33,53,53,50,50,47,47,0],"gold":21,"neow_bonus":"TEN_PERCENT_HP_BONUS","is_prod":false,"is_daily":false,"chose_seed":false,"campfire_upgraded":3,"win_rate":0,"timestamp":1566159334,"path_taken":["M","M","M","?","?","E","R","?","T","?","R","M","$","M","R","BOSS"],"build_version":"2019-07-17","purchased_purges":0,"victory":false,"max_hp_per_floor":[82,82,82,82,82,82,82,82,82,82,82,82,82,82,82,82],"card_choices":[{"not_picked":["Pummel","Rage"],"picked":"Headbutt","floor":1},{"not_picked":["Headbutt","Body Slam"],"picked":"Battle Trance","floor":2},{"not_picked":["Intimidate","Second Wind"],"picked":"Rupture","floor":3},{"not_picked":["Perfected Strike","Sword Boomerang"],"picked":"Intimidate+1","floor":6},{"not_picked":["Clash","Feel No Pain"],"picked":"Sever Soul","floor":8},{"not_picked":["Clothesline","Iron Wave"],"picked":"Burning Pact+1","floor":12},{"not_picked":["Rampage","Reckless Charge"],"picked":"Heavy Blade","floor":14}],"player_experience":646774,"relics_obtained":[{"floor":6,"key":"MawBank"},{"floor":9,"key":"War Paint"}],"event_choices":[{"damage_healed":0,"gold_gain":0,"player_choice":"Success","damage_taken":11,"relics_obtained":["Toxic Egg 2"],"max_hp_gain":0,"max_hp_loss":0,"event_name":"Scrap Ooze","floor":4,"gold_loss":0},{"cards_removed":["Rupture"],"damage_healed":11,"gold_gain":0,"player_choice":"Offered Uncommon","damage_taken":0,"max_hp_gain":0,"max_hp_loss":0,"event_name":"Bonfire Elementals","floor":5,"gold_loss":0},{"damage_healed":20,"gold_gain":0,"player_choice":"Healed and dodged fight","damage_taken":0,"max_hp_gain":0,"max_hp_loss":0,"event_name":"Mushrooms","floor":10,"gold_loss":0,"cards_obtained":["Parasite"]}],"is_beta":false,"boss_relics":[],"items_purged_floors":[],"is_endless":false,"potions_floor_spawned":[1,2,12,14],"killed_by":"Hexaghost","ascension_level":15}