{"gold_per_floor":[13,24,38,51,71,98,98,128,128,128,1,20,20,31,31,132,132,146,156,56,56,68,68,99,114,114,114,134,152,164,184,184,283,283,294,294,313,326,337,367,11,26,73,73,84,84,15,32,32,32],"floor_reached":51,"playtime":5771,"items_purged":["Strike_B","Defend_B","Defend_B"],"score":694,"play_id":"4d495399-d62f-4a31-a271-1c07cd841539","local_time":"20190812130425","is_ascension_mode":false,"campfire_choices":[{"floor":10,"key":"REST"},{"floor":13,"key":"REST"},{"data":"White Noise","floor":15,"key":"SMITH"},{"data":"Tempest","floor":23,"key":"SMITH"},{"data":"Turbo","floor":27,"key":"SMITH"},{"data":"Recycle","floor":32,"key":"SMITH"},{"floor":46,"key":"REST"},{"data":"White Noise","floor":49,"key":"SMITH"}],"neow_cost":"NO_GOLD","seed_source_timestamp":2106211164136,"circlet_count":0,"master_deck":["Strike_B","Strike_B","Strike_B","Defend_B","Defend_B","Zap","Dualcast","Multi-Cast","Cold Snap","Consume","Tempest+1","Genetic Algorithm","White Noise+1","Electrodynamics","Conserve Battery","Electrodynamics","Amplify","PanicButton","Zap","Turbo+1","Recycle+1","Thunder Strike","Sunder+1","Defragment+1","Thunder Strike","Buffer","Panache","Turbo","Storm+1","Seek","White Noise+1","Double Energy+1"],"relics":["Cracked Core","FossilizedHelix","Bag of Preparation","Unceasing Top","Runic Pyramid","Mango","Question Card","Inserter","Molten Egg 2","Blood Vial"],"potions_floor_usage":[4,6,16,16,22,24,31,31,33,33,50,50,50],"damage_taken":[{"damage":1,"enemies":"Cultist","floor":1,"turns":3},{"damage":2,"enemies":"2 Louse","floor":2,"turns":3},{"damage":1,"enemies":"Jaw Worm","floor":3,"turns":3},{"damage":11,"enemies":"Large Slime","floor":4,"turns":4},{"damage":2,"enemies":"Exordium Thugs","floor":5,"turns":4},{"damage":27,"enemies":"Gremlin Nob","floor":6,"turns":5},{"damage":24,"enemies":"3 Sentries","floor":8,"turns":11},{"damage":0,"enemies":"Blue Slaver","floor":12,"turns":4},{"damage":0,"enemies":"Looter","floor":14,"turns":3},{"damage":26,"enemies":"The Guardian","floor":16,"turns":8},{"damage":0,"enemies":"3 Byrds","floor":18,"turns":2},{"damage":0,"enemies":"Spheric Guardian","floor":19,"turns":5},{"damage":0,"enemies":"Centurion and Healer","floor":22,"turns":5},{"damage":5,"enemies":"Book of Stabbing","floor":24,"turns":5},{"damage":0,"enemies":"Sentry and Sphere","floor":25,"turns":4},{"damage":0,"enemies":"3 Cultists","floor":28,"turns":2},{"damage":0,"enemies":"Snecko","floor":29,"turns":3},{"damage":0,"enemies":"Sentry and Sphere","floor":30,"turns":4},{"damage":21,"enemies":"Snake Plant","floor":31,"turns":3},{"damage":61,"enemies":"Collector","floor":33,"turns":11},{"damage":11,"enemies":"3 Shapes","floor":35,"turns":4},{"damage":20,"enemies":"3 Darklings","floor":37,"turns":3},{"damage":0,"enemies":"4 Shapes","floor":38,"turns":2},{"damage":0,"enemies":"Transient","floor":39,"turns":5},{"damage":9,"enemies":"Reptomancer","floor":40,"turns":5},{"damage":22,"enemies":"Spire Growth","floor":42,"turns":3},{"damage":0,"enemies":"Maw","floor":45,"turns":5},{"damage":0,"enemies":"4 Shapes","floor":48,"turns":2},{"damage":25,"enemies":"Time Eater","floor":50,"turns":7}],"seed_played":"-630839229261345229","potions_obtained":[{"floor":2,"key":"Explosive Potion"},{"floor":5,"key":"EssenceOfSteel"},{"floor":14,"key":"Explosive Potion"},{"floor":16,"key":"Poison Potion"},{"floor":18,"key":"FearPotion"},{"floor":25,"key":"Regen Potion"},{"floor":28,"key":"Regen Potion"},{"floor":29,"key":"EssenceOfSteel"},{"floor":31,"key":"AttackPotion"},{"floor":39,"key":"LiquidBronze"},{"floor":40,"key":"LiquidBronze"},{"floor":45,"key":"Regen Potion"},{"floor":48,"key":"Weak Potion"}],"is_trial":false,"path_per_floor":["M","M","M","M","M","E","?","E","T","R","$","M","R","M","R","B",null,"M","M","$","?","M","R","E","M","T","R","M","M","M","M","R","B",null,"M","?","M","M","M","E","$","M","T","?","M","R","$","M","R","B",null],"character_chosen":"DEFECT","items_purchased":["Fire Potion","Panache","Turbo","White Noise"],"campfire_rested":3,"item_purchase_floors":[11,41,41,47],"current_hp_per_floor":[74,72,71,60,58,31,31,7,7,29,29,29,51,51,51,25,75,75,75,75,75,75,75,84,84,84,84,84,84,84,68,68,22,89,78,99,79,79,79,70,70,48,48,48,50,79,79,81,81,73],"gold":32,"neow_bonus":"THREE_RARE_CARDS","is_prod":false,"is_daily":false,"chose_seed":false,"campfire_upgraded":5,"win_rate":0.0,"timestamp":1565640265,"path_taken":["M","?","M","M","M","E","?","E","T","R","$","M","R","M","R","BOSS","M","M","$","?","M","R","E","M","T","R","M","?","M","M","R","BOSS","M","?","M","M","M","E","$","?","T","?","M","R","$","M","R","BOSS"],"build_version":"2019-07-17","purchased_purges":3,"victory":true,"max_hp_per_floor":[75,75,75,75,75,75,75,75,75,75,75,75,75,75,75,75,75,75,75,75,75,75,75,89,89,89,89,89,89,89,89,89,89,89,89,99,99,99,99,99,99,99,99,99,99,99,99,99,99,99],"card_choices":[{"not_picked":["Echo Form","Hyperbeam"],"picked":"Multi-Cast","floor":0},{"not_picked":["Chill","Steam"],"picked":"Streamline","floor":1},{"not_picked":["Steam","Compile Driver"],"picked":"Cold Snap","floor":2},{"not_picked":["Gash","Defragment"],"picked":"Consume","floor":3},{"not_picked":["Coolheaded","Gash"],"picked":"Tempest","floor":4},{"not_picked":["Lockon","Hologram"],"picked":"Genetic Algorithm","floor":5},{"not_picked":["Go for the Eyes","Turbo"],"picked":"White Noise","floor":6},{"not_picked":["Machine Learning","Darkness"],"picked":"Electrodynamics","floor":8},{"not_picked":["Gash","Skim","Redo"],"picked":"SKIP","floor":12},{"not_picked":["Steam","Loop"],"picked":"Conserve Battery","floor":14},{"not_picked":["Machine Learning","Buffer"],"picked":"Electrodynamics","floor":16},{"not_picked":["Redo+1","Loop","Chill"],"picked":"SKIP","floor":18},{"not_picked":["Ball Lightning+1","Hologram","Go for the Eyes"],"picked":"SKIP","floor":19},{"not_picked":["Hello World","Streamline","Gash"],"picked":"SKIP","floor":22},{"not_picked":["Electrodynamics","Static Discharge"],"picked":"Turbo","floor":24},{"not_picked":["Compile Driver","Redo+1","Lockon"],"picked":"SKIP","floor":25},{"not_picked":["Redo","Cold Snap","Leap"],"picked":"Amplify","floor":28},{"not_picked":["Sweeping Beam","Coolheaded+1","Chill","Loop"],"picked":"SKIP","floor":29},{"not_picked":["Streamline","Barrage+1","Fusion","Cold Snap"],"picked":"SKIP","floor":30},{"not_picked":["Barrage","Cold Snap","Beam Cell+1"],"picked":"Recycle","floor":31},{"not_picked":["Amplify","Rainbow","Buffer"],"picked":"Thunder Strike","floor":33},{"not_picked":["Redo","Compile Driver","Cold Snap","Go for the Eyes+1"],"picked":"SKIP","floor":35},{"not_picked":["Fusion","Turbo+1","Hologram"],"picked":"Sunder+1","floor":37},{"not_picked":["Tempest","Reinforced Body","Darkness"],"picked":"Defragment+1","floor":38},{"not_picked":["Conserve Battery","Hello World+1","Aggregate"],"picked":"Thunder Strike","floor":39},{"not_picked":["Genetic Algorithm+1","Ball Lightning+1","Hologram+1"],"picked":"Buffer","floor":40},{"not_picked":["Loop","Compile Driver+1","Stack"],"picked":"Storm+1","floor":42},{"not_picked":["Sunder+1","Conserve Battery","Storm"],"picked":"Seek","floor":45},{"not_picked":["Go for the Eyes+1","Redo+1","Barrage+1"],"picked":"Double Energy+1","floor":48}],"player_experience":77518,"relics_obtained":[{"floor":6,"key":"FossilizedHelix"},{"floor":8,"key":"Bag of Preparation"},{"floor":9,"key":"Unceasing Top"},{"floor":24,"key":"Mango"},{"floor":26,"key":"Question Card"},{"floor":40,"key":"Molten Egg 2"},{"floor":43,"key":"Blood Vial"}],"event_choices":[{"damage_healed":0,"gold_gain":0,"player_choice":"Ignored","damage_taken":0,"max_hp_gain":0,"max_hp_loss":0,"event_name":"Golden Idol","floor":7,"gold_loss":0},{"damage_healed":0,"gold_gain":0,"player_choice":"3 cards matched","damage_taken":0,"max_hp_gain":0,"max_hp_loss":0,"event_name":"Match and Keep!","floor":21,"gold_loss":0,"cards_obtained":["Amplify","PanicButton","Zap"]},{"cards_removed":["Amplify"],"damage_healed":11,"gold_gain":0,"player_choice":"Offered Rare","damage_taken":0,"max_hp_gain":10,"max_hp_loss":0,"event_name":"Bonfire Elementals","floor":36,"gold_loss":0},{"cards_removed":["Streamline"],"damage_healed":0,"gold_gain":0,"player_choice":"Removed Attack","damage_taken":0,"max_hp_gain":0,"max_hp_loss":0,"event_name":"Falling","floor":44,"gold_loss":0}],"is_beta":false,"boss_relics":[{"not_picked":["Eternal Feather","Ectoplasm"],"picked":"Runic Pyramid"},{"not_picked":["Black Star","Philosopher\u0027s Stone"],"picked":"Inserter"}],"items_purged_floors":[11,20,41],"is_endless":false,"potions_floor_spawned":[2,5,14,16,18,25,28,29,31,39,40,45,48],"ascension_level":0}