{"gold_per_floor":[114,131,131,148,68,68,97,97,97,123,123,123,188,223,223,223],"floor_reached":16,"playtime":490,"items_purged":[],"score":232,"play_id":"961b319c-294a-4ac9-872a-c6802da7a0b3","local_time":"20190711223911","is_ascension_mode":true,"campfire_choices":[{"data":"Bash","floor":6,"key":"SMITH"},{"data":"Bludgeon","floor":8,"key":"SMITH"},{"data":"Iron Wave","floor":11,"key":"SMITH"},{"data":"Cleave","floor":15,"key":"SMITH"}],"neow_cost":"NONE","seed_source_timestamp":189882767813973,"circlet_count":0,"master_deck":["AscendersBane","Strike_R","Strike_R","Strike_R","Strike_R","Defend_R","Defend_R","Defend_R","Defend_R","Bash+1","Pommel Strike","Shrug It Off","Battle Trance","Iron Wave+1","Shrug It Off","Bludgeon+1","Cleave+1"],"relics":["Burning Blood","NeowsBlessing","Letter Opener","Blood Vial","Incense Burner","Charon\u0027s Ashes","Unceasing Top","Ice Cream"],"potions_floor_usage":[7,7,16],"damage_taken":[{"damage":0,"enemies":"2 Louse","floor":1,"turns":1},{"damage":0,"enemies":"Cultist","floor":2,"turns":1},{"damage":0,"enemies":"Jaw Worm","floor":4,"turns":1},{"damage":10,"enemies":"Gremlin Nob","floor":7,"turns":3},{"damage":33,"enemies":"Lagavulin","floor":10,"turns":7},{"damage":18,"enemies":"3 Sentries","floor":13,"turns":8},{"damage":12,"enemies":"3 Sentries","floor":14,"turns":5},{"damage":37,"enemies":"Hexaghost","floor":16,"turns":12}],"seed_played":"-2470342575682071764","potions_obtained":[{"floor":2,"key":"Poison Potion"},{"floor":13,"key":"Weak Potion"}],"is_trial":false,"path_per_floor":["M","M","?","M","$","R","E","R","T","E","R","T","?","E","R","B"],"character_chosen":"IRONCLAD","items_purchased":["SteroidPotion","Shrug It Off"],"campfire_rested":0,"item_purchase_floors":[5,5],"current_hp_per_floor":[74,75,75,75,75,75,71,71,71,46,46,46,36,32,32,0],"gold":223,"neow_bonus":"THREE_ENEMY_KILL","is_prod":false,"is_daily":false,"chose_seed":false,"campfire_upgraded":4,"win_rate":0,"timestamp":1562881151,"path_taken":["M","M","?","?","$","R","E","R","T","E","R","?","?","E","R","BOSS"],"build_version":"2019-07-10","purchased_purges":0,"victory":false,"max_hp_per_floor":[75,75,75,75,75,75,75,75,75,75,75,75,75,75,75,75],"card_choices":[{"not_picked":["Perfected Strike","Blood for Blood"],"picked":"Pommel Strike","floor":1},{"not_picked":["Body Slam","True Grit"],"picked":"Shrug It Off","floor":2},{"not_picked":["Heavy Blade","Flex"],"picked":"Iron Wave","floor":4},{"not_picked":["Rage","Sever Soul"],"picked":"Bludgeon","floor":7},{"not_picked":["Intimidate","Rage","Havoc"],"picked":"SKIP","floor":10},{"not_picked":["Shrug It Off","Second Wind"],"picked":"Cleave","floor":14}],"player_experience":2191909,"relics_obtained":[{"floor":7,"key":"Letter Opener"},{"floor":9,"key":"Blood Vial"},{"floor":10,"key":"Incense Burner"},{"floor":12,"key":"Charon\u0027s Ashes"},{"floor":14,"key":"Ice Cream"}],"event_choices":[{"damage_healed":0,"gold_gain":0,"cards_transformed":["Strike_R"],"player_choice":"Transformed","damage_taken":0,"max_hp_gain":0,"max_hp_loss":0,"event_name":"Transmorgrifier","floor":3,"gold_loss":0,"cards_obtained":["Battle Trance"]},{"damage_healed":0,"gold_gain":30,"player_choice":"Searched \u00273\u0027 times","damage_taken":0,"relics_obtained":["Unceasing Top"],"max_hp_gain":0,"max_hp_loss":0,"event_name":"Dead Adventurer","floor":13,"gold_loss":0}],"is_beta":true,"boss_relics":[],"items_purged_floors":[],"is_endless":false,"potions_floor_spawned":[2,13],"killed_by":"Hexaghost","ascension_level":20}