{"gold_per_floor":[211,50,61,61,75,75,104,124,202,229,229,154,174,199,199,274,274,292,311,226,239,60,60,87,87,87,87,115,10,40,66,66,139,139,151,151,151,41,61,88,105,138,138,164,164,164,178,208,208,208,208,208,208,132,165,165],"floor_reached":57,"playtime":3265,"items_purged":["Strike_B","Defend_B","Defend_B","Defend_B"],"score":2863,"play_id":"e2e83adb-5185-4568-a379-ef54b60a0dcd","local_time":"20190625182829","is_ascension_mode":true,"campfire_choices":[{"data":"Doom and Gloom","floor":6.0,"key":"SMITH"},{"data":"Electrodynamics","floor":11.0,"key":"SMITH"},{"data":"Lockon","floor":15.0,"key":"SMITH"},{"data":"Defragment","floor":23.0,"key":"SMITH"},{"data":"Go for the Eyes","floor":25.0,"key":"SMITH"},{"data":"Self Repair","floor":32.0,"key":"SMITH"},{"floor":45.0,"key":"RECALL"},{"floor":49.0,"key":"REST"},{"data":"Buffer","floor":53.0,"key":"SMITH"}],"neow_cost":"NONE","seed_source_timestamp":61790888623739,"circlet_count":0,"master_deck":["AscendersBane","Defend_B","Zap+1","Dualcast","Sweeping Beam","Doom and Gloom+1","Self Repair+1","Cold Snap","Genetic Algorithm","Lockon+1","Electrodynamics+1","Compile Driver","Core Surge","Hologram+1","Conserve Battery+1","Coolheaded+1","Glacier","Go for the Eyes+1","BootSequence","Defragment+1","Turbo","White Noise+1","Seek+1","Redo+1","Buffer+1","Glacier+1","Loop+1","Hologram+1","Force Field+1"],"special_seed":0,"relics":["Cracked Core","Pocketwatch","PreservedInsect","Smiling Mask","Astrolabe","Emotion Chip","Toxic Egg 2","Singing Bowl","Centennial Puzzle","Ancient Tea Set","Red Mask","Inserter","Bronze Scales","Omamori","Darkstone Periapt","Bottled Tornado","Mercury Hourglass","Bottled Lightning"],"potions_floor_usage":[56,56,56,56],"damage_taken":[{"damage":0.0,"enemies":"2 Louse","floor":1.0,"turns":2.0},{"damage":2.0,"enemies":"Cultist","floor":3.0,"turns":4.0},{"damage":10.0,"enemies":"Small Slimes","floor":5.0,"turns":5.0},{"damage":21.0,"enemies":"Lagavulin","floor":7.0,"turns":6.0},{"damage":8.0,"enemies":"Exordium Thugs","floor":8.0,"turns":5.0},{"damage":13.0,"enemies":"3 Sentries","floor":10.0,"turns":4.0},{"damage":3.0,"enemies":"Large Slime","floor":13.0,"turns":4.0},{"damage":10.0,"enemies":"Lagavulin","floor":14.0,"turns":5.0},{"damage":25.0,"enemies":"Hexaghost","floor":16.0,"turns":7.0},{"damage":0.0,"enemies":"Chosen","floor":18.0,"turns":4.0},{"damage":0.0,"enemies":"3 Byrds","floor":19.0,"turns":2.0},{"damage":12.0,"enemies":"Cultist and Chosen","floor":21.0,"turns":5.0},{"damage":35.0,"enemies":"Gremlin Leader","floor":24.0,"turns":4.0},{"damage":14.0,"enemies":"Slavers","floor":28.0,"turns":4.0},{"damage":17.0,"enemies":"Gremlin Leader","floor":30.0,"turns":4.0},{"damage":0.0,"enemies":"Masked Bandits","floor":31.0,"turns":2.0},{"damage":1.0,"enemies":"Champ","floor":33.0,"turns":11.0},{"damage":0.0,"enemies":"Orb Walker","floor":35.0,"turns":3.0},{"damage":0.0,"enemies":"3 Shapes","floor":39.0,"turns":3.0},{"damage":42.0,"enemies":"Reptomancer","floor":40.0,"turns":6.0},{"damage":1.0,"enemies":"Maw","floor":41.0,"turns":10.0},{"damage":18.0,"enemies":"Nemesis","floor":42.0,"turns":12.0},{"damage":7.0,"enemies":"Reptomancer","floor":44.0,"turns":7.0},{"damage":17.0,"enemies":"4 Shapes","floor":47.0,"turns":3.0},{"damage":35.0,"enemies":"Nemesis","floor":48.0,"turns":5.0},{"damage":6.0,"enemies":"Time Eater","floor":50.0,"turns":11.0},{"damage":17.0,"enemies":"Donu and Deca","floor":51.0,"turns":10.0},{"damage":33.0,"enemies":"Shield and Spear","floor":55.0,"turns":3.0},{"damage":20,"enemies":"The Heart","floor":56,"turns":13}],"seed_played":"-5330213869075060994","potions_obtained":[{"floor":3.0,"key":"AttackPotion"},{"floor":10.0,"key":"SkillPotion"},{"floor":13.0,"key":"Regen Potion"},{"floor":24.0,"key":"SpeedPotion"},{"floor":28.0,"key":"PowerPotion"},{"floor":31.0,"key":"FocusPotion"},{"floor":35.0,"key":"Explosive Potion"}],"is_trial":false,"path_per_floor":["M","$","M","?","M","R","E","M","T","E","R","$","M","E","R","B",null,"M","M","?","M","$","R","E","R","T","?","E","$","E","?","R","B",null,"M","?","$","$","M","E","M","E","T","E","R","?","M","E","R","B","B",null,"R","$","E","B",null],"character_chosen":"DEFECT","items_purchased":["Doom and Gloom","Self Repair","Defragment","Turbo","Fire Potion","EntropicBrew","Hologram+1"],"campfire_rested":1,"item_purchase_floors":[2,2,22,22,29,38,54],"current_hp_per_floor":[64,64,69,69,66,66,52,51,51,38,38,38,42,39,39,21,59,66,66,66,54,54,54,38,38,38,38,33,33,23,25,25,34,65,75,75,75,75,77,45,66,58,58,61,61,77,62,39,63,67,70,80,80,80,57,47],"gold":165,"neow_bonus":"HUNDRED_GOLD","is_prod":false,"is_daily":false,"chose_seed":false,"campfire_upgraded":7,"win_rate":0,"timestamp":1561483709,"path_taken":["M","$","M","?","M","R","E","M","T","E","R","$","?","E","R","BOSS","M","M","?","M","$","R","E","R","T","?","E","$","E","?","R","BOSS","M","?","?","$","M","E","M","E","T","E","R","?","M","E","R","BOSS","BOSS","R","$","E","BOSS"],"build_version":"2019-06-24","purchased_purges":4,"victory":true,"max_hp_per_floor":[71,71,71,71,71,71,71,71,71,71,71,71,71,71,71,71,71,71,71,71,71,71,71,71,71,71,71,73,73,73,75,75,75,75,75,75,75,75,77,77,79,79,79,79,79,79,81,83,83,83,83,83,83,83,83,83],"card_choices":[{"not_picked":["Turbo","Heatsinks"],"picked":"Sweeping Beam","floor":1.0},{"not_picked":["Rebound","Compile Driver"],"picked":"Cold Snap","floor":3.0},{"not_picked":["Hologram","BootSequence","Stack"],"picked":"SKIP","floor":5.0},{"not_picked":["Reinforced Body","Sweeping Beam"],"picked":"Genetic Algorithm","floor":7.0},{"not_picked":["Streamline","Genetic Algorithm"],"picked":"Lockon","floor":8.0},{"not_picked":["White Noise","FTL"],"picked":"Electrodynamics","floor":10.0},{"not_picked":["Cold Snap","Redo"],"picked":"Compile Driver","floor":13.0},{"not_picked":["Lockon","Cold Snap","Turbo"],"picked":"SKIP","floor":14.0},{"not_picked":["Multi-Cast","Seek"],"picked":"Core Surge","floor":16.0},{"not_picked":["Barrage","Leap"],"picked":"Glacier","floor":18.0},{"not_picked":["Barrage","Stack"],"picked":"Go for the Eyes","floor":19.0},{"not_picked":["Barrage","Gash"],"picked":"BootSequence","floor":21.0},{"not_picked":["Gash","Hologram","Force Field"],"picked":"SKIP","floor":24.0},{"not_picked":["Steam Power+1","Turbo+1","Conserve Battery+1"],"picked":"Singing Bowl","floor":28.0},{"not_picked":["Machine Learning","Reprogram+1"],"picked":"White Noise+1","floor":30.0},{"not_picked":["Steam+1","Beam Cell","Gash"],"picked":"Singing Bowl","floor":31.0},{"not_picked":["Electrodynamics","Creative AI"],"picked":"Seek+1","floor":33.0},{"not_picked":["Compile Driver+1","Beam Cell"],"picked":"Redo+1","floor":35.0},{"not_picked":["Steam+1","Redo+1","Hologram+1"],"picked":"Singing Bowl","floor":39.0},{"not_picked":["Machine Learning","Steam+1"],"picked":"Buffer","floor":40.0},{"not_picked":["Stack+1","Darkness+1","Streamline"],"picked":"Singing Bowl","floor":41.0},{"not_picked":["Beam Cell+1","Chill+1"],"picked":"Glacier+1","floor":42.0},{"not_picked":["Sweeping Beam","BootSequence+1"],"picked":"Loop+1","floor":44.0},{"not_picked":["Steam+1","Melter","Streamline"],"picked":"Singing Bowl","floor":47.0},{"not_picked":["Barrage+1","Lockon","Self Repair"],"picked":"Singing Bowl","floor":48.0},{"not_picked":["Skim+1","Darkness+1"],"picked":"Force Field+1","floor":55.0}],"player_experience":2149774,"relics_obtained":[{"floor":7.0,"key":"Pocketwatch"},{"floor":10.0,"key":"PreservedInsect"},{"floor":14.0,"key":"Smiling Mask"},{"floor":24.0,"key":"Toxic Egg 2"},{"floor":26.0,"key":"Singing Bowl"},{"floor":28.0,"key":"Centennial Puzzle"},{"floor":30.0,"key":"Ancient Tea Set"},{"floor":31.0,"key":"Red Mask"},{"floor":40.0,"key":"Bronze Scales"},{"floor":42.0,"key":"Omamori"},{"floor":43.0,"key":"Darkstone Periapt"},{"floor":44.0,"key":"Bottled Tornado"},{"floor":48.0,"key":"Mercury Hourglass"},{"floor":55.0,"key":"Bottled Lightning"}],"event_choices":[{"damage_healed":0.0,"max_hp_gain":0.0,"max_hp_loss":0.0,"gold_gain":0.0,"event_name":"Upgrade Shrine","player_choice":"Upgraded","floor":4.0,"gold_loss":0.0,"damage_taken":0.0,"cards_upgraded":["Zap"]},{"damage_healed":0.0,"max_hp_gain":0.0,"max_hp_loss":0.0,"gold_gain":0.0,"event_name":"Addict","player_choice":"Obtained Relic","floor":20.0,"gold_loss":85.0,"damage_taken":0.0,"relics_obtained":["Emotion Chip"]},{"damage_healed":0.0,"max_hp_gain":0.0,"max_hp_loss":0.0,"gold_gain":0.0,"event_name":"Vampires","player_choice":"Ignored","floor":27.0,"gold_loss":0.0,"damage_taken":0.0},{"damage_healed":0.0,"max_hp_gain":0.0,"max_hp_loss":0.0,"gold_gain":0.0,"event_name":"Masked Bandits","player_choice":"Fought Bandits","floor":31.0,"gold_loss":0.0,"damage_taken":0.0},{"damage_healed":0.0,"max_hp_gain":0.0,"max_hp_loss":0.0,"gold_gain":0.0,"event_name":"Match and Keep!","player_choice":"0 cards matched","floor":36.0,"gold_loss":0.0,"damage_taken":0.0,"cards_obtained":[]},{"damage_healed":16.0,"max_hp_gain":0.0,"max_hp_loss":0.0,"gold_gain":0.0,"event_name":"Winding Halls","player_choice":"Writhe","floor":46.0,"gold_loss":0.0,"damage_taken":0.0,"cards_obtained":["Writhe"]}],"is_beta":true,"boss_relics":[{"not_picked":["Ectoplasm","Orrery"],"picked":"Astrolabe"},{"not_picked":["Calling Bell","Runic Dome"],"picked":"Inserter"}],"items_purged_floors":[12,22,29,54],"is_endless":false,"potions_floor_spawned":[3,10,13,16,19,24,28,31,35,41,44,47,55],"ascension_level":20}