{"gold_per_floor":[367,367,381,2,41,41,76,76,76,102,145,214,214,249,249,320,320,296,337,337,337,18,18],"floor_reached":23,"playtime":898,"items_purged":["Strike_B","Writhe"],"score":402,"play_id":"f7787c81-c6a4-4123-acce-46e0da32feb1","local_time":"20190407132438","is_ascension_mode":true,"campfire_choices":[{"data":"HandOfGreed","floor":6.0,"key":"SMITH"},{"data":"Zap","floor":8.0,"key":"SMITH"},{"data":"Self Repair","floor":13.0,"key":"SMITH"},{"data":"Go for the Eyes","floor":15.0,"key":"SMITH"}],"neow_cost":"PERCENT_DAMAGE","seed_source_timestamp":0,"circlet_count":0,"master_deck":["AscendersBane","Strike_B+1","Strike_B+1","Defend_B+1","Defend_B+1","Defend_B+1","Defend_B+1","Zap+1","Dualcast","Rip and Tear","Self Repair+1","HandOfGreed+1","Compile Driver","Go for the Eyes+1","Undo","Ball Lightning","White Noise","Fission","Glacier","Gash","Defragment"],"special_seed":0,"relics":["Cracked Core","Membership Card","Kunai","The Courier","Strawberry","Inserter","Bag of Marbles","Ornamental Fan","OrangePellets"],"potions_floor_usage":[16],"damage_taken":[{"damage":3.0,"enemies":"2 Louse","floor":1.0,"turns":2.0},{"damage":1.0,"enemies":"Cultist","floor":3.0,"turns":3.0},{"damage":16.0,"enemies":"Jaw Worm","floor":5.0,"turns":5.0},{"damage":11.0,"enemies":"Lagavulin","floor":7.0,"turns":7.0},{"damage":8.0,"enemies":"Gremlin Nob","floor":10.0,"turns":3.0},{"damage":0.0,"enemies":"Large Slime","floor":11.0,"turns":7.0},{"damage":9.0,"enemies":"2 Fungi Beasts","floor":12.0,"turns":4.0},{"damage":21.0,"enemies":"3 Louse","floor":14.0,"turns":5.0},{"damage":15,"enemies":"Hexaghost","floor":16,"turns":9},{"damage":30,"enemies":"2 Thieves","floor":18,"turns":4},{"damage":25,"enemies":"Chosen","floor":19,"turns":7},{"damage":35,"enemies":"Slavers","floor":23,"turns":2}],"seed_played":"7089876565081691473","potions_obtained":[{"floor":1.0,"key":"SkillPotion"},{"floor":7.0,"key":"Swift Potion"},{"floor":14.0,"key":"FocusPotion"}],"is_trial":false,"path_per_floor":["M","?","M","$","M","R","E","R","T","E","M","M","R","M","R","B",null,"M","M","?","?","$","E"],"character_chosen":"DEFECT","items_purchased":["Membership Card","HandOfGreed","Compile Driver","Defragment","Ornamental Fan","OrangePellets","LiquidBronze"],"campfire_rested":0,"item_purchase_floors":[4,4,4,22,22,22,22],"current_hp_per_floor":[43,43,42,42,33,33,29,29,29,35,42,40,40,29,29,24,65,45,30,30,30,30,0],"gold":18,"neow_bonus":"TWO_FIFTY_GOLD","is_prod":false,"is_daily":false,"chose_seed":false,"campfire_upgraded":4,"win_rate":0,"timestamp":1554639878,"path_taken":["M","?","?","$","M","R","E","R","T","E","M","M","R","M","R","BOSS","M","M","?","?","$","E"],"build_version":"2019-04-04","purchased_purges":2,"victory":false,"max_hp_per_floor":[71,71,71,71,71,71,71,71,71,78,78,78,78,78,78,78,78,78,78,78,78,78,78],"card_choices":[{"not_picked":["Rebound","Turbo"],"picked":"Rip and Tear","floor":1.0},{"not_picked":["Gash","Chill"],"picked":"Self Repair","floor":3.0},{"not_picked":["Leap","Coolheaded"],"picked":"Go for the Eyes","floor":5.0},{"not_picked":["Storm","Stack","Steam"],"picked":"SKIP","floor":7.0},{"not_picked":["Steam","Rebound"],"picked":"Undo","floor":10.0},{"not_picked":["Redo","Coolheaded"],"picked":"Ball Lightning","floor":11.0},{"not_picked":["Hologram","Force Field"],"picked":"White Noise","floor":12.0},{"not_picked":["Recycle","Streamline","Thunder Strike"],"picked":"SKIP","floor":14.0},{"not_picked":["Creative AI","Rainbow"],"picked":"Fission","floor":16},{"not_picked":["Leap","Rip and Tear"],"picked":"Glacier","floor":18},{"not_picked":["Turbo","Doom and Gloom"],"picked":"Gash","floor":19}],"player_experience":1988684,"relics_obtained":[{"floor":7.0,"key":"Kunai"},{"floor":9.0,"key":"The Courier"},{"floor":10.0,"key":"Strawberry"}],"event_choices":[{"cards_removed":["Strike_B"],"damage_healed":0.0,"max_hp_gain":0.0,"max_hp_loss":0.0,"gold_gain":0.0,"event_name":"Bonfire Elementals","player_choice":"Offered Basic","floor":2.0,"gold_loss":0.0,"damage_taken":0.0},{"damage_healed":0,"gold_gain":0,"player_choice":"Simplicity","damage_taken":0,"max_hp_gain":0,"max_hp_loss":0,"event_name":"Back to Basics","floor":20,"gold_loss":0,"cards_upgraded":["Strike_B","Strike_B","Defend_B","Defend_B","Defend_B","Defend_B"]},{"damage_healed":0,"gold_gain":0,"player_choice":"Opened","damage_taken":0,"relics_obtained":["Bag of Marbles"],"max_hp_gain":0,"max_hp_loss":0,"event_name":"The Mausoleum","floor":21,"gold_loss":0,"cards_obtained":["Writhe"]}],"is_beta":true,"boss_relics":[{"not_picked":["Ectoplasm","Philosopher\u0027s Stone"],"picked":"Inserter"}],"items_purged_floors":[4,22],"is_endless":false,"potions_floor_spawned":[1,7,14],"killed_by":"Slavers","ascension_level":20}