{"gold_per_floor":[111,111,130,147,0,0,12,41,65,65,81,81,152,170,170,170],"floor_reached":16,"playtime":450,"items_purged":["Strike_R"],"score":143,"play_id":"564e20b1-bf01-41a8-a881-0ea014830d8e","local_time":"20190806075246","is_ascension_mode":true,"campfire_choices":[{"floor":6,"key":"DIG"},{"data":"Corruption","floor":10,"key":"SMITH"},{"floor":12,"key":"DIG"},{"floor":15,"key":"REST"}],"neow_cost":"TEN_PERCENT_HP_LOSS","seed_source_timestamp":270755980992499,"circlet_count":0,"master_deck":["Strike_R","Strike_R","Strike_R","Strike_R","Defend_R","Defend_R","Defend_R","Defend_R","Bash+1","Corruption+1","Burning Pact","Inflame","Flame Barrier","Inflame"],"relics":["Burning Blood","Shovel","Happy Flower","Ancient Tea Set","Blood Vial","Torii"],"potions_floor_usage":[16],"damage_taken":[{"damage":0,"enemies":"Small Slimes","floor":1,"turns":3},{"damage":6,"enemies":"Cultist","floor":3,"turns":3},{"damage":3,"enemies":"Jaw Worm","floor":4,"turns":4},{"damage":16,"enemies":"Exordium Wildlife","floor":7,"turns":5},{"damage":34,"enemies":"Gremlin Nob","floor":8,"turns":4},{"damage":18,"enemies":"3 Louse","floor":11,"turns":3},{"damage":13,"enemies":"Exordium Thugs","floor":14,"turns":4},{"damage":45,"enemies":"Slime Boss","floor":16,"turns":6}],"seed_played":"7729167976165496278","potions_obtained":[{"floor":3,"key":"Ancient Potion"},{"floor":7,"key":"Ancient Potion"},{"floor":14,"key":"Ancient Potion"}],"is_trial":false,"path_per_floor":["M","?","M","M","$","R","M","E","T","R","M","R","?","M","R","B"],"character_chosen":"IRONCLAD","items_purchased":["Inflame"],"campfire_rested":1,"item_purchase_floors":[5],"current_hp_per_floor":[72,72,72,72,72,72,62,34,34,34,24,24,24,19,40,0],"gold":170,"neow_bonus":"ONE_RARE_RELIC","is_prod":false,"is_daily":false,"chose_seed":false,"campfire_upgraded":1,"win_rate":0,"timestamp":1565045566,"path_taken":["M","?","M","M","$","R","M","E","T","R","?","R","?","M","R","BOSS"],"build_version":"2019-07-17","purchased_purges":1,"victory":false,"max_hp_per_floor":[72,72,72,72,72,72,72,72,72,72,72,72,72,72,72,72],"card_choices":[{"not_picked":["Flex","Cleave","Warcry"],"picked":"SKIP","floor":1},{"not_picked":["Searing Blow","Combust"],"picked":"Corruption","floor":3},{"not_picked":["Anger","Heavy Blade"],"picked":"Burning Pact","floor":4},{"not_picked":["Carnage","Warcry","Burning Pact"],"picked":"SKIP","floor":7},{"not_picked":["Anger","Body Slam"],"picked":"Flame Barrier","floor":8},{"not_picked":["Havoc","True Grit"],"picked":"Inflame","floor":11},{"not_picked":["Spot Weakness","Havoc","Carnage"],"picked":"SKIP","floor":14}],"player_experience":132970,"relics_obtained":[{"floor":6,"key":"Happy Flower"},{"floor":8,"key":"Ancient Tea Set"},{"floor":9,"key":"Blood Vial"},{"floor":12,"key":"Torii"}],"event_choices":[{"damage_healed":0,"gold_gain":0,"player_choice":"Upgraded","damage_taken":0,"max_hp_gain":0,"max_hp_loss":0,"event_name":"Upgrade Shrine","floor":2,"gold_loss":0,"cards_upgraded":["Bash"]},{"damage_healed":0,"gold_gain":71,"player_choice":"Gained Gold","damage_taken":0,"max_hp_gain":0,"max_hp_loss":0,"event_name":"Golden Wing","floor":13,"gold_loss":0}],"is_beta":false,"boss_relics":[],"items_purged_floors":[5],"is_endless":false,"potions_floor_spawned":[3,7,14],"killed_by":"Slime Boss","ascension_level":8}