{"gold_per_floor":[112,37,112,122,139,139,171,171,196,196,196,196,207,232,232,303,303,316,316],"floor_reached":19,"playtime":691,"items_purged":["Strike_B"],"score":350,"play_id":"ec4b0615-253a-44cd-ae9d-ba6f4bd6b637","local_time":"20190307212632","is_ascension_mode":true,"campfire_choices":[{"data":"Defragment","floor":6,"key":"SMITH"},{"data":"Zap","floor":8,"key":"SMITH"},{"data":"Go for the Eyes","floor":10,"key":"SMITH"},{"floor":12,"key":"REST"},{"floor":15,"key":"REST"}],"neow_cost":"NONE","seed_source_timestamp":148134228117236,"circlet_count":0,"master_deck":["AscendersBane","Strike_B","Strike_B","Defend_B","Defend_B","Defend_B","Defend_B","Zap+1","Dualcast","Go for the Eyes+1","Compile Driver","Defragment+1","Genetic Algorithm","Hologram","Genetic Algorithm","All For One","Coolheaded"],"relics":["Cracked Core","Bag of Marbles","Happy Flower","Regal Pillow","Sozu"],"potions_floor_usage":[7,14,16],"damage_taken":[{"damage":7,"enemies":"Small Slimes","floor":1,"turns":2},{"damage":8,"enemies":"2 Louse","floor":4,"turns":3},{"damage":0,"enemies":"Cultist","floor":5,"turns":3},{"damage":15,"enemies":"Lagavulin","floor":7,"turns":6},{"damage":8,"enemies":"Lots of Slimes","floor":13,"turns":5},{"damage":28,"enemies":"3 Sentries","floor":14,"turns":6},{"damage":35,"enemies":"The Guardian","floor":16,"turns":14},{"damage":13,"enemies":"Chosen","floor":18,"turns":5},{"damage":58,"enemies":"Masked Bandits","floor":19,"turns":3}],"seed_played":"7698361812184817915","potions_obtained":[{"floor":4,"key":"PowerPotion"},{"floor":5,"key":"LiquidBronze"},{"floor":13,"key":"PowerPotion"},{"floor":14,"key":"Block Potion"}],"is_trial":false,"path_per_floor":["M","$","?","M","M","R","E","R","T","R","?","R","M","E","R","B",null,"M","?"],"character_chosen":"DEFECT","items_purchased":[],"campfire_rested":2,"item_purchase_floors":[],"current_hp_per_floor":[57,57,46,38,38,38,23,23,23,23,16,37,29,1,37,2,54,41,0],"gold":316,"neow_bonus":"THREE_CARDS","is_prod":false,"is_daily":false,"chose_seed":false,"campfire_upgraded":3,"win_rate":0,"timestamp":1551993992,"path_taken":["M","$","?","M","M","R","E","R","T","R","?","R","M","E","R","BOSS","M","?"],"build_version":"2019-02-06","purchased_purges":1,"victory":false,"max_hp_per_floor":[71,71,71,71,71,71,71,71,71,71,71,71,71,71,71,71,71,71,71],"card_choices":[{"not_picked":["Hello World","Beam Cell"],"picked":"Go for the Eyes","floor":0},{"not_picked":["Steam Power","Chaos"],"picked":"Compile Driver","floor":1},{"not_picked":["Hologram","Turbo","Tempest"],"picked":"SKIP","floor":4},{"not_picked":["Sweeping Beam","Leap"],"picked":"Defragment","floor":5},{"not_picked":["Go for the Eyes","Static Discharge"],"picked":"Genetic Algorithm","floor":7},{"not_picked":["Double Energy","Aggregate"],"picked":"Hologram","floor":13},{"not_picked":["Redo","Hologram"],"picked":"Genetic Algorithm","floor":14},{"not_picked":["Seek","Creative AI"],"picked":"All For One","floor":16},{"not_picked":["Chaos","White Noise+1"],"picked":"Coolheaded","floor":18}],"player_experience":1889347,"relics_obtained":[{"floor":7,"key":"Bag of Marbles"},{"floor":9,"key":"Happy Flower"},{"floor":14,"key":"Regal Pillow"}],"event_choices":[{"damage_healed":0,"gold_gain":75,"player_choice":"Gather Gold","damage_taken":11,"max_hp_gain":0,"max_hp_loss":0,"event_name":"World of Goop","floor":3,"gold_loss":0},{"cards_removed":["Strike_B"],"damage_healed":0,"gold_gain":0,"player_choice":"Card Removal","damage_taken":7,"max_hp_gain":0,"max_hp_loss":0,"event_name":"Golden Wing","floor":11,"gold_loss":0},{"damage_healed":0,"gold_gain":0,"player_choice":"Fought Bandits","damage_taken":0,"max_hp_gain":0,"max_hp_loss":0,"event_name":"Masked Bandits","floor":19,"gold_loss":0}],"is_beta":true,"boss_relics":[{"not_picked":["Astrolabe","Pandora\u0027s Box"],"picked":"Sozu"}],"items_purged_floors":[2],"is_endless":false,"potions_floor_spawned":[4,5,13,14],"killed_by":"Masked Bandits","ascension_level":20}