{"gold_per_floor":[119,69,88,163,7,17,17,17,17,17,17,17,17,52,52,156,156,174,99,99,99,113,113,113,113,113,126,156,10,10,20,20,125,125,142,142,62,108,125,125,125,150,177,189,229,24,37,37,37,37],"floor_reached":50,"playtime":1682,"items_purged":["Strike_R","Strike_R"],"score":921,"play_id":"099113cb-6e85-4641-ba6d-a2d2071b549c","local_time":"20190822144539","is_ascension_mode":true,"campfire_choices":[{"floor":8,"key":"REST"},{"data":"Bash","floor":11,"key":"SMITH"},{"data":"Sever Soul","floor":13,"key":"SMITH"},{"floor":15,"key":"REST"},{"data":"Armaments","floor":23,"key":"SMITH"},{"data":"Fiend Fire","floor":25,"key":"SMITH"},{"data":"Immolate","floor":30,"key":"SMITH"},{"floor":32,"key":"REST"},{"floor":40,"key":"REST"},{"floor":44,"key":"REST"},{"floor":49,"key":"REST"}],"neow_cost":"NONE","seed_source_timestamp":35207763989800,"circlet_count":0,"master_deck":["AscendersBane","Strike_R","Defend_R","Defend_R","Defend_R","Defend_R","Bash+1","Sever Soul+1","Immolate+1","Fiend Fire+1","Immolate","Armaments+1","Corruption+1","Impervious","Bludgeon","Dual Wield+1","Apotheosis","Flame Barrier","Metallicize+1"],"relics":["Snecko Eye","Omamori","StoneCalendar","Letter Opener","Darkstone Periapt","Orrery","Frozen Egg 2","Strawberry","Bag of Marbles","Red Skull","Mark of Pain","Shovel","Bottled Tornado","MawBank","Question Card"],"potions_floor_usage":[14,27,33,33,33,38,38,50,50],"damage_taken":[{"damage":5,"enemies":"2 Louse","floor":1,"turns":2},{"damage":0,"enemies":"Small Slimes","floor":3,"turns":3},{"damage":7,"enemies":"Jaw Worm","floor":6,"turns":2},{"damage":15,"enemies":"Lagavulin","floor":14,"turns":4},{"damage":0,"enemies":"Slime Boss","floor":16,"turns":6},{"damage":6,"enemies":"2 Thieves","floor":18,"turns":2},{"damage":2,"enemies":"3 Byrds","floor":22,"turns":2},{"damage":33,"enemies":"Shelled Parasite and Fungi","floor":27,"turns":3},{"damage":29,"enemies":"Slavers","floor":28,"turns":3},{"damage":0,"enemies":"Snake Plant","floor":31,"turns":1},{"damage":33,"enemies":"Champ","floor":33,"turns":7},{"damage":11,"enemies":"3 Darklings","floor":35,"turns":5},{"damage":22,"enemies":"2 Orb Walkers","floor":38,"turns":4},{"damage":0,"enemies":"Orb Walker","floor":39,"turns":1},{"damage":40,"enemies":"Giant Head","floor":42,"turns":6},{"damage":16,"enemies":"Nemesis","floor":45,"turns":5},{"damage":0,"enemies":"Maw","floor":47,"turns":4},{"damage":59,"enemies":"Donu and Deca","floor":50,"turns":4}],"seed_played":"7578963536971927009","potions_obtained":[{"floor":6,"key":"Strength Potion"},{"floor":14,"key":"BloodPotion"},{"floor":18,"key":"BloodPotion"},{"floor":28,"key":"Poison Potion"},{"floor":31,"key":"EntropicBrew"},{"floor":35,"key":"GamblersBrew"},{"floor":42,"key":"Strength Potion"},{"floor":45,"key":"PowerPotion"}],"is_trial":false,"path_per_floor":["M","?","M","?","$","M","?","R","T","$","R","$","R","E","R","B",null,"M","$","?","?","M","R","?","R","T","M","E","$","R","M","R","B",null,"M","?","$","?","M","R","?","E","T","R","E","$","M","?","R","B"],"character_chosen":"IRONCLAD","items_purchased":["Omamori","Red Skull","Flame Barrier","Metallicize+1","AttackPotion"],"campfire_rested":6,"item_purchase_floors":[5,29,37,46,46],"current_hp_per_floor":[67,67,67,56,56,49,7,31,31,31,31,31,31,16,40,40,70,64,64,64,64,62,62,62,62,69,57,28,28,28,28,54,21,71,60,50,50,28,28,54,54,14,14,40,24,24,24,24,50,0],"gold":37,"neow_bonus":"BOSS_RELIC","is_prod":false,"is_daily":false,"chose_seed":false,"campfire_upgraded":5,"win_rate":0,"timestamp":1566452739,"path_taken":["M","?","M","?","$","M","?","R","T","?","R","$","R","E","R","BOSS","M","$","?","?","?","R","?","R","T","M","E","$","R","?","R","BOSS","M","?","$","?","M","R","?","E","T","R","E","?","?","?","R","BOSS"],"build_version":"2019-07-17","purchased_purges":2,"victory":false,"max_hp_per_floor":[80,80,80,80,80,80,80,80,80,80,80,80,80,80,80,80,80,80,80,80,80,80,80,80,80,87,87,87,87,87,87,87,87,87,87,87,87,87,87,87,87,87,87,87,87,87,87,87,87,87],"card_choices":[{"not_picked":["Iron Wave","Thunderclap"],"picked":"Sever Soul","floor":1},{"not_picked":["Anger","Heavy Blade","Iron Wave"],"picked":"SKIP","floor":3},{"not_picked":["Shrug It Off","Corruption"],"picked":"Immolate","floor":6},{"not_picked":["Havoc","Entrench"],"picked":"Fiend Fire","floor":14},{"not_picked":["Berserk","Double Tap"],"picked":"Immolate","floor":16},{"not_picked":["Thunderclap","Perfected Strike","Feel No Pain"],"picked":"SKIP","floor":18},{"not_picked":["Warcry","Iron Wave"],"picked":"Armaments","floor":22},{"not_picked":["Iron Wave","Rage"],"picked":"Corruption+1","floor":27},{"not_picked":["Carnage","Cleave"],"picked":"Impervious","floor":28},{"not_picked":["Spot Weakness","Sentinel","Wild Strike"],"picked":"SKIP","floor":31},{"not_picked":["Exhume","Impervious"],"picked":"Bludgeon","floor":33},{"not_picked":["Perfected Strike","Clash"],"picked":"Dual Wield+1","floor":35},{"not_picked":["Good Instincts","Deep Breath"],"picked":"Apotheosis","floor":36},{"not_picked":["Disarm+1","Power Through+1","Body Slam"],"picked":"SKIP","floor":39},{"not_picked":["Offering","Body Slam","Cleave+1"],"picked":"SKIP","floor":42},{"not_picked":["Cleave","Heavy Blade+1","Perfected Strike"],"picked":"SKIP","floor":45},{"not_picked":["Perfected Strike","Anger","Thunderclap","Armaments"],"picked":"SKIP","floor":47}],"player_experience":168073,"relics_obtained":[{"floor":9,"key":"Letter Opener"},{"floor":14,"key":"Darkstone Periapt"},{"floor":26,"key":"Strawberry"},{"floor":28,"key":"Bag of Marbles"},{"floor":38,"key":"Shovel"},{"floor":42,"key":"Bottled Tornado"},{"floor":43,"key":"MawBank"},{"floor":45,"key":"Question Card"}],"event_choices":[{"cards_removed":["Strike_R"],"damage_healed":0,"gold_gain":0,"player_choice":"Card Removal","damage_taken":0,"max_hp_gain":0,"max_hp_loss":0,"event_name":"The Cleric","floor":2,"gold_loss":50},{"damage_healed":0,"gold_gain":75,"player_choice":"Gather Gold","damage_taken":11,"max_hp_gain":0,"max_hp_loss":0,"event_name":"World of Goop","floor":4,"gold_loss":0},{"damage_healed":0,"gold_gain":0,"player_choice":"Success","damage_taken":42,"relics_obtained":["StoneCalendar"],"max_hp_gain":0,"max_hp_loss":0,"event_name":"Scrap Ooze","floor":7,"gold_loss":0},{"damage_healed":0,"gold_gain":0,"player_choice":"Ignored","damage_taken":0,"max_hp_gain":0,"max_hp_loss":0,"event_name":"Ghosts","floor":20,"gold_loss":0},{"damage_healed":0,"gold_gain":0,"player_choice":"Got Potions","damage_taken":0,"max_hp_gain":0,"max_hp_loss":0,"event_name":"Lab","floor":21,"gold_loss":0},{"damage_healed":0,"gold_gain":0,"player_choice":"Gave Potion","damage_taken":0,"relics_obtained":["Frozen Egg 2"],"max_hp_gain":0,"max_hp_loss":0,"event_name":"WeMeetAgain","floor":24,"gold_loss":0},{"damage_healed":0,"gold_gain":0,"player_choice":"Memory 3","damage_taken":10,"max_hp_gain":0,"max_hp_loss":0,"event_name":"SensoryStone","floor":36,"gold_loss":0},{"damage_healed":0,"gold_gain":0,"player_choice":"Fight","damage_taken":0,"max_hp_gain":0,"max_hp_loss":0,"event_name":"Mysterious Sphere","floor":38,"gold_loss":0},{"cards_removed":["Strike_R"],"damage_healed":0,"gold_gain":0,"player_choice":"Removed Attack","damage_taken":0,"max_hp_gain":0,"max_hp_loss":0,"event_name":"Falling","floor":41,"gold_loss":0},{"damage_healed":0,"gold_gain":0,"player_choice":"Ignored","damage_taken":0,"max_hp_gain":0,"max_hp_loss":0,"event_name":"SecretPortal","floor":48,"gold_loss":0}],"is_beta":false,"boss_relics":[{"not_picked":["Fusion Hammer","Runic Dome"],"picked":"Orrery"},{"not_picked":["Empty Cage","Eternal Feather"],"picked":"Mark of Pain"}],"items_purged_floors":[19,46],"is_endless":false,"potions_floor_spawned":[6,14,18,22,28,31,35,42,45],"killed_by":"Donu and Deca","ascension_level":12}