{"gold_per_floor":[115,128,50,0,0,0,28,28,81,116,116,151,164,89,89,164,164,183,203,13,63,63,63,90,190,215,215,231,231,265,284,284,357,357,376,386,400,400,5,36,36,36,36,66,86,141,167,167,167,167,167,167,167,41,74,74],"floor_reached":57,"playtime":3100,"items_purged":["Strike_R","Strike_R"],"score":2859,"play_id":"b29969e6-9bf9-4194-97a2-95eabcd3bbe3","local_time":"20190507224959","is_ascension_mode":true,"campfire_choices":[{"data":"Bash","floor":6.0,"key":"SMITH"},{"data":"Inflame","floor":8.0,"key":"SMITH"},{"data":"True Grit","floor":15.0,"key":"SMITH"},{"data":"Ghostly","floor":23.0,"key":"SMITH"},{"data":"Ghostly","floor":27.0,"key":"SMITH"},{"data":"Ghostly","floor":32.0,"key":"SMITH"},{"floor":41.0,"key":"RECALL"},{"data":"1","floor":49.0,"key":"LIFT"},{"data":"2","floor":53,"key":"LIFT"}],"neow_cost":"NONE","seed_source_timestamp":0,"circlet_count":0,"master_deck":["AscendersBane","Strike_R","Defend_R+1","Defend_R+1","Defend_R","Defend_R","Bash+1","Metallicize","Twin Strike","Inflame+1","Immolate+1","Uppercut","True Grit+1","Impervious","Flame Barrier","Ghostly+1","Ghostly+1","Ghostly+1","Feed","Feel No Pain","Body Slam+1","Shrug It Off","Armaments+1","Exhume","Burning Pact","Limit Break+1","Shrug It Off+1","Headbutt","Entrench+1","Limit Break"],"special_seed":0,"relics":["Burning Blood","The Courier","War Paint","Bag of Preparation","Bird Faced Urn","Paper Frog","Runic Pyramid","Potion Belt","PreservedInsect","Du-Vu Doll","Bottled Flame","Pen Nib","Gremlin Horn","Shuriken","Philosopher\u0027s Stone","Bag of Marbles","Magic Flower","Peace Pipe","Art of War","Girya","Boot","Pantograph"],"potions_floor_usage":[50,55,56,56],"damage_taken":[{"damage":2.0,"enemies":"Jaw Worm","floor":1.0,"turns":5.0},{"damage":5.0,"enemies":"Cultist","floor":2.0,"turns":5.0},{"damage":30.0,"enemies":"3 Sentries","floor":7.0,"turns":10.0},{"damage":13.0,"enemies":"Lagavulin","floor":10.0,"turns":6.0},{"damage":8.0,"enemies":"Gremlin Nob","floor":12.0,"turns":3.0},{"damage":0.0,"enemies":"2 Louse","floor":13.0,"turns":1.0},{"damage":27.0,"enemies":"The Guardian","floor":16.0,"turns":9.0},{"damage":17.0,"enemies":"Shell Parasite","floor":18.0,"turns":12.0},{"damage":3.0,"enemies":"Chosen","floor":19.0,"turns":3.0},{"damage":23.0,"enemies":"Slavers","floor":24.0,"turns":7.0},{"damage":5.0,"enemies":"Colosseum Slavers","floor":25.0,"turns":7.0},{"damage":16.0,"enemies":"Colosseum Nobs","floor":25.0,"turns":4.0},{"damage":9.0,"enemies":"Snake Plant","floor":28.0,"turns":5.0},{"damage":14.0,"enemies":"Book of Stabbing","floor":30.0,"turns":4.0},{"damage":0.0,"enemies":"3 Cultists","floor":31.0,"turns":4.0},{"damage":4.0,"enemies":"Automaton","floor":33.0,"turns":10.0},{"damage":0.0,"enemies":"3 Shapes","floor":35.0,"turns":3.0},{"damage":0.0,"enemies":"Orb Walker","floor":36.0,"turns":6.0},{"damage":0.0,"enemies":"Spire Growth","floor":37.0,"turns":6.0},{"damage":0.0,"enemies":"Nemesis","floor":40.0,"turns":5.0},{"damage":0.0,"enemies":"Giant Head","floor":44.0,"turns":8.0},{"damage":0.0,"enemies":"Transient","floor":45.0,"turns":6.0},{"damage":6.0,"enemies":"2 Orb Walkers","floor":46.0,"turns":4.0},{"damage":7.0,"enemies":"Nemesis","floor":47.0,"turns":7.0},{"damage":9,"enemies":"Donu and Deca","floor":50,"turns":11},{"damage":18,"enemies":"Awakened One","floor":51,"turns":10},{"damage":61,"enemies":"Shield and Spear","floor":55,"turns":11},{"damage":46,"enemies":"The Heart","floor":56,"turns":11}],"seed_played":"-1510844208130791929","potions_obtained":[{"floor":0.0,"key":"Strength Potion"},{"floor":0.0,"key":"Explosive Potion"},{"floor":12.0,"key":"SkillPotion"},{"floor":28.0,"key":"SteroidPotion"},{"floor":30.0,"key":"BloodPotion"},{"floor":31.0,"key":"PowerPotion"},{"floor":37.0,"key":"Regen Potion"},{"floor":44.0,"key":"Fire Potion"},{"floor":55,"key":"SmokeBomb"}],"is_trial":false,"path_per_floor":["M","M","$","?","$","R","E","R","T","E","?","E","M","?","R","B",null,"M","M","$","?","?","R","E","?","T","R","M","T","E","M","R","B",null,"M","M","M","?","$","E","R","?","T","E","M","?","E","?","R","B","B",null,"R","$","E","B",null],"character_chosen":"IRONCLAD","items_purchased":["Inflame","Potion Belt","Bag of Marbles","Magic Flower","Strength Potion"],"campfire_rested":0,"item_purchase_floors":[3,20,39,39,54],"current_hp_per_floor":[72,73,73,73,73,73,49,49,49,42,42,42,48,48,48,31,64,57,62,62,62,37,37,22,25,25,25,31,31,30,41,41,53,55,59,63,67,64,64,68,68,68,68,71,71,75,79,79,79,83,86,87,87,87,61,63],"gold":74,"neow_bonus":"THREE_SMALL_POTIONS","is_prod":false,"is_daily":false,"chose_seed":false,"campfire_upgraded":6,"win_rate":0,"timestamp":1557265799,"path_taken":["M","M","$","?","?","R","E","R","T","E","?","E","M","?","R","BOSS","M","M","$","?","?","R","E","?","T","R","M","?","E","?","R","BOSS","M","M","M","?","$","E","R","?","T","E","?","?","E","?","R","BOSS","BOSS","R","$","E","BOSS"],"build_version":"2019-04-23","purchased_purges":2,"victory":true,"max_hp_per_floor":[75,75,75,75,75,75,75,75,75,75,75,75,75,75,75,75,75,75,75,75,75,37,37,37,43,43,43,46,46,49,52,52,56,56,59,63,67,64,64,68,68,68,68,71,71,75,79,79,79,83,87,87,87,87,94,94],"card_choices":[{"not_picked":["Sever Soul","Heavy Blade"],"picked":"Metallicize","floor":1.0},{"not_picked":["Flex","Perfected Strike"],"picked":"Twin Strike","floor":2.0},{"not_picked":["Havoc","Seeing Red","Intimidate"],"picked":"SKIP","floor":7.0},{"not_picked":["Anger","Uppercut"],"picked":"Immolate","floor":10.0},{"not_picked":["Clash","Rampage"],"picked":"Uppercut","floor":12.0},{"not_picked":["Anger","Corruption","True Grit"],"picked":"SKIP","floor":13.0},{"not_picked":["Anger","Corruption"],"picked":"True Grit","floor":13.0},{"not_picked":["Feed","Barricade"],"picked":"Impervious","floor":16.0},{"not_picked":["Anger","Cleave","Sever Soul+1"],"picked":"SKIP","floor":18.0},{"not_picked":["Dropkick","Pommel Strike"],"picked":"Flame Barrier","floor":19.0},{"not_picked":["Dual Wield","Body Slam"],"picked":"Feed","floor":24.0},{"not_picked":["Perfected Strike","Clothesline"],"picked":"Feel No Pain","floor":25.0},{"not_picked":["Sword Boomerang","Cleave"],"picked":"Body Slam+1","floor":28.0},{"not_picked":["Bloodletting+1","Cleave"],"picked":"Shrug It Off","floor":30.0},{"not_picked":["Wild Strike","Second Wind"],"picked":"Armaments+1","floor":31.0},{"not_picked":["Limit Break","Offering"],"picked":"Exhume","floor":33.0},{"not_picked":["Anger","Iron Wave+1","Flex"],"picked":"SKIP","floor":35.0},{"not_picked":["Body Slam","Wild Strike"],"picked":"Burning Pact","floor":36.0},{"not_picked":["Second Wind","Iron Wave+1","Clothesline"],"picked":"SKIP","floor":37.0},{"not_picked":["Thunderclap","Flame Barrier"],"picked":"Limit Break","floor":40.0},{"not_picked":["Warcry","Clash+1"],"picked":"Shrug It Off+1","floor":44.0},{"not_picked":["Cleave","Uppercut"],"picked":"Headbutt","floor":45.0},{"not_picked":["Armaments+1","Hemokinesis+1"],"picked":"Entrench+1","floor":46.0},{"not_picked":["Havoc","Blood for Blood","Wild Strike+1"],"picked":"SKIP","floor":47.0},{"not_picked":["Body Slam","Warcry+1"],"picked":"Limit Break","floor":55}],"player_experience":2045874,"relics_obtained":[{"floor":7.0,"key":"War Paint"},{"floor":9.0,"key":"Bag of Preparation"},{"floor":10.0,"key":"Bird Faced Urn"},{"floor":12.0,"key":"Paper Frog"},{"floor":24.0,"key":"PreservedInsect"},{"floor":25.0,"key":"Du-Vu Doll"},{"floor":25.0,"key":"Bottled Flame"},{"floor":26.0,"key":"Pen Nib"},{"floor":29.0,"key":"Gremlin Horn"},{"floor":30.0,"key":"Shuriken"},{"floor":40.0,"key":"Peace Pipe"},{"floor":44.0,"key":"Art of War"},{"floor":46.0,"key":"Girya"},{"floor":47.0,"key":"Boot"},{"floor":55,"key":"Pantograph"}],"event_choices":[{"damage_healed":0.0,"max_hp_gain":0.0,"max_hp_loss":0.0,"gold_gain":0.0,"event_name":"WeMeetAgain","player_choice":"Paid Gold","floor":4.0,"gold_loss":50.0,"damage_taken":0.0,"relics_obtained":["The Courier"]},{"damage_healed":0.0,"max_hp_gain":0.0,"max_hp_loss":0.0,"gold_gain":0.0,"event_name":"Living Wall","player_choice":"Grow","floor":11.0,"gold_loss":0.0,"damage_taken":0.0,"cards_upgraded":["Immolate"]},{"cards_removed":["Strike_R"],"damage_healed":0.0,"max_hp_gain":0.0,"max_hp_loss":0.0,"gold_gain":0.0,"event_name":"The Cleric","player_choice":"Card Removal","floor":14.0,"gold_loss":75.0,"damage_taken":0.0},{"damage_healed":0.0,"max_hp_gain":0.0,"max_hp_loss":0.0,"gold_gain":50.0,"event_name":"Nest","player_choice":"Stole From Cult","floor":21.0,"gold_loss":0.0,"damage_taken":0.0},{"damage_healed":0.0,"max_hp_gain":0.0,"max_hp_loss":38.0,"gold_gain":0.0,"event_name":"Ghosts","player_choice":"Became a Ghost","floor":22.0,"gold_loss":0.0,"damage_taken":0.0,"cards_obtained":["Ghostly","Ghostly","Ghostly"]},{"damage_healed":0.0,"max_hp_gain":0.0,"max_hp_loss":0.0,"gold_gain":0.0,"event_name":"Colosseum","player_choice":"Fight","floor":25.0,"gold_loss":0.0,"damage_taken":0.0},{"damage_healed":0.0,"max_hp_gain":0.0,"max_hp_loss":0.0,"gold_gain":0.0,"event_name":"Colosseum","player_choice":"Fought Nobs","floor":25.0,"gold_loss":0.0,"damage_taken":0.0},{"damage_healed":0.0,"max_hp_gain":0.0,"max_hp_loss":3.0,"gold_gain":0.0,"event_name":"Winding Halls","player_choice":"Max HP","floor":38.0,"gold_loss":0.0,"damage_taken":0.0},{"damage_healed":0.0,"max_hp_gain":0.0,"max_hp_loss":0.0,"gold_gain":0.0,"event_name":"Upgrade Shrine","player_choice":"Upgraded","floor":42.0,"gold_loss":0.0,"damage_taken":0.0,"cards_upgraded":["Limit Break"]},{"damage_healed":0.0,"max_hp_gain":0.0,"max_hp_loss":0.0,"gold_gain":0.0,"event_name":"Mysterious Sphere","player_choice":"Fight","floor":46.0,"gold_loss":0.0,"damage_taken":0.0},{"cards_removed":["Strike_R"],"damage_healed":0.0,"max_hp_gain":0.0,"max_hp_loss":0.0,"gold_gain":0.0,"event_name":"Falling","player_choice":"Removed Attack","floor":48.0,"gold_loss":0.0,"damage_taken":0.0}],"is_beta":true,"boss_relics":[{"not_picked":["White Beast Statue","Sozu"],"picked":"Runic Pyramid"},{"not_picked":["Cursed Key","Eternal Feather"],"picked":"Philosopher\u0027s Stone"}],"items_purged_floors":[20,54],"is_endless":false,"potions_floor_spawned":[2,12,13,16,18,25,28,30,31,37,44,45,55],"ascension_level":20}