{"gold_per_floor":[115,115,31,106,121,146,158,190,190,225,236,236,236,251,251,328,328,328,328,328,328,90,90,31,31,31,31],"floor_reached":27,"playtime":1704,"items_purged":["Strike_G"],"score":648,"play_id":"9fe11e04-275d-4d50-850b-f55d8d5f23cd","local_time":"20190402204314","is_ascension_mode":true,"campfire_choices":[{"floor":13,"key":"REST"},{"data":"Malaise","floor":15,"key":"SMITH"},{"data":"Ghostly","floor":23,"key":"SMITH"}],"neow_cost":"NONE","seed_source_timestamp":1721249372723735,"circlet_count":0,"master_deck":["AscendersBane","Defend_G","Defend_G","Defend_G","Defend_G","Defend_G","Strike_G","Strike_G","Strike_G","Strike_G","Survivor","Neutralize+1","Quick Slash","Well Laid Plans","Dagger Throw","Bouncing Flask","Malaise+1","Deadly Poison","Leg Sweep","Die Die Die","Caltrops","Footwork","Ghostly+1","Ghostly","Ghostly","Cloak And Dagger","Endless Agony"],"relics":["Ring of the Snake","NeowsBlessing","Prayer Wheel","Kunai","Singing Bowl","Unceasing Top","StoneCalendar","Ectoplasm","Strawberry","Shuriken"],"potions_floor_usage":[8,10,18,25],"damage_taken":[{"damage":0,"enemies":"Cultist","floor":1,"turns":1},{"damage":0,"enemies":"Jaw Worm","floor":5,"turns":1},{"damage":0,"enemies":"Gremlin Nob","floor":6,"turns":1},{"damage":0,"enemies":"2 Louse","floor":7,"turns":3},{"damage":39,"enemies":"3 Sentries","floor":8,"turns":12},{"damage":6,"enemies":"Gremlin Nob","floor":10,"turns":3},{"damage":1,"enemies":"Looter","floor":11,"turns":4},{"damage":2,"enemies":"Exordium Wildlife","floor":14,"turns":7},{"damage":0,"enemies":"Hexaghost","floor":16,"turns":11},{"damage":13,"enemies":"3 Byrds","floor":18,"turns":7},{"damage":30,"enemies":"Chosen","floor":19,"turns":7},{"damage":27,"enemies":"Gremlin Leader","floor":25,"turns":8},{"damage":3,"enemies":"Centurion and Healer","floor":27,"turns":1}],"seed_played":"2563690390921538512","potions_obtained":[{"floor":5,"key":"Dexterity Potion"},{"floor":8,"key":"FearPotion"},{"floor":10,"key":"SneckoOil"},{"floor":16,"key":"Poison Potion"},{"floor":18,"key":"Strength Potion"}],"is_trial":false,"path_per_floor":["M","?","$","?","M","E","M","E","T","E","M","?","R","M","R","B",null,"M","M","?","?","$","R","$","E","T","M"],"character_chosen":"THE_SILENT","items_purchased":["Well Laid Plans","Strawberry","Cloak And Dagger"],"campfire_rested":1,"item_purchase_floors":[3,22,24],"current_hp_per_floor":[59,59,59,48,48,48,48,9,9,5,6,1,22,24,24,24,62,51,23,23,23,30,30,30,3,3,0],"gold":31,"neow_bonus":"THREE_ENEMY_KILL","is_prod":false,"is_daily":false,"chose_seed":false,"campfire_upgraded":2,"win_rate":0,"timestamp":1554234194,"path_taken":["M","?","$","?","M","E","M","E","T","E","M","?","R","M","R","BOSS","M","M","?","?","?","R","$","E","T","M"],"build_version":"2019-03-15","purchased_purges":1,"victory":false,"max_hp_per_floor":[66,66,66,66,66,66,66,66,66,68,70,70,70,74,74,74,74,76,78,78,39,46,46,46,46,46,46],"card_choices":[{"not_picked":["Outmaneuver","Deflect"],"picked":"Quick Slash","floor":1},{"not_picked":["Outmaneuver","Choke"],"picked":"Dagger Throw","floor":5},{"not_picked":["Backflip","Acrobatics"],"picked":"Bouncing Flask","floor":6},{"not_picked":["Choke","Deflect"],"picked":"Malaise","floor":7},{"not_picked":["Outmaneuver","Deflect","Expertise"],"picked":"SKIP","floor":7},{"not_picked":["Accuracy","Backflip"],"picked":"Deadly Poison","floor":8},{"not_picked":["Slice","Flechettes","Underhanded Strike"],"picked":"Singing Bowl","floor":10},{"not_picked":["Calculated Gamble","Acrobatics"],"picked":"Leg Sweep","floor":11},{"not_picked":["Deadly Poison","Outmaneuver","Tactician"],"picked":"Singing Bowl","floor":11},{"not_picked":["Blade Dance","Skewer","Deadly Poison"],"picked":"Singing Bowl","floor":14},{"not_picked":["Deflect","Dodge and Roll","Underhanded Strike"],"picked":"Singing Bowl","floor":14},{"not_picked":["Burst","Phantasmal Killer"],"picked":"Die Die Die","floor":16},{"not_picked":["Bane","Accuracy","Poisoned Stab"],"picked":"Singing Bowl","floor":18},{"not_picked":["Backflip","Blur"],"picked":"Caltrops","floor":18},{"not_picked":["Dagger Throw","Blade Dance"],"picked":"Footwork","floor":19},{"not_picked":["Deflect","Bane","Prepared"],"picked":"Singing Bowl","floor":19},{"not_picked":["Choke","Storm of Steel"],"picked":"Endless Agony","floor":25}],"player_experience":1980873,"relics_obtained":[{"floor":6,"key":"Prayer Wheel"},{"floor":8,"key":"Kunai"},{"floor":9,"key":"Singing Bowl"},{"floor":10,"key":"Unceasing Top"},{"floor":25,"key":"Shuriken"}],"event_choices":[{"damage_healed":0,"gold_gain":0,"player_choice":"Grow","damage_taken":0,"max_hp_gain":0,"max_hp_loss":0,"event_name":"Living Wall","floor":2,"gold_loss":0,"cards_upgraded":["Neutralize"]},{"damage_healed":0,"gold_gain":75,"player_choice":"Gather Gold","damage_taken":11,"max_hp_gain":0,"max_hp_loss":0,"event_name":"World of Goop","floor":4,"gold_loss":0},{"damage_healed":0,"gold_gain":0,"player_choice":"Success","damage_taken":5,"relics_obtained":["StoneCalendar"],"max_hp_gain":0,"max_hp_loss":0,"event_name":"Scrap Ooze","floor":12,"gold_loss":0},{"damage_healed":0,"gold_gain":0,"player_choice":"Ignored","damage_taken":0,"max_hp_gain":0,"max_hp_loss":0,"event_name":"The Mausoleum","floor":20,"gold_loss":0},{"damage_healed":0,"gold_gain":0,"player_choice":"Became a Ghost","damage_taken":0,"max_hp_gain":0,"max_hp_loss":39,"event_name":"Ghosts","floor":21,"gold_loss":0,"cards_obtained":["Ghostly","Ghostly","Ghostly"]}],"is_beta":true,"boss_relics":[{"not_picked":["WristBlade","Tiny House"],"picked":"Ectoplasm"}],"items_purged_floors":[22],"is_endless":false,"potions_floor_spawned":[5,8,10,16,18,19],"killed_by":"Centurion and Healer","ascension_level":20}