{"path_per_floor":["M","M","?","?","M","R","M","E","T","M","M","R","$","?","R","B",null,"M","M","?","M","$","?","E","R","T","M","$","R","M","M","R","B",null,"M","$","?","M","?","R","?"],"character_chosen":"IRONCLAD","items_purchased":["Flash of Steel","Metallicize","Shrug It Off","Flash of Steel"],"gold_per_floor":[13,33,33,33,44,44,58,91,91,111,125,125,19,19,19,91,91,107,95,95,108,38,38,69,69,121,132,4,4,16,33,33,110,110,130,40,40,56,0,0,0,0],"floor_reached":42,"campfire_rested":0,"playtime":2482,"item_purchase_floors":[13,22,28,36],"current_hp_per_floor":[62,65,42,31,37,37,43,39,39,41,45,45,45,45,45,42,67,48,39,39,64,64,64,46,46,46,75,75,75,75,75,75,75,75,75,75,75,75,75,75,75,0],"items_purged":["Bash"],"gold":0,"score":782,"play_id":"54eea81c-e631-4099-9346-bcd9a9908144","local_time":"20180529021432","is_prod":false,"is_daily":false,"chose_seed":false,"is_ascension_mode":true,"campfire_upgraded":7,"win_rate":0,"timestamp":1527556472,"campfire_choices":[{"data":"Disarm","floor":6,"key":"SMITH"},{"data":"Demon Form","floor":12,"key":"SMITH"},{"data":"Metallicize","floor":15,"key":"SMITH"},{"data":"Armaments","floor":25,"key":"SMITH"},{"data":"Metallicize","floor":29,"key":"SMITH"},{"data":"True Grit","floor":32,"key":"SMITH"},{"data":"Metallicize","floor":40,"key":"SMITH"}],"path_taken":["M","M","?","?","M","R","?","E","T","M","M","R","$","?","R","BOSS","M","M","?","M","?","?","E","R","T","M","$","R","M","?","R","BOSS","M","?","?","M","?","R","?","E"],"build_version":"2018-05-27","seed_source_timestamp":105024293447253,"purchased_purges":1,"victory":false,"master_deck":["Defend_R","Defend_R+1","Defend_R+1","Defend_R+1","AscendersBane","Disarm+1","Iron Wave","Demon Form+1","Shrug It Off","Metallicize+1","Flash of Steel","Reaper","Evolve","Armaments+1","Bite","Bite","Bite","Bite","Bite","Metallicize+1","Metallicize+1","Feel No Pain","Shrug It Off","True Grit+1","Dark Embrace","Metallicize","Flash of Steel"],"max_hp_per_floor":[75,75,75,75,75,75,75,75,75,75,75,75,75,75,75,75,75,75,75,75,75,75,75,75,75,75,75,75,75,75,75,75,75,75,75,75,75,75,75,75,75,75],"relics":["Burning Blood","Red Skull","War Paint","Letter Opener","Black Star","Dodecahedron","Bottled Lightning","Boot","Mark of Pain","Red Mask"],"card_choices":[{"not_picked":["Fire Breathing","Flex"],"picked":"Disarm","floor":1},{"not_picked":["Havoc","Pommel Strike"],"picked":"Iron Wave","floor":2},{"not_picked":["Flex","Headbutt","Sword Boomerang"],"picked":"SKIP","floor":5},{"not_picked":["Blood for Blood","Iron Wave"],"picked":"Pummel","floor":7},{"not_picked":["Disarm","Iron Wave"],"picked":"Demon Form","floor":8},{"not_picked":["Body Slam","Burning Pact"],"picked":"Shrug It Off","floor":10},{"not_picked":["True Grit","Thunderclap"],"picked":"Metallicize","floor":11},{"not_picked":["Bludgeon","Immolate"],"picked":"Reaper","floor":16},{"not_picked":["Anger","Pommel Strike"],"picked":"Evolve","floor":18},{"not_picked":["Headbutt","Wild Strike"],"picked":"Armaments","floor":19},{"not_picked":["Perfected Strike","Cleave","Spot Weakness"],"picked":"SKIP","floor":21},{"not_picked":["Dark Embrace","Iron Wave"],"picked":"Metallicize","floor":24},{"not_picked":["Headbutt+1","Power Through"],"picked":"Feel No Pain","floor":27},{"not_picked":["Hemokinesis","Headbutt","Clothesline"],"picked":"SKIP","floor":30},{"not_picked":["Anger","Flex"],"picked":"True Grit","floor":31},{"not_picked":["Reaper","Fiend Fire"],"picked":"Dark Embrace","floor":33},{"not_picked":["Wild Strike","Second Wind"],"picked":"Metallicize","floor":35},{"not_picked":["Headbutt","Searing Blow+1","Heavy Blade+1"],"picked":"SKIP","floor":38}],"player_experience":645104,"potions_floor_usage":[10,16,21,33,33,33],"damage_taken":[{"damage":12,"enemies":"Jaw Worm","floor":1,"turns":5},{"damage":3,"enemies":"2 Louse","floor":2,"turns":3},{"damage":0,"enemies":"Small Slimes","floor":5,"turns":3},{"damage":0,"enemies":"2 Fungi Beasts","floor":7,"turns":4},{"damage":10,"enemies":"Lagavulin","floor":8,"turns":7},{"damage":6,"enemies":"Exordium Thugs","floor":10,"turns":6},{"damage":4,"enemies":"Exordium Wildlife","floor":11,"turns":4},{"damage":11,"enemies":"The Guardian","floor":16,"turns":7},{"damage":31,"enemies":"Chosen","floor":18,"turns":8},{"damage":25,"enemies":"2 Thieves","floor":19,"turns":4},{"damage":60,"enemies":"Slaver and Parasite","floor":21,"turns":27},{"damage":44,"enemies":"Book of Stabbing","floor":24,"turns":12},{"damage":7,"enemies":"Snecko","floor":27,"turns":8},{"damage":4,"enemies":"Sentry and Sphere","floor":30,"turns":12},{"damage":7,"enemies":"Centurion and Healer","floor":31,"turns":8},{"damage":62,"enemies":"Collector","floor":33,"turns":16},{"damage":2,"enemies":"Orb Walker","floor":35,"turns":7},{"damage":11,"enemies":"Flame Bruiser 1 Orb","floor":38,"turns":6},{"damage":80,"enemies":"Giant Head","floor":42,"turns":12}],"relics_obtained":[{"floor":8,"key":"Letter Opener"},{"floor":9,"key":"Blood Vial"},{"floor":24,"key":"Dodecahedron"},{"floor":24,"key":"Bottled Lightning"},{"floor":26,"key":"Boot"}],"event_choices":[{"event_name":"Shining Light","player_choice":"Entered Light","floor":3,"damage_taken":0},{"event_name":"Scrap Ooze","player_choice":"success","floor":4,"damage_taken":11},{"event_name":"The Cleric","player_choice":"Leave","floor":14,"damage_taken":0},{"event_name":"Vampires","player_choice":"Became a vampire (Vial)","floor":20,"damage_taken":0},{"event_name":"Drug Dealer","player_choice":"Ignored","floor":23,"damage_taken":0},{"event_name":"Tomb of Lord Red Mask","player_choice":"Paid","floor":39,"damage_taken":0},{"event_name":"SecretPortal","player_choice":"Rejected Portal.","floor":41,"damage_taken":0}],"boss_relics":[{"not_picked":["Runic Pyramid","Lizard Tail"],"picked":"Black Star"},{"not_picked":["Tiny House","Astrolabe"],"picked":"Mark of Pain"}],"items_purged_floors":[28],"potions_floor_spawned":[1,2,11,16,19,27,30,31],"seed_played":"-8737806690819830250","killed_by":"Giant Head","ascension_level":15,"potions_obtained":[{"floor":1,"key":"Block Potion"},{"floor":2,"key":"Weak Potion"},{"floor":11,"key":"Regen Potion"},{"floor":16,"key":"Dexterity Potion"},{"floor":19,"key":"LiquidBronze"},{"floor":27,"key":"SkillPotion"},{"floor":30,"key":"Weak Potion"}],"is_trial":false}