{"gold_per_floor":[111,111,127,140,65,65,97,23,48,48,61,61,71,82,82,186,186,198,74,91,190,190,200,233,233,233,252,327,327,344,357,357,459,459,471,488,488,499,510,510,385,397,397,3,30,55,55,73,73,73],"floor_reached":51,"playtime":2705,"items_purged":["PrismaMod:IllyaCommonDefend","PrismaMod:IllyaCommonDefend","Parasite","PrismaMod:IllyaCommonDefend"],"score":676,"play_id":"24935ec7-f426-4785-8b1e-e11572f54168","local_time":"20190804025222","is_ascension_mode":false,"campfire_choices":[{"data":"PrismaMod:IllyaBlindPoisonToss","floor":10,"key":"SMITH"},{"data":"PrismaMod:IllyaBoysLove","floor":12,"key":"SMITH"},{"data":"PrismaMod:IllyaPoisoningPhantasm","floor":15,"key":"SMITH"},{"data":"PrismaMod:IllyaBride","floor":25,"key":"SMITH"},{"data":"PrismaMod:IllyaHassanGift","floor":32,"key":"SMITH"},{"data":"PrismaMod:IllyaBride","floor":40,"key":"SMITH"},{"data":"PrismaMod:IllyaUncommonDefend","floor":49,"key":"SMITH"}],"neow_cost":"TEN_PERCENT_HP_LOSS","seed_source_timestamp":77669520508800,"circlet_count":0,"master_deck":["PrismaMod:IllyaCommonAttack","PrismaMod:IllyaCommonDefend","PrismaMod:IllyaCommonAttack","PrismaMod:IllyaCommonAttack","PrismaMod:IllyaUncommonAttack","PrismaMod:IllyaUncommonDefend","PrismaMod:IllyaBlindPoisonToss+1","PrismaMod:IllyaBride+1","PrismaMod:IllyaUncommonDefend+1","PrismaMod:IllyaCommandSeal","PrismaMod:IllyaBoysLove+1","PrismaMod:IllyaPoisonTippedWeapons","PrismaMod:IllyaPoisoningPhantasm+1","PrismaMod:IllyaInstallShielder","PrismaMod:IllyaHassanGift+1","PrismaMod:IllyaBride+1","PrismaMod:IllyaGrail+1","PrismaMod:IllyaBlindPoisonToss+1","PrismaMod:IllyaCommandSeal+1","Deep Breath+1","PrismaMod:IllyaBoysLove+1","PrismaMod:IllyaGrail+1"],"relics":["PrismaMod:PrismaRuby","NlothsMask","Oddly Smooth Stone","Philosopher\u0027s Stone","Regal Pillow","Toxic Egg 2","Matryoshka","Runic Dome","Blood Vial","Ornamental Fan","Lee\u0027s Waffle","Potion Belt","Happy Flower","Question Card"],"potions_floor_usage":[16,20,24,38,38,50,50,50,50],"damage_taken":[{"damage":0,"enemies":"Cultist","floor":1,"turns":4},{"damage":0,"enemies":"Small Slimes","floor":3,"turns":4},{"damage":7,"enemies":"Jaw Worm","floor":4,"turns":3},{"damage":7,"enemies":"Lagavulin","floor":7,"turns":9},{"damage":0,"enemies":"Blue Slaver","floor":11,"turns":3},{"damage":0,"enemies":"Large Slime","floor":13,"turns":3},{"damage":3,"enemies":"Gremlin Gang","floor":14,"turns":3},{"damage":28,"enemies":"Hexaghost","floor":16,"turns":12},{"damage":7,"enemies":"Chosen","floor":18,"turns":5},{"damage":1,"enemies":"3 Byrds","floor":20,"turns":6},{"damage":3,"enemies":"Snecko","floor":23,"turns":7},{"damage":41,"enemies":"Slavers","floor":24,"turns":19},{"damage":4,"enemies":"Centurion and Healer","floor":27,"turns":5},{"damage":6,"enemies":"3 Cultists","floor":30,"turns":5},{"damage":0,"enemies":"Snecko","floor":31,"turns":4},{"damage":42,"enemies":"Champ","floor":33,"turns":9},{"damage":10,"enemies":"3 Darklings","floor":35,"turns":4},{"damage":5,"enemies":"Orb Walker","floor":36,"turns":5},{"damage":0,"enemies":"Sphere and 2 Shapes","floor":38,"turns":4},{"damage":0,"enemies":"Writhing Mass","floor":39,"turns":5},{"damage":1,"enemies":"Transient","floor":42,"turns":5},{"damage":39,"enemies":"Nemesis","floor":46,"turns":7},{"damage":7,"enemies":"4 Shapes","floor":48,"turns":3},{"damage":22,"enemies":"Donu and Deca","floor":50,"turns":8}],"seed_played":"3140608518345483064","potions_obtained":[{"floor":1,"key":"EssenceOfSteel"},{"floor":7,"key":"Weak Potion"},{"floor":11,"key":"Dexterity Potion"},{"floor":20,"key":"Block Potion"},{"floor":23,"key":"Regen Potion"},{"floor":24,"key":"EssenceOfSteel"},{"floor":42,"key":"Weak Potion"},{"floor":46,"key":"Explosive Potion"},{"floor":48,"key":"Ancient Potion"}],"is_trial":false,"path_per_floor":["M","?","M","M","$","?","E","$","T","R","M","R","M","M","R","B",null,"M","$","M","?","?","M","E","R","T","M","T","?","M","M","R","B",null,"M","M","?","M","M","R","$","M","T","$","T","E","?","M","R","B",null],"character_chosen":"ILLYA","items_purchased":["PrismaMod:IllyaCommandSeal","PrismaMod:IllyaHassanGift","PrismaMod:IllyaBoysLove+1","Lee\u0027s Waffle"],"campfire_rested":0,"item_purchase_floors":[8,19,44,44],"current_hp_per_floor":[68,61,61,54,54,54,47,47,47,47,52,52,52,54,54,31,68,63,63,68,68,52,55,52,52,52,57,57,57,60,68,68,34,68,61,65,65,68,68,68,65,65,65,72,72,43,82,75,75,65],"gold":73,"neow_bonus":"REMOVE_TWO","is_prod":false,"is_daily":false,"chose_seed":false,"campfire_upgraded":7,"win_rate":0.0,"timestamp":1564854742,"path_taken":["M","?","M","M","$","?","E","$","T","R","M","R","?","M","R","BOSS","M","$","?","?","?","M","E","R","T","M","?","?","M","M","R","BOSS","M","?","?","M","M","R","?","M","T","$","?","E","?","M","R","BOSS"],"build_version":"2019-07-17","purchased_purges":4,"victory":true,"max_hp_per_floor":[68,68,68,68,68,68,68,68,68,68,68,68,68,68,68,68,68,68,68,68,68,68,68,68,68,68,68,68,68,68,68,68,68,68,68,68,68,68,68,68,65,65,65,72,72,72,82,82,82,82],"card_choices":[{"not_picked":["PrismaMod:IllyaCarnivalOrbs","PrismaMod:IllyaAssassinRevenge"],"picked":"PrismaMod:IllyaBlindPoisonToss","floor":1},{"not_picked":["PrismaMod:IllyaAOECommonAttack","PrismaMod:IllyaCommonEvoke"],"picked":"PrismaMod:IllyaBride","floor":3},{"not_picked":["PrismaMod:IllyaMultiEvoke","PrismaMod:IllyaUncommonEvoke"],"picked":"PrismaMod:IllyaUncommonDefend","floor":4},{"not_picked":["PrismaMod:IllyaMaid","PrismaMod:IllyaUberChannel","PrismaMod:IllyaDetonatingBlow"],"picked":"SKIP","floor":7},{"not_picked":["PrismaMod:IllyaUncommonEvoke","PrismaMod:IllyaBerserCAR"],"picked":"PrismaMod:IllyaBoysLove","floor":11},{"not_picked":["PrismaMod:IllyaRussianRoulette","PrismaMod:IllyaReinForce"],"picked":"PrismaMod:IllyaPoisonTippedWeapons","floor":13},{"not_picked":["PrismaMod:IllyaTestament","PrismaMod:IllyaRussianRoulette"],"picked":"PrismaMod:IllyaPoisoningPhantasm","floor":14},{"not_picked":["PrismaMod:IllyaInstallAssassin","PrismaMod:IllyaInstallBerserker"],"picked":"PrismaMod:IllyaInstallShielder","floor":16},{"not_picked":["PrismaMod:IllyaPartialInstallAssassin","PrismaMod:IllyaMaid","PrismaMod:IllyaUberChannel"],"picked":"SKIP","floor":18},{"not_picked":["PrismaMod:IllyaMultiEvoke","PrismaMod:IllyaDualEvoke","PrismaMod:IllyaMaid"],"picked":"SKIP","floor":20},{"not_picked":["PrismaMod:IllyaDualEvoke+1","PrismaMod:IllyaPoisoningPhantasm+1"],"picked":"PrismaMod:IllyaBride","floor":23},{"not_picked":["PrismaMod:IllyaInstallAssassin","PrismaMod:IllyaFeed"],"picked":"PrismaMod:IllyaGrail+1","floor":24},{"not_picked":["PrismaMod:IllyaUncommonEvoke","PrismaMod:IllyaSaphire+1","PrismaMod:IllyaDetonatingBlow"],"picked":"SKIP","floor":27},{"not_picked":["PrismaMod:IllyaGun","PrismaMod:IllyaReinForce+1","PrismaMod:IllyaRapidFire"],"picked":"SKIP","floor":30},{"not_picked":["PrismaMod:IllyaBoysLove+1","PrismaMod:IllyaBerserCAR"],"picked":"PrismaMod:IllyaBlindPoisonToss+1","floor":31},{"not_picked":["PrismaMod:IllyaAssassinRevenge+1","PrismaMod:IllyaAlice+1","PrismaMod:IllyaCarnivalOrbs+1"],"picked":"SKIP","floor":35},{"not_picked":["PrismaMod:IllyaStunPoison+1","PrismaMod:IllyaHassanGift+1"],"picked":"PrismaMod:IllyaCommandSeal+1","floor":36},{"not_picked":["PrismaMod:IllyaAOECommonAttack+1","PrismaMod:IllyaBlindPoisonToss+1","PrismaMod:IllyaHassanGift+1"],"picked":"SKIP","floor":38},{"not_picked":["PrismaMod:IllyaRubysPotion+1","PrismaMod:IllyaPoisoningPhantasm+1","PrismaMod:IllyaUncommonEvoke"],"picked":"SKIP","floor":39},{"not_picked":["PrismaMod:IllyaReinForce+1","PrismaMod:IllyaPartialInstallAssassin+1","PrismaMod:IllyaUncommonEvoke"],"picked":"SKIP","floor":42},{"not_picked":["PrismaMod:IllyaInstallBerserker","PrismaMod:IllyaMultiEvoke","PrismaMod:IllyaGrailKun+1"],"picked":"SKIP","floor":46},{"not_picked":["PrismaMod:IllyaBerserCAR","PrismaMod:IllyaTestament+1","PrismaMod:IllyaMaid+1"],"picked":"PrismaMod:IllyaGrail+1","floor":48}],"player_experience":133692,"relics_obtained":[{"floor":7,"key":"Oddly Smooth Stone"},{"floor":24,"key":"Regal Pillow"},{"floor":26,"key":"Toxic Egg 2"},{"floor":28,"key":"Matryoshka"},{"floor":43,"key":"Blood Vial"},{"floor":43,"key":"Ornamental Fan"},{"floor":45,"key":"Potion Belt"},{"floor":45,"key":"Happy Flower"},{"floor":46,"key":"Question Card"}],"event_choices":[{"cards_removed":["PrismaMod:IllyaCommonAttack"],"damage_healed":0,"gold_gain":0,"player_choice":"Card Removal","damage_taken":7,"max_hp_gain":0,"max_hp_loss":0,"event_name":"Golden Wing","floor":2,"gold_loss":0},{"damage_healed":0,"gold_gain":0,"player_choice":"Trade","damage_taken":0,"relics_obtained":["NlothsMask"],"max_hp_gain":0,"max_hp_loss":0,"event_name":"FaceTrader","floor":6,"gold_loss":0},{"damage_healed":0,"gold_gain":99,"player_choice":"Stole From Cult","damage_taken":0,"max_hp_gain":0,"max_hp_loss":0,"event_name":"Nest","floor":21,"gold_loss":0},{"damage_healed":0,"gold_gain":0,"player_choice":"Obtained Book","damage_taken":16,"max_hp_gain":0,"max_hp_loss":0,"event_name":"Cursed Tome","floor":22,"gold_loss":0},{"damage_healed":0,"gold_gain":0,"player_choice":"Copied","damage_taken":0,"max_hp_gain":0,"max_hp_loss":0,"event_name":"Duplicator","floor":29,"gold_loss":0,"cards_obtained":["PrismaMod:IllyaInstallShielder"]},{"damage_healed":0,"gold_gain":0,"player_choice":"1 cards matched","damage_taken":0,"max_hp_gain":0,"max_hp_loss":0,"event_name":"Match and Keep!","floor":37,"gold_loss":0,"cards_obtained":["Deep Breath"]},{"cards_removed":["PrismaMod:IllyaInstallShielder"],"damage_healed":29,"gold_gain":0,"player_choice":"Offered Rare","damage_taken":0,"max_hp_gain":10,"max_hp_loss":0,"event_name":"Bonfire Elementals","floor":47,"gold_loss":0}],"is_beta":false,"boss_relics":[{"not_picked":["Orrery","Runic Pyramid"],"picked":"Philosopher\u0027s Stone"},{"not_picked":["Calling Bell","Busted Crown"],"picked":"Runic Dome"}],"items_purged_floors":[5,19,41,44],"is_endless":false,"potions_floor_spawned":[1,7,11,13,20,23,24,33,36,42,46,48],"ascension_level":0}