{"gold_per_floor":[114,189,205,205,205,248,269,219,219,244,244,282,310,330,330,330],"floor_reached":16,"playtime":1042,"items_purged":[],"score":223,"play_id":"489f96bb-196e-42ed-bd8f-95f5e19802cf","local_time":"20190824060710","is_ascension_mode":true,"campfire_choices":[{"data":"Bash","floor":11,"key":"SMITH"},{"data":"Entrench","floor":15,"key":"SMITH"}],"neow_cost":"NONE","seed_source_timestamp":177540655998800,"circlet_count":0,"master_deck":["AscendersBane","Strike_R","Strike_R","Strike_R+1","Strike_R+1","Defend_R","Defend_R","Defend_R","Defend_R","Bash+1","Pommel Strike","Entrench+1","Cleave","Body Slam","Disarm","Carnage","Infernal Blade","Shrug It Off"],"relics":["Burning Blood","NeowsBlessing","Singing Bowl","Golden Idol","Incense Burner","Meat on the Bone","Whetstone","Odd Mushroom"],"potions_floor_usage":[12,13,16,16],"damage_taken":[{"damage":0,"enemies":"2 Louse","floor":1,"turns":1},{"damage":0,"enemies":"Small Slimes","floor":3,"turns":1},{"damage":0,"enemies":"Gremlin Nob","floor":6,"turns":1},{"damage":12,"enemies":"Jaw Worm","floor":7,"turns":3},{"damage":12,"enemies":"2 Fungi Beasts","floor":10,"turns":4},{"damage":21,"enemies":"3 Sentries","floor":12,"turns":6},{"damage":21,"enemies":"The Mushroom Lair","floor":13,"turns":4},{"damage":2,"enemies":"Looter","floor":14,"turns":3},{"damage":64,"enemies":"Hexaghost","floor":16,"turns":11}],"seed_played":"-6706795461951701283","potions_obtained":[{"floor":6,"key":"Ancient Potion"},{"floor":10,"key":"Fire Potion"},{"floor":12,"key":"BloodPotion"},{"floor":14,"key":"SpeedPotion"}],"is_trial":false,"path_per_floor":["M","?","M","?","?","E","M","?","T","M","R","E","?","M","R","B"],"character_chosen":"IRONCLAD","items_purchased":[],"campfire_rested":0,"item_purchase_floors":[],"current_hp_per_floor":[78,67,73,70,50,56,50,50,50,56,56,53,58,62,62,0],"gold":330,"neow_bonus":"THREE_ENEMY_KILL","is_prod":false,"is_daily":false,"chose_seed":false,"campfire_upgraded":2,"win_rate":0,"timestamp":1566594430,"path_taken":["M","?","M","?","?","E","M","?","T","M","R","E","?","?","R","BOSS"],"build_version":"2019-07-17","purchased_purges":0,"victory":false,"max_hp_per_floor":[80,80,80,80,80,80,80,80,80,80,80,80,80,80,80,80],"card_choices":[{"not_picked":["Perfected Strike","Armaments"],"picked":"Pommel Strike","floor":1},{"not_picked":["Perfected Strike","Shrug It Off"],"picked":"Entrench","floor":3},{"not_picked":["Heavy Blade","Warcry"],"picked":"Cleave","floor":6},{"not_picked":["True Grit","Perfected Strike"],"picked":"Body Slam","floor":7},{"not_picked":["Combust","Wild Strike"],"picked":"Disarm","floor":10},{"not_picked":["Feed","Perfected Strike"],"picked":"Carnage","floor":12},{"not_picked":["Clash","Headbutt"],"picked":"Infernal Blade","floor":13},{"not_picked":["Searing Blow","Sword Boomerang"],"picked":"Shrug It Off","floor":14}],"player_experience":184415,"relics_obtained":[{"floor":6,"key":"Incense Burner"},{"floor":9,"key":"Meat on the Bone"},{"floor":12,"key":"Whetstone"},{"floor":13,"key":"Odd Mushroom"}],"event_choices":[{"damage_healed":0,"gold_gain":75,"player_choice":"Gather Gold","damage_taken":11,"max_hp_gain":0,"max_hp_loss":0,"event_name":"World of Goop","floor":2,"gold_loss":0},{"damage_healed":0,"gold_gain":0,"player_choice":"Success","damage_taken":3,"relics_obtained":["Singing Bowl"],"max_hp_gain":0,"max_hp_loss":0,"event_name":"Scrap Ooze","floor":4,"gold_loss":0},{"damage_healed":0,"gold_gain":0,"player_choice":"Take Damage","damage_taken":20,"relics_obtained":["Golden Idol"],"max_hp_gain":0,"max_hp_loss":0,"event_name":"Golden Idol","floor":5,"gold_loss":0},{"cards_removed":["Strike_R"],"damage_healed":0,"gold_gain":0,"player_choice":"Card Removal","damage_taken":0,"max_hp_gain":0,"max_hp_loss":0,"event_name":"The Cleric","floor":8,"gold_loss":50},{"damage_healed":0,"gold_gain":0,"player_choice":"Fought Mushrooms","damage_taken":0,"max_hp_gain":0,"max_hp_loss":0,"event_name":"Mushrooms","floor":13,"gold_loss":0}],"is_beta":false,"boss_relics":[],"items_purged_floors":[],"is_endless":false,"potions_floor_spawned":[6,10,12,14],"killed_by":"Hexaghost","ascension_level":13}