{"gold_per_floor":[111,127,127,127,205,224,258,10,10,20,40,50,66,42,42,147,147,164,118,118,118,132,132,132,132,132,142,167,177,177,211,211,307,307,321,321,321,321,240,240,269,288,288,288,301,301],"floor_reached":46,"playtime":1747,"items_purged":[],"score":538,"play_id":"431362c2-e0f8-4695-808c-c51bad0324e8","local_time":"20190629020906","is_ascension_mode":false,"campfire_choices":[{"floor":15,"key":"REST"},{"floor":23,"key":"RECALL"},{"floor":25,"key":"REST"},{"floor":32,"key":"REST"},{"data":"Limit Break","floor":40,"key":"SMITH"}],"neow_cost":"NONE","seed_source_timestamp":230615915761400,"circlet_count":0,"master_deck":["Strike_R","Defend_R","Defend_R","Defend_R","Defend_R","Bash","Cleave+1","Demon Form+1","Thunderclap+1","Spot Weakness","Anger","Whirlwind","Limit Break+1","Sword Boomerang","Pommel Strike","Pommel Strike","Thunderclap","Brutality+1","Twin Strike","Seeing Red+1","Offering","Pummel","Sword Boomerang","Battle Trance","Reaper","Pummel"],"relics":["Astrolabe","Nunchaku","Orichalcum","Bottled Tornado","Shuriken","Velvet Choker","Ancient Tea Set","MutagenicStrength","Centennial Puzzle","Busted Crown","FossilizedHelix","Kunai"],"potions_floor_usage":[11,16,28,45,45,45,46],"damage_taken":[{"damage":4,"enemies":"Jaw Worm","floor":1,"turns":4},{"damage":1,"enemies":"Cultist","floor":2,"turns":3},{"damage":15,"enemies":"Small Slimes","floor":6,"turns":3},{"damage":18,"enemies":"3 Sentries","floor":7,"turns":3},{"damage":11,"enemies":"Exordium Thugs","floor":10,"turns":3},{"damage":1,"enemies":"3 Louse","floor":11,"turns":2},{"damage":10,"enemies":"Large Slime","floor":12,"turns":3},{"damage":5,"enemies":"Looter","floor":13,"turns":3},{"damage":0,"enemies":"Slime Boss","floor":16,"turns":5},{"damage":21,"enemies":"Spheric Guardian","floor":18,"turns":4},{"damage":6,"enemies":"Chosen","floor":22,"turns":3},{"damage":6,"enemies":"Sentry and Sphere","floor":27,"turns":3},{"damage":20,"enemies":"Book of Stabbing","floor":28,"turns":3},{"damage":6,"enemies":"Cultist and Chosen","floor":29,"turns":3},{"damage":23,"enemies":"Gremlin Leader","floor":31,"turns":4},{"damage":21,"enemies":"Collector","floor":33,"turns":4},{"damage":23,"enemies":"3 Darklings","floor":35,"turns":3},{"damage":16,"enemies":"Giant Head","floor":41,"turns":3},{"damage":66,"enemies":"3 Shapes","floor":42,"turns":3},{"damage":20,"enemies":"Sphere and 2 Shapes","floor":45,"turns":2},{"damage":6,"enemies":"4 Shapes","floor":46,"turns":1}],"seed_played":"-7093905427881350985","potions_obtained":[{"floor":1,"key":"Fire Potion"},{"floor":7,"key":"Block Potion"},{"floor":13,"key":"Block Potion"},{"floor":18,"key":"SpeedPotion"},{"floor":29,"key":"BloodPotion"},{"floor":31,"key":"EssenceOfSteel"},{"floor":41,"key":"PowerPotion"},{"floor":45,"key":"Swift Potion"}],"is_trial":false,"path_per_floor":["M","M","?","$","?","M","E","$","T","M","M","M","M","$","R","B",null,"M","$","?","$","M","R","?","R","T","M","E","M","?","E","R","B",null,"M","?","?","?","$","R","E","M","T","?","M","M"],"character_chosen":"IRONCLAD","items_purchased":["Bottled Tornado","Flex","Twin Strike","Pummel"],"campfire_rested":3,"item_purchase_floors":[8,14,19,39],"current_hp_per_floor":[76,75,72,72,72,57,39,39,39,28,27,17,12,12,36,36,80,59,59,59,59,53,53,38,63,63,57,37,31,31,8,33,12,85,62,62,62,62,62,62,60,18,18,18,6,0],"gold":301,"neow_bonus":"BOSS_RELIC","is_prod":false,"is_daily":false,"chose_seed":false,"campfire_upgraded":1,"win_rate":0,"timestamp":1561741746,"path_taken":["M","M","?","$","?","M","E","?","T","?","M","?","M","$","R","BOSS","M","$","?","$","?","R","?","R","T","M","E","M","?","E","R","BOSS","M","?","?","?","$","R","E","M","T","?","M","?"],"build_version":"2019-01-23","purchased_purges":0,"victory":false,"max_hp_per_floor":[80,80,80,80,80,80,80,80,80,80,80,80,80,80,80,80,80,80,80,80,80,80,80,85,85,85,85,85,85,85,85,85,85,85,85,81,81,81,81,81,81,81,81,81,81,81],"card_choices":[{"not_picked":["Iron Wave","Disarm"],"picked":"Spot Weakness","floor":1},{"not_picked":["Body Slam","Intimidate"],"picked":"Anger","floor":2},{"not_picked":["Thunderclap","Shrug It Off"],"picked":"Whirlwind","floor":6},{"not_picked":["Battle Trance","Dropkick"],"picked":"Limit Break","floor":7},{"not_picked":["Sever Soul","Flame Barrier"],"picked":"Sword Boomerang","floor":10},{"not_picked":["Cleave","Flame Barrier"],"picked":"Pommel Strike","floor":11},{"not_picked":["Iron Wave","Perfected Strike"],"picked":"Pommel Strike","floor":12},{"not_picked":["Body Slam","Clash"],"picked":"Thunderclap","floor":13},{"not_picked":["Offering","Bludgeon"],"picked":"Brutality","floor":16},{"not_picked":["Evolve+1","Shrug It Off","Perfected Strike"],"picked":"SKIP","floor":18},{"not_picked":["Anger+1","Combust"],"picked":"Seeing Red+1","floor":22},{"not_picked":["Body Slam","Flex"],"picked":"Offering","floor":27},{"not_picked":["Clash","Headbutt"],"picked":"Pummel","floor":28},{"not_picked":["Body Slam","Cleave"],"picked":"Sword Boomerang","floor":29},{"not_picked":["Shrug It Off","Warcry"],"picked":"Battle Trance","floor":31},{"not_picked":["Barricade","Juggernaut"],"picked":"Reaper","floor":33},{"not_picked":["Ghostly Armor"],"picked":"SKIP","floor":35},{"not_picked":["Offering"],"picked":"SKIP","floor":41},{"not_picked":["Clash+1"],"picked":"SKIP","floor":42},{"not_picked":["Feel No Pain"],"picked":"SKIP","floor":45}],"player_experience":36789,"relics_obtained":[{"floor":7,"key":"Orichalcum"},{"floor":9,"key":"Shuriken"},{"floor":28,"key":"Ancient Tea Set"},{"floor":31,"key":"Centennial Puzzle"},{"floor":41,"key":"FossilizedHelix"},{"floor":43,"key":"Kunai"}],"event_choices":[{"damage_healed":0,"gold_gain":0,"player_choice":"Success","damage_taken":3,"relics_obtained":["Nunchaku"],"max_hp_gain":0,"max_hp_loss":0,"event_name":"Scrap Ooze","floor":3,"gold_loss":0},{"damage_healed":0,"gold_gain":78,"player_choice":"Gained Gold","damage_taken":0,"max_hp_gain":0,"max_hp_loss":0,"event_name":"Golden Wing","floor":5,"gold_loss":0},{"damage_healed":0,"gold_gain":0,"player_choice":"Upgraded","damage_taken":0,"max_hp_gain":0,"max_hp_loss":0,"event_name":"Upgrade Shrine","floor":20,"gold_loss":0,"cards_upgraded":["Brutality"]},{"damage_healed":0,"gold_gain":0,"player_choice":"Shed Blood","damage_taken":20,"max_hp_gain":5,"max_hp_loss":0,"event_name":"Forgotten Altar","floor":24,"gold_loss":0},{"damage_healed":0,"gold_gain":0,"player_choice":"Inject Mutagens","damage_taken":0,"relics_obtained":["MutagenicStrength"],"max_hp_gain":0,"max_hp_loss":0,"event_name":"Drug Dealer","floor":30,"gold_loss":0},{"damage_healed":0,"gold_gain":0,"player_choice":"Max HP","damage_taken":0,"max_hp_gain":0,"max_hp_loss":4,"event_name":"Winding Halls","floor":36,"gold_loss":0},{"damage_healed":0,"gold_gain":0,"player_choice":"Ignored","damage_taken":0,"max_hp_gain":0,"max_hp_loss":0,"event_name":"Tomb of Lord Red Mask","floor":37,"gold_loss":0},{"cards_removed":["Flex"],"damage_healed":0,"gold_gain":0,"player_choice":"Removed Skill","damage_taken":0,"max_hp_gain":0,"max_hp_loss":0,"event_name":"Falling","floor":38,"gold_loss":0},{"cards_removed":["Strike_R"],"damage_healed":0,"gold_gain":0,"player_choice":"Purged","damage_taken":0,"max_hp_gain":0,"max_hp_loss":0,"event_name":"Purifier","floor":44,"gold_loss":0}],"is_beta":false,"boss_relics":[{"not_picked":["Fusion Hammer","Philosopher\u0027s Stone"],"picked":"Velvet Choker"},{"not_picked":["Runic Cube","Coffee Dripper"],"picked":"Busted Crown"}],"items_purged_floors":[],"is_endless":false,"potions_floor_spawned":[1,7,13,18,29,31,41,45],"killed_by":"4 Shapes","ascension_level":0}