{"gold_per_floor":[119,44,54,64,79,92,92,124,124,124,124],"floor_reached":11,"playtime":1156,"items_purged":["Strike_B"],"score":75,"play_id":"2025b0a0-4304-406b-8d3d-2c928bab89d7","local_time":"20190817091211","is_ascension_mode":false,"campfire_choices":[{"floor":7,"key":"RECALL"}],"neow_cost":"NONE","seed_source_timestamp":76941664013569,"circlet_count":0,"master_deck":["Strike_B","Strike_B","Defend_B","Defend_B","Defend_B","Defend_B","Zap","Dualcast","Fusion","Skim","Compile Driver","Rebound","White Noise"],"relics":["Snecko Eye","Mercury Hourglass","Cables"],"potions_floor_usage":[6,6,8],"damage_taken":[{"damage":5,"enemies":"Jaw Worm","floor":1,"turns":4},{"damage":5,"enemies":"Cultist","floor":3,"turns":6},{"damage":10,"enemies":"Small Slimes","floor":4,"turns":3},{"damage":2,"enemies":"2 Fungi Beasts","floor":5,"turns":4},{"damage":3,"enemies":"Large Slime","floor":6,"turns":6},{"damage":45,"enemies":"3 Sentries","floor":8,"turns":11},{"damage":8,"enemies":"Red Slaver","floor":11,"turns":1}],"seed_played":"-3087083339841709044","potions_obtained":[{"floor":1,"key":"SpeedPotion"},{"floor":4,"key":"PowerPotion"},{"floor":5,"key":"FearPotion"},{"floor":6,"key":"Energy Potion"}],"is_trial":false,"path_per_floor":["M","$","M","M","M","M","R","E","T","?","M"],"character_chosen":"DEFECT","items_purchased":[],"campfire_rested":0,"item_purchase_floors":[],"current_hp_per_floor":[70,70,65,55,53,50,50,5,5,5,0],"gold":124,"neow_bonus":"BOSS_RELIC","is_prod":false,"is_daily":false,"chose_seed":false,"campfire_upgraded":0,"win_rate":0,"timestamp":1566058331,"path_taken":["M","$","M","M","M","M","R","E","T","?","?"],"build_version":"2019-07-17","purchased_purges":1,"victory":false,"max_hp_per_floor":[75,75,75,75,75,75,75,75,75,75,75],"card_choices":[{"not_picked":["Hologram","Self Repair"],"picked":"Fusion","floor":1},{"not_picked":["Consume","Go for the Eyes"],"picked":"Skim","floor":3},{"not_picked":["Chill","Heatsinks","Redo"],"picked":"SKIP","floor":4},{"not_picked":["Gash","Heatsinks"],"picked":"Compile Driver","floor":5},{"not_picked":["Defragment","Lockon","Rebound"],"picked":"SKIP","floor":6},{"not_picked":["Conserve Battery","Barrage"],"picked":"Rebound","floor":8}],"player_experience":139048,"relics_obtained":[{"floor":8,"key":"Mercury Hourglass"},{"floor":9,"key":"Cables"}],"event_choices":[{"damage_healed":0,"gold_gain":0,"cards_transformed":["Strike_B"],"player_choice":"Transformed","damage_taken":0,"max_hp_gain":0,"max_hp_loss":0,"event_name":"Transmorgrifier","floor":10,"gold_loss":0,"cards_obtained":["White Noise"]}],"is_beta":false,"boss_relics":[],"items_purged_floors":[2],"is_endless":false,"potions_floor_spawned":[1,4,5,6],"killed_by":"Red Slaver","ascension_level":0}