{"gold_per_floor":[214,231,22,81,94,123,123,157,184,184,196,213,243,243,243,316,316,333,333,37,37,55,87,87,115,115,115,15,32,32,43,43,122,122,141,63,63,74,90,109,109,109,186,186,236,236,264,277,277,277],"floor_reached":50,"playtime":3315,"items_purged":["Strike_B","FTL"],"score":1206,"play_id":"487b0d10-54cd-45d2-9443-49d54c97f93e","local_time":"20181024225218","is_ascension_mode":true,"campfire_choices":[{"data":"Zap","floor":7.0,"key":"SMITH"},{"data":"Cold Snap","floor":10.0,"key":"SMITH"},{"floor":15.0,"key":"REST"},{"floor":24.0,"key":"REST"},{"floor":30.0,"key":"REST"},{"data":"Coolheaded","floor":32.0,"key":"SMITH"},{"floor":41.0,"key":"REST"},{"floor":46.0,"key":"REST"},{"floor":49.0,"key":"REST"}],"neow_cost":"NONE","seed_source_timestamp":0,"circlet_count":0,"master_deck":["Strike_B+1","Strike_B+1","Defend_B+1","Defend_B+1","Defend_B+1","Defend_B+1","Zap+1","Dualcast","AscendersBane","Coolheaded+1","Ball Lightning+1","Cold Snap+1","Leap","Compile Driver","Streamline","White Noise","Electrodynamics+1","Conserve Battery+1","Hologram","Conserve Battery","Loop+1","Sweeping Beam","Doom and Gloom+1","Rainbow+1","Conserve Battery+1","Compile Driver","Compile Driver","Compile Driver","Leap+1","Creative AI+1","Undo+1","Force Field+1","All For One","Reinforced Body+1","Coolheaded+1","Capacitor+1"],"special_seed":0,"relics":["Cracked Core","Whetstone","Bronze Scales","Oddly Smooth Stone","Boot","Frozen Egg 2","Snecko Eye","Art of War","Centennial Puzzle","Omamori","Toxic Egg 2","DataDisk","Orrery","Prayer Wheel","Sundial","Pen Nib"],"potions_floor_usage":[],"damage_taken":[{"damage":1.0,"enemies":"Cultist","floor":1.0,"turns":3.0},{"damage":5.0,"enemies":"Small Slimes","floor":2.0,"turns":3.0},{"damage":0.0,"enemies":"Jaw Worm","floor":5.0,"turns":3.0},{"damage":23.0,"enemies":"3 Sentries","floor":6.0,"turns":6.0},{"damage":5.0,"enemies":"Lagavulin","floor":8.0,"turns":5.0},{"damage":11.0,"enemies":"Blue Slaver","floor":11.0,"turns":2.0},{"damage":13.0,"enemies":"Exordium Thugs","floor":12.0,"turns":3.0},{"damage":0.0,"enemies":"3 Sentries","floor":13.0,"turns":7.0},{"damage":13.0,"enemies":"The Guardian","floor":16.0,"turns":12.0},{"damage":4.0,"enemies":"3 Byrds","floor":18.0,"turns":2.0},{"damage":13.0,"enemies":"2 Thieves","floor":22.0,"turns":3.0},{"damage":24.0,"enemies":"Slavers","floor":23.0,"turns":3.0},{"damage":0.0,"enemies":"Gremlin Leader","floor":25.0,"turns":5.0},{"damage":14.0,"enemies":"Centurion and Healer","floor":29.0,"turns":3.0},{"damage":0.0,"enemies":"Snecko","floor":31.0,"turns":4.0},{"damage":19.0,"enemies":"Collector","floor":33.0,"turns":9.0},{"damage":7.0,"enemies":"Orb Walker","floor":35.0,"turns":3.0},{"damage":0.0,"enemies":"3 Shapes","floor":38.0,"turns":2.0},{"damage":21.0,"enemies":"Sphere and 2 Shapes","floor":39.0,"turns":4.0},{"damage":16.0,"enemies":"Writhing Mass","floor":40.0,"turns":7.0},{"damage":0.0,"enemies":"Mind Bloom Boss Battle","floor":42.0,"turns":4.0},{"damage":2.0,"enemies":"Giant Head","floor":47.0,"turns":6.0},{"damage":19.0,"enemies":"Maw","floor":48.0,"turns":8.0},{"damage":61,"enemies":"Time Eater","floor":50,"turns":13}],"seed_played":"-926376076941752915","potions_obtained":[{"floor":2.0,"key":"PowerPotion"},{"floor":8.0,"key":"SteroidPotion"},{"floor":11.0,"key":"LiquidBronze"},{"floor":13.0,"key":"Regen Potion"},{"floor":18.0,"key":"GamblersBrew"},{"floor":29.0,"key":"SkillPotion"},{"floor":31.0,"key":"Regen Potion"},{"floor":35.0,"key":"Strength Potion"},{"floor":47.0,"key":"Block Potion"}],"is_trial":false,"path_per_floor":["M","M","$","?","M","E","R","E","T","R","M","M","E","?","R","B",null,"M","?","$","?","M","E","R","E","T","?","$","M","R","M","R","B",null,"M","$","?","M","M","M","R","?","T","?","?","R","E","M","R"],"character_chosen":"DEFECT","items_purchased":["Ball Lightning","Whetstone","Hologram","Art of War","Creative AI+1"],"campfire_rested":6,"item_purchase_floors":[3,3,20,20,36],"current_hp_per_floor":[63,58,58,58,58,35,35,30,30,30,19,6,6,6,27,29,61,57,47,47,47,34,10,31,31,31,31,31,17,38,38,38,34,62,55,55,55,55,34,18,39,39,39,39,39,60,58,39,60,0],"gold":277,"neow_bonus":"HUNDRED_GOLD","is_prod":false,"is_daily":false,"chose_seed":false,"campfire_upgraded":3,"win_rate":0,"timestamp":1540417938,"path_taken":["M","M","$","?","M","E","R","E","T","R","M","M","E","?","R","BOSS","M","?","$","?","M","E","R","E","T","?","$","M","R","M","R","BOSS","M","$","?","M","M","?","R","?","T","?","?","R","E","M","R","BOSS"],"build_version":"2018-10-23","purchased_purges":2,"victory":false,"max_hp_per_floor":[71,71,71,71,71,71,71,71,71,71,71,71,71,71,71,71,71,71,71,71,71,71,71,71,71,71,71,71,71,71,71,71,71,71,71,71,71,71,71,71,71,71,71,71,71,71,71,71,71,71],"card_choices":[{"not_picked":["Aggregate","Undo"],"picked":"Coolheaded","floor":1.0},{"not_picked":["Beam Cell","Rebound"],"picked":"FTL","floor":2.0},{"not_picked":["Tempest","Gash"],"picked":"Cold Snap","floor":5.0},{"not_picked":["Scrape","Rip and Tear"],"picked":"Leap","floor":6.0},{"not_picked":["Redo","Blizzard","Steam"],"picked":"SKIP","floor":8.0},{"not_picked":["Turbo","Fusion"],"picked":"Compile Driver","floor":11.0},{"not_picked":["Heatsinks","Coolheaded"],"picked":"Streamline","floor":12.0},{"not_picked":["Stack","Aggregate"],"picked":"White Noise","floor":13.0},{"not_picked":["Amplify","Biased Cognition+1"],"picked":"Electrodynamics+1","floor":16.0},{"not_picked":["Gash","Melter"],"picked":"Conserve Battery+1","floor":18.0},{"not_picked":["Darkness","Scrape+1"],"picked":"Conserve Battery","floor":22.0},{"not_picked":["Rebound","Double Energy","Ball Lightning+1"],"picked":"SKIP","floor":23.0},{"not_picked":["Heatsinks+1","Go for the Eyes"],"picked":"Loop+1","floor":25.0},{"not_picked":["White Noise+1","Beam Cell"],"picked":"Sweeping Beam","floor":29.0},{"not_picked":["Lockon","Ball Lightning"],"picked":"Doom and Gloom+1","floor":31.0},{"not_picked":["Machine Learning+1","Seek+1"],"picked":"Rainbow+1","floor":33.0},{"not_picked":["Redo+1","Steam+1"],"picked":"Conserve Battery+1","floor":34.0},{"not_picked":["Ball Lightning","Double Energy+1"],"picked":"Compile Driver","floor":34.0},{"not_picked":["Storm+1","Gash+1"],"picked":"Compile Driver","floor":34.0},{"not_picked":["Steam+1","Storm+1"],"picked":"Compile Driver","floor":34.0},{"not_picked":["Loop+1","Turbo+1"],"picked":"Leap+1","floor":34.0},{"not_picked":["Barrage","Skim+1","Double Energy+1"],"picked":"SKIP","floor":35.0},{"not_picked":["Hologram+1","Barrage+1"],"picked":"Undo+1","floor":38.0},{"not_picked":["Conserve Battery+1","Redo+1"],"picked":"Force Field+1","floor":39.0},{"not_picked":["Scrape+1","Consume+1"],"picked":"All For One","floor":40.0},{"not_picked":["Beam Cell","Streamline+1"],"picked":"Reinforced Body+1","floor":42.0},{"not_picked":["Aggregate+1","Coolheaded+1","Go for the Eyes"],"picked":"SKIP","floor":47.0},{"not_picked":["Undo+1","Redo+1"],"picked":"Capacitor+1","floor":48.0},{"not_picked":["Barrage+1","Auto Shields+1","Cold Snap+1"],"picked":"SKIP","floor":48.0}],"player_experience":1524623,"relics_obtained":[{"floor":6.0,"key":"Bronze Scales"},{"floor":8.0,"key":"Oddly Smooth Stone"},{"floor":9.0,"key":"Boot"},{"floor":13.0,"key":"Frozen Egg 2"},{"floor":23.0,"key":"Centennial Puzzle"},{"floor":25.0,"key":"Omamori"},{"floor":26.0,"key":"Toxic Egg 2"},{"floor":42.0,"key":"Prayer Wheel"},{"floor":43.0,"key":"Sundial"},{"floor":47.0,"key":"Pen Nib"}],"event_choices":[{"damage_healed":0.0,"max_hp_gain":0.0,"max_hp_loss":0.0,"gold_gain":59.0,"event_name":"Golden Wing","player_choice":"Gained Gold","floor":4.0,"gold_loss":0.0,"damage_taken":0.0},{"damage_healed":0.0,"max_hp_gain":0.0,"max_hp_loss":0.0,"gold_gain":0.0,"event_name":"Liars Game","player_choice":"Ignored","floor":14.0,"gold_loss":0.0,"damage_taken":0.0},{"damage_healed":0.0,"max_hp_gain":0.0,"max_hp_loss":0.0,"gold_gain":0.0,"event_name":"Wheel of Change","player_choice":"Damaged","floor":19.0,"gold_loss":0.0,"damage_taken":10.0},{"damage_healed":0.0,"max_hp_gain":0.0,"max_hp_loss":0.0,"gold_gain":0.0,"event_name":"Back to Basics","player_choice":"Simplicity","floor":21.0,"gold_loss":0.0,"damage_taken":0.0,"cards_upgraded":["Strike_B","Strike_B","Defend_B","Defend_B","Defend_B","Defend_B"]},{"damage_healed":0.0,"max_hp_gain":0.0,"max_hp_loss":0.0,"gold_gain":0.0,"event_name":"Addict","player_choice":"Stole Relic","floor":27.0,"gold_loss":0.0,"damage_taken":0.0,"relics_obtained":["DataDisk"],"cards_obtained":["Shame"]},{"cards_removed":["Strike_B"],"damage_healed":0.0,"max_hp_gain":0.0,"max_hp_loss":0.0,"gold_gain":0.0,"event_name":"Falling","player_choice":"Removed Attack","floor":37.0,"gold_loss":0.0,"damage_taken":0.0},{"damage_healed":0.0,"max_hp_gain":0.0,"max_hp_loss":0.0,"gold_gain":0.0,"event_name":"MindBloom","player_choice":"Fight","floor":42.0,"gold_loss":0.0,"damage_taken":0.0},{"damage_healed":0.0,"max_hp_gain":0.0,"max_hp_loss":0.0,"gold_gain":0.0,"event_name":"Duplicator","player_choice":"Copied","floor":44.0,"gold_loss":0.0,"damage_taken":0.0,"cards_obtained":["Coolheaded"]},{"damage_healed":0.0,"max_hp_gain":0.0,"max_hp_loss":0.0,"gold_gain":100.0,"event_name":"Golden Shrine","player_choice":"Pray","floor":45.0,"gold_loss":0.0,"damage_taken":0.0}],"is_beta":true,"boss_relics":[{"not_picked":["Eternal Feather","Cursed Key"],"picked":"Snecko Eye"},{"not_picked":["Pandora\u0027s Box","FrozenCore"],"picked":"Orrery"}],"items_purged_floors":[20,28],"is_endless":false,"potions_floor_spawned":[2,8,11,13,18,29,31,35,38,47],"killed_by":"Time Eater","ascension_level":20}