{"gold_per_floor":[116,132,132,132,147,147,174,194,194,194,209,36,63,28,28,106,106,118,218,143,143,154,154,174,203,227,239,239,239,239,251,251,251],"floor_reached":33,"playtime":2407,"items_purged":["Strike_B"],"score":600,"play_id":"1b743a06-53a3-48f1-9cb7-46992c93da0f","local_time":"20190524203154","is_ascension_mode":true,"campfire_choices":[{"data":"Zap","floor":6,"key":"SMITH"},{"floor":10,"key":"REST"},{"data":"Recycle","floor":15,"key":"SMITH"},{"floor":23,"key":"REST"},{"floor":28,"key":"REST"},{"floor":30,"key":"REST"},{"data":"Consume","floor":32,"key":"SMITH"}],"neow_cost":"NONE","seed_source_timestamp":52554610280439,"circlet_count":0,"master_deck":["AscendersBane","Strike_B","Defend_B","Defend_B","Defend_B+1","Defend_B","Zap+1","Dualcast+1","Coolheaded","Ball Lightning","Cold Snap","Sweeping Beam","Hologram","Rip and Tear","Recycle+1","Electrodynamics","Streamline+1","Sunder","Go for the Eyes+1","Undo","Consume+1"],"relics":["Cracked Core","Bag of Preparation","Dodecahedron","Symbiotic Virus","Potion Belt","Snecko Eye","Pocketwatch","Blue Candle","Unceasing Top","Orichalcum"],"potions_floor_usage":[13,19,19,25],"damage_taken":[{"damage":0,"enemies":"Cultist","floor":1,"turns":3},{"damage":2,"enemies":"Small Slimes","floor":2,"turns":3},{"damage":7,"enemies":"Jaw Worm","floor":5,"turns":2},{"damage":11,"enemies":"3 Sentries","floor":7,"turns":8},{"damage":1,"enemies":"3 Louse","floor":8,"turns":4},{"damage":0,"enemies":"2 Fungi Beasts","floor":11,"turns":2},{"damage":0,"enemies":"Gremlin Nob","floor":13,"turns":2},{"damage":40,"enemies":"Slime Boss","floor":16,"turns":10},{"damage":15,"enemies":"Shell Parasite","floor":18,"turns":6},{"damage":26,"enemies":"Colosseum Slavers","floor":19,"turns":3},{"damage":0,"enemies":"Colosseum Nobs","floor":19,"turns":2},{"damage":3,"enemies":"2 Thieves","floor":22,"turns":2},{"damage":0,"enemies":"3 Cultists","floor":24,"turns":3},{"damage":18,"enemies":"Gremlin Leader","floor":25,"turns":3},{"damage":10,"enemies":"Centurion and Healer","floor":27,"turns":3},{"damage":0,"enemies":"Snecko","floor":31,"turns":3},{"damage":75,"enemies":"Collector","floor":33,"turns":8}],"seed_played":"-1173399197527366489","potions_obtained":[{"floor":5,"key":"SkillPotion"},{"floor":8,"key":"SneckoOil"},{"floor":13,"key":"AttackPotion"},{"floor":19,"key":"SkillPotion"},{"floor":25,"key":"Dexterity Potion"}],"is_trial":false,"path_per_floor":["M","M","?","?","M","R","E","M","T","R","M","$","E","?","R","B",null,"M","?","?","?","M","R","M","E","T","M","R","?","R","M","R","B"],"character_chosen":"DEFECT","items_purchased":["Rip and Tear","Fire Potion"],"campfire_rested":4,"item_purchase_floors":[12,12],"current_hp_per_floor":[64,62,55,34,27,27,16,15,15,36,36,36,36,53,53,13,57,42,16,16,16,13,34,34,16,16,6,27,27,48,48,48,0],"gold":251,"neow_bonus":"RANDOM_COMMON_RELIC","is_prod":false,"is_daily":false,"chose_seed":false,"campfire_upgraded":3,"win_rate":0,"timestamp":1558726314,"path_taken":["M","M","?","?","M","R","E","M","T","R","M","?","E","?","R","BOSS","M","?","?","?","M","R","M","E","T","M","R","?","R","M","R","BOSS"],"build_version":"2019-05-24","purchased_purges":1,"victory":false,"max_hp_per_floor":[71,71,71,71,71,71,71,71,71,71,71,71,71,71,71,71,71,71,71,71,71,71,71,71,71,71,71,71,71,71,71,71,71],"card_choices":[{"not_picked":["Steam","Turbo"],"picked":"Coolheaded","floor":1},{"not_picked":["Steam","Reprogram"],"picked":"Ball Lightning","floor":2},{"not_picked":["Sweeping Beam","Steam"],"picked":"Cold Snap","floor":5},{"not_picked":["Skim","Turbo","Redo"],"picked":"SKIP","floor":7},{"not_picked":["BootSequence","Cold Snap"],"picked":"Sweeping Beam","floor":8},{"not_picked":["Hello World","Auto Shields"],"picked":"Hologram","floor":11},{"not_picked":["Stack","Redo"],"picked":"Recycle","floor":13},{"not_picked":["Biased Cognition","Meteor Strike"],"picked":"Electrodynamics","floor":16},{"not_picked":["BootSequence+1","Go for the Eyes","Stack"],"picked":"SKIP","floor":18},{"not_picked":["Redo","FTL"],"picked":"Streamline+1","floor":19},{"not_picked":["Hologram","Scrape"],"picked":"Sunder","floor":22},{"not_picked":["Beam Cell","Rebound","Scrape"],"picked":"SKIP","floor":24},{"not_picked":["Cold Snap","Rip and Tear"],"picked":"Go for the Eyes+1","floor":25},{"not_picked":["Steam","Aggregate+1"],"picked":"Undo","floor":27},{"not_picked":["Redo+1","Streamline"],"picked":"Consume","floor":31}],"player_experience":2067089,"relics_obtained":[{"floor":7,"key":"Dodecahedron"},{"floor":9,"key":"Symbiotic Virus"},{"floor":13,"key":"Potion Belt"},{"floor":19,"key":"Pocketwatch"},{"floor":19,"key":"Blue Candle"},{"floor":25,"key":"Unceasing Top"},{"floor":26,"key":"Orichalcum"}],"event_choices":[{"cards_removed":["Strike_B"],"damage_healed":0,"gold_gain":0,"player_choice":"Card Removal","damage_taken":7,"max_hp_gain":0,"max_hp_loss":0,"event_name":"Golden Wing","floor":3,"gold_loss":0},{"damage_healed":0,"gold_gain":0,"player_choice":"Entered Light","damage_taken":21,"max_hp_gain":0,"max_hp_loss":0,"event_name":"Shining Light","floor":4,"gold_loss":0,"cards_upgraded":["Defend_B","Dualcast"]},{"damage_healed":17,"gold_gain":0,"player_choice":"Healed","damage_taken":0,"max_hp_gain":0,"max_hp_loss":0,"event_name":"The Cleric","floor":14,"gold_loss":35},{"damage_healed":0,"gold_gain":0,"player_choice":"Fight","damage_taken":0,"max_hp_gain":0,"max_hp_loss":0,"event_name":"Colosseum","floor":19,"gold_loss":0},{"damage_healed":0,"gold_gain":0,"player_choice":"Fought Nobs","damage_taken":0,"max_hp_gain":0,"max_hp_loss":0,"event_name":"Colosseum","floor":19,"gold_loss":0},{"cards_removed":["Strike_B"],"damage_healed":0,"gold_gain":0,"player_choice":"Gave Gold","damage_taken":0,"max_hp_gain":0,"max_hp_loss":0,"event_name":"Beggar","floor":20,"gold_loss":75},{"damage_healed":0,"gold_gain":0,"player_choice":"Ignored","damage_taken":0,"max_hp_gain":0,"max_hp_loss":0,"event_name":"Cursed Tome","floor":21,"gold_loss":0},{"damage_healed":0,"gold_gain":0,"player_choice":"Ignored","damage_taken":0,"max_hp_gain":0,"max_hp_loss":0,"event_name":"Vampires","floor":29,"gold_loss":0}],"is_beta":true,"boss_relics":[{"not_picked":["Sozu","Calling Bell"],"picked":"Snecko Eye"}],"items_purged_floors":[12],"is_endless":false,"potions_floor_spawned":[5,8,13,19,25],"killed_by":"Collector","ascension_level":20}