{"gold_per_floor":[115,130,130,153,36,368,378,378,424,436,448,492,484,511,523,612,624,655,667,692,717,729],"floor_reached":22,"playtime":823,"items_purged":[],"score":388,"play_id":"322dee50-1c0c-4eca-99d1-65ebf137502c","local_time":"20190622004532","is_ascension_mode":true,"campfire_choices":[{"data":"Adrenaline","floor":8,"key":"SMITH"},{"data":"Dagger Spray","floor":10,"key":"SMITH"},{"floor":15,"key":"REST"}],"neow_cost":"PERCENT_DAMAGE","seed_source_timestamp":369742013069221,"circlet_count":0,"master_deck":["AscendersBane","Strike_G","Strike_G","Strike_G","Strike_G","Strike_G","Defend_G","Defend_G","Defend_G","Defend_G","Defend_G","Survivor","Neutralize","Choke","Dagger Spray+1","Predator","Noxious Fumes","Adrenaline+1","Deadly Poison","PiercingWail","Deadly Poison","Normality"],"relics":["Ring of the Snake","Calipers","PreservedInsect","Old Coin","MawBank","Oddly Smooth Stone","Velvet Choker"],"potions_floor_usage":[6,21],"damage_taken":[{"damage":0,"enemies":"2 Louse","floor":1,"turns":5},{"damage":3,"enemies":"Jaw Worm","floor":2,"turns":4},{"damage":17,"enemies":"Lagavulin","floor":6,"turns":6},{"damage":0,"enemies":"Small Slimes","floor":7,"turns":3},{"damage":15,"enemies":"3 Sentries","floor":12,"turns":4},{"damage":0,"enemies":"Red Slaver","floor":14,"turns":3},{"damage":26,"enemies":"The Guardian","floor":16,"turns":10},{"damage":0,"enemies":"Spheric Guardian","floor":18,"turns":2},{"damage":18,"enemies":"3 Byrds","floor":20,"turns":5},{"damage":36,"enemies":"Cultist and Chosen","floor":21,"turns":7},{"damage":4,"enemies":"Snecko","floor":22,"turns":3}],"seed_played":"6940750387739301922","potions_obtained":[{"floor":1,"key":"Energy Potion"},{"floor":7,"key":"Swift Potion"},{"floor":12,"key":"FearPotion"},{"floor":13,"key":"AttackPotion"}],"is_trial":false,"path_per_floor":["M","M","?","T","$","E","M","R","T","R","?","E","?","M","R","B",null,"M","?","M","M","M"],"character_chosen":"THE_SILENT","items_purchased":["Predator","Noxious Fumes"],"campfire_rested":1,"item_purchase_floors":[5,5],"current_hp_per_floor":[44,41,46,46,46,29,29,29,29,29,29,14,14,14,35,9,56,56,56,38,2,0],"gold":729,"neow_bonus":"ONE_RARE_RELIC","is_prod":false,"is_daily":false,"chose_seed":false,"campfire_upgraded":2,"win_rate":0,"timestamp":1561160732,"path_taken":["M","M","?","?","$","E","M","R","T","R","?","E","?","?","R","BOSS","M","?","?","M","M"],"build_version":"2019-06-21","purchased_purges":0,"victory":false,"max_hp_per_floor":[66,66,71,71,71,71,71,71,71,71,71,71,71,71,71,71,71,71,71,71,71,71],"card_choices":[{"not_picked":["Blade Dance","PiercingWail"],"picked":"Choke","floor":1},{"not_picked":["Quick Slash","Finisher"],"picked":"Dagger Spray","floor":2},{"not_picked":["Escape Plan","Unload"],"picked":"Adrenaline","floor":6},{"not_picked":["Predator","Blade Dance"],"picked":"Deadly Poison","floor":7},{"not_picked":["Catalyst","Flying Knee"],"picked":"PiercingWail","floor":12},{"not_picked":["Acrobatics","Dash"],"picked":"Deadly Poison","floor":14},{"not_picked":["Blade Dance","Slice","Outmaneuver"],"picked":"SKIP","floor":18},{"not_picked":["Sucker Punch","Calculated Gamble","Underhanded Strike"],"picked":"SKIP","floor":20},{"not_picked":["Dash","Storm of Steel","Calculated Gamble"],"picked":"SKIP","floor":21}],"player_experience":2133730,"relics_obtained":[{"floor":4,"key":"PreservedInsect"},{"floor":6,"key":"Old Coin"},{"floor":9,"key":"MawBank"},{"floor":12,"key":"Oddly Smooth Stone"}],"event_choices":[{"damage_healed":0,"gold_gain":0,"player_choice":"Donut","damage_taken":0,"max_hp_gain":5,"max_hp_loss":0,"event_name":"Big Fish","floor":3,"gold_loss":0},{"damage_healed":0,"gold_gain":0,"player_choice":"Ignored","damage_taken":0,"max_hp_gain":0,"max_hp_loss":0,"event_name":"Liars Game","floor":11,"gold_loss":0},{"damage_healed":0,"gold_gain":0,"player_choice":"Bought 1 Potion","damage_taken":0,"max_hp_gain":0,"max_hp_loss":0,"event_name":"The Woman in Blue","floor":13,"gold_loss":0},{"damage_healed":0,"gold_gain":0,"player_choice":"1 cards matched","damage_taken":0,"max_hp_gain":0,"max_hp_loss":0,"event_name":"Match and Keep!","floor":19,"gold_loss":0,"cards_obtained":["Normality"]}],"is_beta":true,"boss_relics":[{"not_picked":["Coffee Dripper","HoveringKite"],"picked":"Velvet Choker"}],"items_purged_floors":[],"is_endless":false,"potions_floor_spawned":[1,7,12,20],"killed_by":"Snecko","ascension_level":20}