{"gold_per_floor":[367,378,16,27,42,76,76,92,92,120,120,140,175,185,185,258,258,274,274,274,274,287,287,287],"floor_reached":24,"playtime":857,"items_purged":[],"score":536,"play_id":"e9887cbc-8c9c-4775-b0e9-c5cfe9a49da9","local_time":"20190701040112","is_ascension_mode":true,"campfire_choices":[{"data":"Immolate","floor":7.0,"key":"SMITH"},{"floor":11.0,"key":"REST"},{"data":"Armaments","floor":15.0,"key":"SMITH"},{"floor":23.0,"key":"REST"}],"neow_cost":"TEN_PERCENT_HP_LOSS","seed_source_timestamp":0,"circlet_count":0,"master_deck":["AscendersBane","Defend_R","Defend_R","Defend_R","Defend_R","Bash","Headbutt","Inflame","Immolate+1","True Grit","Armaments+1","Offering","Inflame","Exhume","Shrug It Off","Shockwave","Shrug It Off","Offering","Brutality+1","Searing Blow+1","Intimidate+1","Shrug It Off","Reckless Charge","Ghostly","Ghostly","Ghostly"],"special_seed":0,"relics":["Burning Blood","OrangePellets","Ornamental Fan","Bottled Flame","Thread and Needle","Paper Frog","Astrolabe"],"potions_floor_usage":[24,24],"damage_taken":[{"damage":6.0,"enemies":"Cultist","floor":1.0,"turns":4.0},{"damage":7.0,"enemies":"Jaw Worm","floor":2.0,"turns":3.0},{"damage":11.0,"enemies":"Small Slimes","floor":4.0,"turns":3.0},{"damage":15.0,"enemies":"Exordium Thugs","floor":5.0,"turns":4.0},{"damage":27.0,"enemies":"Gremlin Nob","floor":6.0,"turns":4.0},{"damage":0.0,"enemies":"Lots of Slimes","floor":8.0,"turns":1.0},{"damage":21.0,"enemies":"Lagavulin","floor":10.0,"turns":5.0},{"damage":4.0,"enemies":"Blue Slaver","floor":12.0,"turns":4.0},{"damage":3.0,"enemies":"Gremlin Nob","floor":13.0,"turns":3.0},{"damage":6.0,"enemies":"Large Slime","floor":14.0,"turns":3.0},{"damage":12.0,"enemies":"The Guardian","floor":16.0,"turns":9.0},{"damage":14.0,"enemies":"Shell Parasite","floor":18.0,"turns":5.0},{"damage":33.0,"enemies":"2 Thieves","floor":22.0,"turns":4.0},{"damage":27,"enemies":"Slavers","floor":24,"turns":6}],"seed_played":"-5797600505531320174","potions_obtained":[{"floor":4.0,"key":"Block Potion"},{"floor":5.0,"key":"Strength Potion"},{"floor":6.0,"key":"PowerPotion"},{"floor":14.0,"key":"Dexterity Potion"},{"floor":22.0,"key":"Poison Potion"}],"is_trial":false,"path_per_floor":["M","M","$","M","M","E","R","M","T","E","R","M","E","M","R","B",null,"M","?","?","?","M","R","E"],"character_chosen":"IRONCLAD","items_purchased":["OrangePellets","Immolate"],"campfire_rested":2,"item_purchase_floors":[3,3],"current_hp_per_floor":[68,67,67,62,53,32,32,38,38,23,43,45,48,48,48,42,62,54,54,54,34,7,17,0],"gold":287,"neow_bonus":"TWO_FIFTY_GOLD","is_prod":false,"is_daily":false,"chose_seed":false,"campfire_upgraded":2,"win_rate":0,"timestamp":1561950072,"path_taken":["M","M","$","M","?","E","R","M","T","E","R","M","E","M","R","BOSS","M","?","?","?","?","R","E"],"build_version":"2019-06-29","purchased_purges":0,"victory":false,"max_hp_per_floor":[68,68,68,68,68,68,68,68,68,68,68,68,68,68,68,68,68,68,68,68,34,34,34,34],"card_choices":[{"not_picked":["Wild Strike","Whirlwind"],"picked":"Headbutt","floor":1.0},{"not_picked":["Headbutt","True Grit"],"picked":"Inflame","floor":2.0},{"not_picked":["Hemokinesis","Searing Blow"],"picked":"True Grit","floor":4.0},{"not_picked":["Perfected Strike","Flex"],"picked":"Armaments","floor":5.0},{"not_picked":["Sword Boomerang","Rage"],"picked":"Offering","floor":6.0},{"not_picked":["Corruption","Shrug It Off"],"picked":"Inflame","floor":8.0},{"not_picked":["Armaments","Warcry"],"picked":"Exhume","floor":10.0},{"not_picked":["Pommel Strike","Metallicize"],"picked":"Shrug It Off","floor":12.0},{"not_picked":["Fire Breathing","Pommel Strike"],"picked":"Shockwave","floor":13.0},{"not_picked":["Twin Strike","Flex"],"picked":"Shrug It Off","floor":14.0},{"not_picked":["Immolate","Brutality"],"picked":"Offering","floor":16.0},{"not_picked":["Warcry","Cleave","Thunderclap"],"picked":"SKIP","floor":18.0},{"not_picked":["Spot Weakness","Carnage+1","Body Slam"],"picked":"SKIP","floor":22.0}],"player_experience":2163430,"relics_obtained":[{"floor":6.0,"key":"Ornamental Fan"},{"floor":9.0,"key":"Bottled Flame"},{"floor":10.0,"key":"Thread and Needle"},{"floor":13.0,"key":"Paper Frog"}],"event_choices":[{"damage_healed":0.0,"max_hp_gain":0.0,"max_hp_loss":0.0,"gold_gain":0.0,"cards_transformed":["Strike_R","Strike_R"],"event_name":"Drug Dealer","player_choice":"Became Test Subject","floor":19.0,"gold_loss":0.0,"damage_taken":0.0,"cards_obtained":["Shrug It Off","Reckless Charge"]},{"damage_healed":0.0,"max_hp_gain":0.0,"max_hp_loss":0.0,"gold_gain":0.0,"event_name":"The Mausoleum","player_choice":"Ignored","floor":20.0,"gold_loss":0.0,"damage_taken":0.0},{"damage_healed":0.0,"max_hp_gain":0.0,"max_hp_loss":34.0,"gold_gain":0.0,"event_name":"Ghosts","player_choice":"Became a Ghost","floor":21.0,"gold_loss":0.0,"damage_taken":0.0,"cards_obtained":["Ghostly","Ghostly","Ghostly"]}],"is_beta":true,"boss_relics":[{"not_picked":["Velvet Choker","Fusion Hammer"],"picked":"Astrolabe"}],"items_purged_floors":[],"is_endless":false,"potions_floor_spawned":[4,5,6,10,12,14,16,22],"killed_by":"Slavers","ascension_level":20}