{"path_per_floor":["M","$","M","M","M","R","E","?","T","E","R","E","R","T","R","B",null,"M","?","$","M","?","R","M","R","T","M","M","?","E","?","R","B",null,"M","M","?","M","M","R","M","R","T","?","$","M","R","?","R","B"],"character_chosen":"IRONCLAD","items_purchased":["Metallicize","Whetstone"],"gold_per_floor":[116,44,57,73,87,87,114,114,114,141,141,167,167,167,167,270,270,270,270,41,41,41,41,41,41,41,41,41,41,41,41,41,41,41,41,41,41,41,41,41,41,41,41,41,41,41,41,0,0,0],"floor_reached":51,"campfire_rested":3,"playtime":3384,"item_purchase_floors":[],"current_hp_per_floor":[40,40,46,51,50,50,17,17,27,21,48,40,40,40,40,46,79,79,79,79,72,72,72,59,59,59,38,44,44,21,21,21,19,39,41,45,41,18,17,17,13,26,26,20,20,22,22,22,35,18],"items_purged":["Strike_R"],"gold":0,"score":1009,"play_id":"24a4cdd8-1596-4243-ad3e-5cd62c7afcbb","local_time":"20180521211845","is_prod":false,"is_daily":false,"chose_seed":false,"is_ascension_mode":true,"campfire_upgraded":4,"timestamp":1526933925,"campfire_choices":[{"data":"Body Slam","floor":6.0,"key":"SMITH"},{"floor":11.0,"key":"REST"},{"data":"Entrench","floor":13.0,"key":"SMITH"},{"data":"Strike_R","floor":15.0,"key":"PURGE"},{"data":"Clothesline","floor":23.0,"key":"SMITH"},{"data":"Seeing Red","floor":25.0,"key":"SMITH"},{"data":"Decay","floor":32.0,"key":"PURGE"},{"data":"Defend_R","floor":40.0,"key":"PURGE"},{"floor":42.0,"key":"REST"},{"data":"Defend_R","floor":47.0,"key":"PURGE"},{"floor":49.0,"key":"REST"}],"path_taken":["M","$","M","M","M","R","E","?","T","E","R","E","R","?","R","BOSS","M","?","$","M","?","R","?","R","T","M","M","?","E","?","R","BOSS","M","M","?","M","?","R","M","R","T","?","$","M","R","?","R","BOSS"],"build_version":"2018-05-18","seed_source_timestamp":0,"purchased_purges":1,"victory":true,"master_deck":["Defend_R","Defend_R+1","Bash+1","Entrench+1","Seeing Red+1","Clothesline+1","Metallicize","Body Slam+1","Shrug It Off+1","Pommel Strike","Disarm+1","Immolate+1","Demon Form","Rampage+1","Ghostly Armor+1","True Grit+1","Feel No Pain","Sentinel+1","Ghostly+1","Ghostly+1","Ghostly+1","Ghostly+1","Ghostly+1","Offering+1","Body Slam+1","Evolve","Flame Barrier+1","Anger+1","Madness+1","Madness+1","Corruption+1"],"max_hp_per_floor":[80,80,80,80,80,80,80,80,90,90,90,90,90,90,90,90,90,90,90,90,90,90,90,90,90,90,90,90,90,90,45,45,45,45,45,45,45,45,45,45,45,45,45,45,45,45,45,45,45,45],"relics":["Burning Blood","Toxic Egg 2","Pear","Happy Flower","Bottled Flame","Peace Pipe","Ectoplasm","Whetstone","War Paint","Vajra","White Beast Statue","Ginger","Juzu Bracelet","Red Mask"],"card_choices":[{"not_picked":["Heavy Blade","Pommel Strike"],"picked":"Clothesline","floor":1.0},{"not_picked":["Sword Boomerang","Corruption"],"picked":"Body Slam","floor":3.0},{"not_picked":["Body Slam","Blood for Blood"],"picked":"Shrug It Off","floor":4.0},{"not_picked":["Twin Strike","Havoc","Body Slam"],"picked":"SKIP","floor":5.0},{"not_picked":["Clothesline","Hemokinesis"],"picked":"Pommel Strike","floor":7.0},{"not_picked":["Headbutt","Anger"],"picked":"Disarm+1","floor":10.0},{"not_picked":["Bloodletting+1","Clothesline"],"picked":"Immolate","floor":12.0},{"not_picked":["Double Tap+1","Juggernaut"],"picked":"Demon Form","floor":16.0},{"not_picked":["Pommel Strike","Twin Strike+1"],"picked":"Rampage+1","floor":18.0},{"not_picked":["Armaments+1","Pummel"],"picked":"Ghostly Armor+1","floor":21.0},{"not_picked":["Sword Boomerang","Body Slam+1"],"picked":"True Grit+1","floor":24.0},{"not_picked":["Sever Soul","Clash"],"picked":"Feel No Pain","floor":27.0},{"not_picked":["Havoc+1","Flex+1"],"picked":"Sentinel+1","floor":28.0},{"not_picked":["Pummel","Perfected Strike","Sever Soul+1"],"picked":"SKIP","floor":30.0},{"not_picked":["Reaper","Brutality"],"picked":"Offering+1","floor":33.0},{"not_picked":["Cleave","Flame Barrier+1"],"picked":"Body Slam+1","floor":35.0},{"not_picked":["Infernal Blade+1","Inflame+1"],"picked":"Evolve","floor":36.0},{"not_picked":["Burning Pact+1","Havoc+1"],"picked":"Flame Barrier+1","floor":37.0},{"not_picked":["Clash+1","Cleave+1"],"picked":"Anger+1","floor":38.0},{"not_picked":["Cleave","Dual Wield+1","Burning Pact+1"],"picked":"SKIP","floor":39.0},{"not_picked":["Wild Strike+1","Headbutt+1","Sever Soul"],"picked":"SKIP","floor":41.0},{"not_picked":["Iron Wave+1","Flex+1"],"picked":"Corruption+1","floor":46.0}],"player_experience":581130,"potions_floor_usage":[50,50],"damage_taken":[{"damage":2.0,"enemies":"Small Slimes","floor":1.0,"turns":6.0},{"damage":0.0,"enemies":"Cultist","floor":3.0,"turns":5.0},{"damage":1.0,"enemies":"2 Louse","floor":4.0,"turns":5.0},{"damage":7.0,"enemies":"Exordium Wildlife","floor":5.0,"turns":7.0},{"damage":47.0,"enemies":"Gremlin Nob","floor":7.0,"turns":6.0},{"damage":12.0,"enemies":"3 Sentries","floor":10.0,"turns":11.0},{"damage":14.0,"enemies":"Lagavulin","floor":12.0,"turns":8.0},{"damage":0.0,"enemies":"The Guardian","floor":16.0,"turns":13.0},{"damage":6.0,"enemies":"Shell Parasite","floor":18.0,"turns":5.0},{"damage":13.0,"enemies":"Spheric Guardian","floor":21.0,"turns":5.0},{"damage":19.0,"enemies":"Centurion and Healer","floor":24.0,"turns":5.0},{"damage":27.0,"enemies":"Cultist and Chosen","floor":27.0,"turns":6.0},{"damage":0.0,"enemies":"Snake Plant","floor":28.0,"turns":4.0},{"damage":29.0,"enemies":"Gremlin Leader","floor":30.0,"turns":7.0},{"damage":8.0,"enemies":"Champ","floor":33.0,"turns":13.0},{"damage":4.0,"enemies":"Flame Bruiser 1 Orb","floor":35.0,"turns":7.0},{"damage":0.0,"enemies":"3 Shapes","floor":36.0,"turns":6.0},{"damage":10.0,"enemies":"Mysterious Sphere","floor":37.0,"turns":8.0},{"damage":29.0,"enemies":"Spire Growth","floor":38.0,"turns":8.0},{"damage":22.0,"enemies":"3 Darklings","floor":39.0,"turns":7.0},{"damage":10.0,"enemies":"Flame Bruiser 2 Orb","floor":41.0,"turns":7.0},{"damage":4.0,"enemies":"Maw","floor":46.0,"turns":10.0},{"damage":23,"enemies":"Donu and Deca","floor":50,"turns":9}],"relics_obtained":[{"floor":7.0,"key":"Toxic Egg 2"},{"floor":9.0,"key":"Pear"},{"floor":10.0,"key":"Happy Flower"},{"floor":12.0,"key":"Bottled Flame"},{"floor":14.0,"key":"Peace Pipe"},{"floor":26.0,"key":"War Paint"},{"floor":30.0,"key":"Vajra"},{"floor":37.0,"key":"Ginger"},{"floor":43.0,"key":"Juzu Bracelet"}],"event_choices":[{"event_name":"Purifier","player_choice":"One Purge","floor":8.0,"damage_taken":0.0},{"event_name":"Drug Dealer","player_choice":"Ignored","floor":19.0,"damage_taken":0.0},{"event_name":"Addict","player_choice":"Ignored","floor":22.0,"damage_taken":0.0},{"event_name":"Wheel of Change","player_choice":"Curse","floor":29.0,"damage_taken":0.0},{"event_name":"Ghosts","player_choice":"Became a Ghost","floor":31.0,"damage_taken":0.0},{"event_name":"Mysterious Sphere","player_choice":"Fight","floor":37.0,"damage_taken":0.0},{"event_name":"Winding Halls","player_choice":"Embrace Madness","floor":44.0,"damage_taken":0.0},{"event_name":"Tomb of Lord Red Mask","player_choice":"Paid","floor":48.0,"damage_taken":0.0}],"boss_relics":[],"items_purged_floors":[],"potions_floor_spawned":[5,7,10,18,33,35,36,37,38,39,41,46],"seed_played":"1510980012666052611","ascension_level":8,"potions_obtained":[{"floor":5.0,"key":"BloodPotion"},{"floor":7.0,"key":"Poison Potion"},{"floor":10.0,"key":"SkillPotion"},{"floor":18.0,"key":"Poison Potion"},{"floor":33.0,"key":"Energy Potion"},{"floor":35.0,"key":"SteroidPotion"},{"floor":36.0,"key":"Ancient Potion"},{"floor":37.0,"key":"Regen Potion"},{"floor":38.0,"key":"PowerPotion"},{"floor":39.0,"key":"Swift Potion"},{"floor":41.0,"key":"Energy Potion"},{"floor":46.0,"key":"GamblersBrew"}],"is_trial":false}