{"gold_per_floor":[219,219,237,253,178,178,203,203,203,215,241,269,312,324,336,422,434,460,747,779,172,197,231,231,266,266,266,366,384,417,431,431,507,507,520,530,546,546,556,556],"floor_reached":40,"playtime":1912,"items_purged":["Regret"],"score":937,"play_id":"903789a5-6709-4498-9457-0e772df4ad6a","local_time":"20190706215944","is_ascension_mode":true,"campfire_choices":[{"data":"Anger","floor":6.0,"key":"SMITH"},{"data":"Clothesline","floor":8.0,"key":"SMITH"},{"floor":15.0,"key":"REST"},{"floor":24,"key":"REST"},{"data":"Immolate","floor":27,"key":"SMITH"},{"data":"Rampage","floor":32,"key":"SMITH"}],"neow_cost":"NONE","seed_source_timestamp":0,"circlet_count":0,"master_deck":["AscendersBane","Strike_R","Strike_R","Strike_R","Strike_R","Defend_R+1","Defend_R","Defend_R","Defend_R","Bash+1","Flame Barrier","Rampage+1","Anger+1","Clothesline+1","Headbutt","Thunderclap","Battle Trance","Impervious","Battle Trance+1","Reaper","Immolate+1","Shrug It Off","Disarm","Rage+1","Exhume","Flame Barrier+1","Pain"],"special_seed":0,"relics":["Burning Blood","Sundial","MawBank","Pen Nib","Cursed Key","Omamori","Toy Ornithopter","Art of War","Matryoshka","Dream Catcher","Centennial Puzzle","Champion Belt","Bottled Flame","Bag of Preparation","Lizard Tail","WarpedTongs"],"potions_floor_usage":[23,23,28,30,33,39],"damage_taken":[{"damage":3.0,"enemies":"2 Louse","floor":1.0,"turns":4.0},{"damage":3.0,"enemies":"Small Slimes","floor":3.0,"turns":4.0},{"damage":0.0,"enemies":"Cultist","floor":4.0,"turns":3.0},{"damage":42.0,"enemies":"3 Sentries","floor":7.0,"turns":10.0},{"damage":21.0,"enemies":"Large Slime","floor":11.0,"turns":6.0},{"damage":2.0,"enemies":"3 Louse","floor":12.0,"turns":4.0},{"damage":13.0,"enemies":"Lagavulin","floor":13.0,"turns":6.0},{"damage":26.0,"enemies":"Hexaghost","floor":16.0,"turns":9.0},{"damage":22.0,"enemies":"Spheric Guardian","floor":18.0,"turns":4.0},{"damage":4.0,"enemies":"3 Byrds","floor":20.0,"turns":3.0},{"damage":49,"enemies":"Slavers","floor":23,"turns":6},{"damage":18,"enemies":"Gremlin Leader","floor":25,"turns":5},{"damage":8,"enemies":"Colosseum Slavers","floor":28,"turns":2},{"damage":34,"enemies":"Colosseum Nobs","floor":28,"turns":4},{"damage":10,"enemies":"Snecko","floor":29,"turns":5},{"damage":22,"enemies":"Book of Stabbing","floor":30,"turns":4},{"damage":0,"enemies":"Snake Plant","floor":31,"turns":4},{"damage":53,"enemies":"Champ","floor":33,"turns":15},{"damage":17,"enemies":"3 Shapes","floor":35,"turns":13},{"damage":0,"enemies":"3 Darklings","floor":36,"turns":2},{"damage":27,"enemies":"Spire Growth","floor":37,"turns":5},{"damage":54,"enemies":"Maw","floor":39,"turns":10},{"damage":65,"enemies":"Nemesis","floor":40,"turns":8}],"seed_played":"6485255702971063590","potions_obtained":[{"floor":4.0,"key":"Ancient Potion"},{"floor":7.0,"key":"Ancient Potion"},{"floor":23,"key":"AttackPotion"},{"floor":25,"key":"Energy Potion"},{"floor":29,"key":"SteroidPotion"},{"floor":30,"key":"SteroidPotion"},{"floor":33,"key":"EssenceOfSteel"},{"floor":37,"key":"Block Potion"}],"is_trial":false,"path_per_floor":["M","?","M","M","?","R","E","R","T","?","M","M","E","?","R","B",null,"M","?","M","$","T","E","R","E","T","R","?","M","E","M","R","B",null,"M","M","M","?","M","E"],"character_chosen":"IRONCLAD","items_purchased":["Omamori","Toy Ornithopter","Reaper"],"campfire_rested":2,"item_purchase_floors":[21,21,21],"current_hp_per_floor":[71,48,51,57,57,57,21,21,21,26,11,15,8,3,27,7,62,46,46,48,48,48,37,61,63,63,63,44,48,43,57,57,21,65,54,60,45,45,46,0],"gold":556,"neow_bonus":"HUNDRED_GOLD","is_prod":false,"is_daily":false,"chose_seed":false,"campfire_upgraded":4,"win_rate":0,"timestamp":1562446784,"path_taken":["M","?","M","M","?","R","E","R","T","?","M","M","E","?","R","BOSS","M","?","M","$","?","E","R","E","T","R","?","M","E","M","R","BOSS","M","M","M","?","M","E"],"build_version":"2019-07-03","purchased_purges":1,"victory":false,"max_hp_per_floor":[75,75,75,75,75,75,75,75,75,80,80,80,80,80,80,80,80,80,80,80,80,80,80,80,80,80,80,80,80,80,80,80,80,80,80,80,80,80,80,80],"card_choices":[{"not_picked":["Sword Boomerang","Dual Wield"],"picked":"Flame Barrier","floor":1.0},{"not_picked":["Rupture","Armaments"],"picked":"Rampage","floor":3.0},{"not_picked":["Twin Strike","Armaments"],"picked":"Anger","floor":4.0},{"not_picked":["Headbutt","Brutality"],"picked":"Clothesline","floor":7.0},{"not_picked":["Bloodletting","Evolve"],"picked":"Headbutt","floor":11.0},{"not_picked":["Clash","Perfected Strike"],"picked":"Thunderclap","floor":12.0},{"not_picked":["Pummel","Clash"],"picked":"Battle Trance","floor":13.0},{"not_picked":["Offering","Berserk"],"picked":"Impervious","floor":16.0},{"not_picked":["Anger","Havoc","Pommel Strike"],"picked":"SKIP","floor":18.0},{"not_picked":["Rupture","Thunderclap"],"picked":"Battle Trance+1","floor":20.0},{"not_picked":["Thunderclap","Bloodletting","Fire Breathing"],"picked":"SKIP","floor":23},{"not_picked":["Hemokinesis","Armaments"],"picked":"Immolate","floor":25},{"not_picked":["Clash+1","Rampage"],"picked":"Shrug It Off","floor":29},{"not_picked":["Uppercut","Battle Trance+1"],"picked":"Disarm","floor":30},{"not_picked":["Pommel Strike","Clothesline+1"],"picked":"Rage+1","floor":31},{"not_picked":["Limit Break","Juggernaut"],"picked":"Exhume","floor":33},{"not_picked":["Pommel Strike","Havoc","Evolve+1"],"picked":"SKIP","floor":35},{"not_picked":["Uppercut+1","Clothesline","Pommel Strike"],"picked":"SKIP","floor":36},{"not_picked":["Carnage+1","Entrench+1"],"picked":"Flame Barrier+1","floor":37},{"not_picked":["Twin Strike+1","Sword Boomerang","Pommel Strike"],"picked":"SKIP","floor":39}],"player_experience":2179523,"relics_obtained":[{"floor":7.0,"key":"Sundial"},{"floor":9.0,"key":"MawBank"},{"floor":13.0,"key":"Pen Nib"},{"floor":22.0,"key":"Art of War"},{"floor":23,"key":"Matryoshka"},{"floor":25,"key":"Dream Catcher"},{"floor":26,"key":"Centennial Puzzle"},{"floor":28,"key":"Champion Belt"},{"floor":28,"key":"Bottled Flame"},{"floor":30,"key":"Bag of Preparation"}],"event_choices":[{"damage_healed":0.0,"max_hp_gain":0.0,"max_hp_loss":0.0,"gold_gain":0.0,"event_name":"Shining Light","player_choice":"Entered Light","floor":2.0,"gold_loss":0.0,"damage_taken":23.0,"cards_upgraded":["Defend_R","Bash"]},{"cards_removed":["Strike_R"],"damage_healed":0.0,"max_hp_gain":0.0,"max_hp_loss":0.0,"gold_gain":0.0,"event_name":"The Cleric","player_choice":"Card Removal","floor":5.0,"gold_loss":75.0,"damage_taken":0.0},{"damage_healed":0.0,"max_hp_gain":5.0,"max_hp_loss":0.0,"gold_gain":0.0,"event_name":"Big Fish","player_choice":"Donut","floor":10.0,"gold_loss":0.0,"damage_taken":0.0},{"damage_healed":0.0,"max_hp_gain":0.0,"max_hp_loss":0.0,"gold_gain":0.0,"event_name":"Scrap Ooze","player_choice":"Fled","floor":14.0,"gold_loss":0.0,"damage_taken":5.0},{"damage_healed":0.0,"max_hp_gain":0.0,"max_hp_loss":0.0,"gold_gain":275.0,"event_name":"Golden Shrine","player_choice":"Desecrate","floor":19.0,"gold_loss":0.0,"damage_taken":0.0,"cards_obtained":["Regret"]},{"damage_healed":0,"gold_gain":0,"player_choice":"Fight","damage_taken":0,"max_hp_gain":0,"max_hp_loss":0,"event_name":"Colosseum","floor":28,"gold_loss":0},{"damage_healed":0,"gold_gain":0,"player_choice":"Fought Nobs","damage_taken":0,"max_hp_gain":0,"max_hp_loss":0,"event_name":"Colosseum","floor":28,"gold_loss":0},{"damage_healed":0,"gold_gain":0,"player_choice":"Rummage","damage_taken":0,"relics_obtained":["WarpedTongs"],"max_hp_gain":0,"max_hp_loss":0,"event_name":"Accursed Blacksmith","floor":38,"gold_loss":0,"cards_obtained":["Pain"]}],"is_beta":true,"boss_relics":[{"not_picked":["Busted Crown","Philosopher\u0027s Stone"],"picked":"Cursed Key"},{"not_picked":["Calling Bell","Fusion Hammer"],"picked":"Lizard Tail"}],"items_purged_floors":[21],"is_endless":false,"potions_floor_spawned":[4,7,23,25,29,30,33,37],"killed_by":"Nemesis","ascension_level":20}