{"gold_per_floor":[115,69,89,108,127,161,171,171,196,116,132,132,148,166,166,268,268,286,296,313,313,313,313],"floor_reached":23,"playtime":2650,"items_purged":[],"score":222,"play_id":"6a0ecd16-ba76-43e3-98d8-95292d44e241","local_time":"20190629032946","is_ascension_mode":false,"campfire_choices":[{"floor":8,"key":"RECALL"},{"data":"Shockwave","floor":15,"key":"SMITH"}],"neow_cost":"NONE","seed_source_timestamp":234428505479000,"circlet_count":0,"master_deck":["Defend_R","Defend_R","Defend_R","Defend_R","Bash","Battle Trance","Shrug It Off","Shrug It Off","Iron Wave","Pommel Strike","Feel No Pain","Flex","Disarm","Shockwave+1","Power Through","Shrug It Off","Exhume","Warcry","True Grit+1","Carnage+1","Bite","Bite","Bite","Bite","Bite"],"special_seed":0,"relics":["Burning Blood","NeowsBlessing","Pantograph","Black Star"],"potions_floor_usage":[16,20,20,20],"damage_taken":[{"damage":0.0,"enemies":"Cultist","floor":1.0,"turns":1.0},{"damage":0.0,"enemies":"Jaw Worm","floor":3.0,"turns":1.0},{"damage":0.0,"enemies":"Small Slimes","floor":4.0,"turns":1.0},{"damage":23.0,"enemies":"Gremlin Gang","floor":5.0,"turns":8.0},{"damage":29.0,"enemies":"Gremlin Nob","floor":6.0,"turns":5.0},{"damage":19,"enemies":"Lots of Slimes","floor":7,"turns":6},{"damage":2,"enemies":"3 Louse","floor":11,"turns":4},{"damage":15,"enemies":"Exordium Thugs","floor":13,"turns":6},{"damage":4,"enemies":"Red Slaver","floor":14,"turns":5},{"damage":51,"enemies":"The Guardian","floor":16,"turns":19},{"damage":3,"enemies":"Shell Parasite","floor":18,"turns":17},{"damage":9,"enemies":"3 Byrds","floor":19,"turns":12},{"damage":35,"enemies":"Cultist and Chosen","floor":20,"turns":19},{"damage":61,"enemies":"Gremlin Leader","floor":23,"turns":6}],"seed_played":"251957176978785270","potions_obtained":[{"floor":1.0,"key":"AttackPotion"},{"floor":7,"key":"LiquidBronze"},{"floor":13,"key":"Weak Potion"},{"floor":14,"key":"Block Potion"},{"floor":16,"key":"FearPotion"},{"floor":20,"key":"Ancient Potion"}],"is_trial":false,"path_per_floor":["M","$","M","M","M","E","M","R","T","$","M","?","M","M","R","B",null,"M","M","M","$","?","E"],"character_chosen":"IRONCLAD","items_purchased":["Shrug It Off","Disarm"],"campfire_rested":0,"item_purchase_floors":[2,10],"current_hp_per_floor":[80,80,80,80,63,40,27,27,27,27,31,57,48,50,50,30,80,80,77,48,48,48,0],"gold":313,"neow_bonus":"THREE_ENEMY_KILL","is_prod":false,"is_daily":false,"chose_seed":false,"campfire_upgraded":1,"win_rate":0,"timestamp":1561746586,"path_taken":["M","?","?","M","M","E","M","R","T","?","M","?","M","M","R","BOSS","M","M","M","$","?","E"],"build_version":"2019-01-23","purchased_purges":0,"victory":false,"max_hp_per_floor":[80,80,80,80,80,80,80,80,80,80,80,80,80,80,80,80,80,80,80,80,80,56,56],"card_choices":[{"not_picked":["Perfected Strike","Havoc"],"picked":"Battle Trance","floor":1.0},{"not_picked":["Armaments","Iron Wave"],"picked":"Shrug It Off","floor":3.0},{"not_picked":["Havoc","Sever Soul"],"picked":"Iron Wave","floor":4.0},{"not_picked":["Seeing Red","Clothesline"],"picked":"Pommel Strike","floor":5.0},{"not_picked":["Heavy Blade","True Grit"],"picked":"Feel No Pain","floor":6.0},{"not_picked":["Headbutt","Anger"],"picked":"Flex","floor":7},{"not_picked":["Fire Breathing","Twin Strike"],"picked":"Shockwave","floor":11},{"not_picked":["True Grit","Rage"],"picked":"Power Through","floor":13},{"not_picked":["Perfected Strike","Brutality"],"picked":"Shrug It Off","floor":14},{"not_picked":["Brutality","Dark Embrace"],"picked":"Exhume","floor":16},{"not_picked":["Searing Blow","Cleave"],"picked":"Warcry","floor":18},{"not_picked":["Ghostly Armor+1","Havoc"],"picked":"True Grit+1","floor":19},{"not_picked":["Thunderclap+1","Headbutt"],"picked":"Carnage+1","floor":20}],"player_experience":38536,"relics_obtained":[{"floor":6.0,"key":"Pantograph"}],"event_choices":[{"damage_healed":26,"gold_gain":0,"player_choice":"Banana","damage_taken":0,"max_hp_gain":0,"max_hp_loss":0,"event_name":"Big Fish","floor":12,"gold_loss":0},{"damage_healed":0,"gold_gain":0,"player_choice":"Became a vampire","damage_taken":0,"max_hp_gain":0,"max_hp_loss":24,"event_name":"Vampires","floor":22,"gold_loss":0,"cards_obtained":["Bite","Bite","Bite","Bite","Bite"]}],"is_beta":false,"boss_relics":[{"not_picked":["Eternal Feather","Empty Cage"],"picked":"Black Star"}],"items_purged_floors":[],"is_endless":false,"potions_floor_spawned":[1,7,13,14,16,20],"killed_by":"Gremlin Leader","ascension_level":0}