{"gold_per_floor":[116,116,129,129,92,92,117,167,167,195,212,262,273,341,341,440,440,459,544,276,326,286,286,286,298,298,298,313,378,391,366,366,366],"floor_reached":33,"playtime":1462,"items_purged":["Strike_R"],"score":475,"play_id":"60dff5ce-bc98-40eb-baa6-8738499974af","local_time":"20190820012512","is_ascension_mode":true,"campfire_choices":[{"data":"Bash","floor":6,"key":"SMITH"},{"data":"Corruption","floor":15,"key":"SMITH"},{"floor":27,"key":"REST"},{"floor":32,"key":"REST"}],"neow_cost":"NONE","seed_source_timestamp":376750648696400,"circlet_count":0,"master_deck":["AscendersBane","Strike_R","Defend_R","Defend_R","Defend_R+1","Defend_R","Bash+1","Shrug It Off","Infernal Blade","Corruption+1","Disarm+1","Armaments+1","Feed","Exhume+1","Evolve","Disarm+1","Seeing Red+1","Pommel Strike+1"],"relics":["Burning Blood","NeowsBlessing","SsserpentHead","Question Card","Toxic Egg 2","Sundial","Philosopher\u0027s Stone","Red Mask","Anchor","Meat on the Bone"],"potions_floor_usage":[10,16,18,18,23,29,29],"damage_taken":[{"damage":0,"enemies":"Cultist","floor":1,"turns":1},{"damage":0,"enemies":"Small Slimes","floor":3,"turns":1},{"damage":0,"enemies":"3 Sentries","floor":7,"turns":1},{"damage":32,"enemies":"Lagavulin","floor":10,"turns":5},{"damage":3,"enemies":"2 Louse","floor":11,"turns":3},{"damage":16,"enemies":"Red Slaver","floor":13,"turns":5},{"damage":6,"enemies":"Looter","floor":14,"turns":4},{"damage":35,"enemies":"The Guardian","floor":16,"turns":15},{"damage":17,"enemies":"3 Byrds","floor":18,"turns":6},{"damage":59,"enemies":"Masked Bandits","floor":19,"turns":6},{"damage":0,"enemies":"Gremlin Leader","floor":23,"turns":1},{"damage":26,"enemies":"Shell Parasite","floor":25,"turns":7},{"damage":15,"enemies":"Snecko","floor":28,"turns":6},{"damage":46,"enemies":"3 Cultists","floor":29,"turns":6},{"damage":10,"enemies":"Centurion and Healer","floor":30,"turns":10},{"damage":95,"enemies":"Collector","floor":33,"turns":6}],"seed_played":"-4783204198076315622","potions_obtained":[{"floor":1,"key":"Strength Potion"},{"floor":13,"key":"PowerPotion"},{"floor":14,"key":"Weak Potion"},{"floor":16,"key":"GamblersBrew"},{"floor":19,"key":"SmokeBomb"},{"floor":25,"key":"SkillPotion"},{"floor":30,"key":"SpeedPotion"}],"is_trial":false,"path_per_floor":["M","$","M","?","$","R","E","$","T","E","M","?","M","M","R","B",null,"M","?","$","?","?","E","$","M","T","R","M","M","M","?","R","B"],"character_chosen":"IRONCLAD","items_purchased":["Corruption","Anchor","SkillPotion"],"campfire_rested":2,"item_purchase_floors":[5,20,20],"current_hp_per_floor":[78,78,80,80,80,80,80,80,80,54,57,57,47,47,47,22,69,58,8,8,37,37,43,43,27,27,54,57,33,44,44,73,0],"gold":366,"neow_bonus":"THREE_ENEMY_KILL","is_prod":false,"is_daily":false,"chose_seed":false,"campfire_upgraded":2,"win_rate":0,"timestamp":1566231912,"path_taken":["M","$","?","?","$","R","E","?","T","E","M","?","M","?","R","BOSS","M","?","$","?","?","E","$","M","T","R","M","?","M","?","R","BOSS"],"build_version":"2019-07-17","purchased_purges":1,"victory":false,"max_hp_per_floor":[80,80,80,80,80,80,80,80,80,80,80,80,80,80,80,84,84,84,87,87,87,87,87,87,91,91,91,91,95,98,98,98,98],"card_choices":[{"not_picked":["Fire Breathing","Perfected Strike"],"picked":"Shrug It Off","floor":1},{"not_picked":["Perfected Strike","Rage"],"picked":"Infernal Blade","floor":3},{"not_picked":["Reckless Charge","Body Slam","Bloodletting"],"picked":"SKIP","floor":7},{"not_picked":["Infernal Blade+1","Brutality","Thunderclap"],"picked":"Disarm+1","floor":10},{"not_picked":["Sword Boomerang","Carnage","Clothesline","Warcry+1"],"picked":"SKIP","floor":11},{"not_picked":["Pommel Strike","Anger","Clothesline"],"picked":"Armaments+1","floor":13},{"not_picked":["Body Slam","Sword Boomerang","Clash"],"picked":"Feed","floor":14},{"not_picked":["Double Tap+1","Juggernaut","Impervious+1"],"picked":"Exhume+1","floor":16},{"not_picked":["Entrench+1","Sentinel+1","Pummel"],"picked":"Evolve","floor":18},{"not_picked":["Clothesline","Seeing Red+1","True Grit+1"],"picked":"Disarm+1","floor":25},{"not_picked":["Clothesline+1","Ghostly Armor+1","Clash"],"picked":"Seeing Red+1","floor":28},{"not_picked":["Thunderclap+1","Ghostly Armor+1","Cleave"],"picked":"Pommel Strike+1","floor":29},{"not_picked":["Power Through+1","Intimidate+1","Cleave","Pummel"],"picked":"SKIP","floor":30}],"player_experience":147924,"relics_obtained":[{"floor":7,"key":"Question Card"},{"floor":9,"key":"Toxic Egg 2"},{"floor":10,"key":"Sundial"},{"floor":19,"key":"Red Mask"},{"floor":26,"key":"Meat on the Bone"}],"event_choices":[{"damage_healed":0,"gold_gain":0,"player_choice":"Trade","damage_taken":0,"relics_obtained":["SsserpentHead"],"max_hp_gain":0,"max_hp_loss":0,"event_name":"FaceTrader","floor":4,"gold_loss":0},{"cards_removed":["Strike_R"],"damage_healed":0,"gold_gain":0,"player_choice":"Purged","damage_taken":0,"max_hp_gain":0,"max_hp_loss":0,"event_name":"Purifier","floor":12,"gold_loss":0},{"damage_healed":0,"gold_gain":0,"player_choice":"Fought Bandits","damage_taken":0,"max_hp_gain":0,"max_hp_loss":0,"event_name":"Masked Bandits","floor":19,"gold_loss":0},{"damage_healed":29,"gold_gain":0,"player_choice":"Heal","damage_taken":0,"max_hp_gain":0,"max_hp_loss":0,"event_name":"The Library","floor":21,"gold_loss":0},{"cards_removed":["Strike_R"],"damage_healed":0,"gold_gain":0,"player_choice":"Upgrade and Remove","damage_taken":0,"max_hp_gain":0,"max_hp_loss":0,"event_name":"Designer","floor":22,"gold_loss":90,"cards_upgraded":["Defend_R"]},{"cards_removed":["Strike_R"],"damage_healed":0,"gold_gain":0,"player_choice":"Gave Gold","damage_taken":0,"max_hp_gain":0,"max_hp_loss":0,"event_name":"Beggar","floor":31,"gold_loss":75}],"is_beta":false,"boss_relics":[{"not_picked":["Eternal Feather","Runic Cube"],"picked":"Philosopher\u0027s Stone"}],"items_purged_floors":[20],"is_endless":false,"potions_floor_spawned":[1,13,14,16,19,25,30],"killed_by":"Collector","ascension_level":10}