{"gold_per_floor":[110,124,124,49,61,88,108,108,178,178,230,247,247,172,172,245,245,255,255,255,255],"floor_reached":21,"playtime":862,"items_purged":["Pain"],"score":354,"play_id":"04b37980-8cd7-45a7-86ac-d068f099abf3","local_time":"20190220171209","is_ascension_mode":true,"campfire_choices":[{"floor":10,"key":"REST"},{"data":"Strike_G","floor":13,"key":"PURGE"},{"data":"Strike_G","floor":15,"key":"PURGE"}],"neow_cost":"NONE","seed_source_timestamp":167057722925843,"circlet_count":0,"master_deck":["AscendersBane","Defend_G","Defend_G","Defend_G","Defend_G","Defend_G","Strike_G","Strike_G","Survivor","Neutralize","Noxious Fumes","Skewer","PiercingWail","Noxious Fumes"],"relics":["Ring of the Snake","WarpedTongs","Peace Pipe","Gremlin Horn","Regal Pillow","Fusion Hammer"],"potions_floor_usage":[16,16],"damage_taken":[{"damage":7,"enemies":"Small Slimes","floor":1,"turns":6},{"damage":2,"enemies":"Cultist","floor":2,"turns":5},{"damage":2,"enemies":"Jaw Worm","floor":5,"turns":4},{"damage":40,"enemies":"Gremlin Nob","floor":6,"turns":5},{"damage":5,"enemies":"Blue Slaver","floor":7,"turns":6},{"damage":0,"enemies":"Looter","floor":12,"turns":4},{"damage":11,"enemies":"Hexaghost","floor":16,"turns":9},{"damage":2,"enemies":"Spheric Guardian","floor":18,"turns":6},{"damage":38,"enemies":"Colosseum Slavers","floor":19,"turns":7},{"damage":13,"enemies":"3 Byrds","floor":21,"turns":3}],"seed_played":"714056612045037246","potions_obtained":[{"floor":1,"key":"LiquidBronze"},{"floor":5,"key":"LiquidBronze"}],"is_trial":false,"path_per_floor":["M","M","?","$","M","E","M","?","T","R","T","M","R","?","R","B",null,"M","?","?","M"],"character_chosen":"THE_SILENT","items_purchased":[],"campfire_rested":1,"item_purchase_floors":[],"current_hp_per_floor":[52,50,50,50,48,8,3,3,3,22,22,22,22,22,22,11,52,50,12,12,0],"gold":255,"neow_bonus":"THREE_CARDS","is_prod":false,"is_daily":false,"chose_seed":false,"campfire_upgraded":0,"win_rate":0,"timestamp":1550682729,"path_taken":["M","M","?","$","?","E","M","?","T","R","?","M","R","?","R","BOSS","M","?","?","?"],"build_version":"2019-02-06","purchased_purges":1,"victory":false,"max_hp_per_floor":[66,66,66,66,66,66,66,66,66,66,66,66,66,66,66,66,66,66,66,66,66],"card_choices":[{"not_picked":["Backflip","Blade Dance"],"picked":"Noxious Fumes","floor":0},{"not_picked":["Slice","Deflect","Blade Dance"],"picked":"SKIP","floor":1},{"not_picked":["Endless Agony","Flechettes"],"picked":"Skewer","floor":2},{"not_picked":["Quick Slash","Slice"],"picked":"PiercingWail","floor":5},{"not_picked":["Flying Knee","Concentrate","Eviscerate"],"picked":"SKIP","floor":6},{"not_picked":["Predator","Tactician","Setup"],"picked":"SKIP","floor":7},{"not_picked":["Dodge and Roll","Bouncing Flask"],"picked":"Noxious Fumes","floor":12},{"not_picked":["Prepared","Accuracy+1","Quick Slash"],"picked":"SKIP","floor":18}],"player_experience":1858632,"relics_obtained":[{"floor":6,"key":"Peace Pipe"},{"floor":9,"key":"Gremlin Horn"},{"floor":11,"key":"Regal Pillow"}],"event_choices":[{"damage_healed":0,"gold_gain":0,"player_choice":"Rummage","damage_taken":0,"relics_obtained":["WarpedTongs"],"max_hp_gain":0,"max_hp_loss":0,"event_name":"Accursed Blacksmith","floor":3,"gold_loss":0,"cards_obtained":["Pain"]},{"damage_healed":0,"gold_gain":0,"player_choice":"Ignored","damage_taken":0,"max_hp_gain":0,"max_hp_loss":0,"event_name":"Shining Light","floor":8,"gold_loss":0},{"cards_removed":["Strike_G"],"damage_healed":0,"gold_gain":0,"player_choice":"Card Removal","damage_taken":0,"max_hp_gain":0,"max_hp_loss":0,"event_name":"The Cleric","floor":14,"gold_loss":75},{"damage_healed":0,"gold_gain":0,"player_choice":"Fight","damage_taken":0,"max_hp_gain":0,"max_hp_loss":0,"event_name":"Colosseum","floor":19,"gold_loss":0},{"damage_healed":0,"gold_gain":0,"player_choice":"Fled From Nobs","damage_taken":0,"max_hp_gain":0,"max_hp_loss":0,"event_name":"Colosseum","floor":19,"gold_loss":0},{"damage_healed":0,"gold_gain":0,"player_choice":"Leave","damage_taken":0,"max_hp_gain":0,"max_hp_loss":0,"event_name":"FaceTrader","floor":20,"gold_loss":0}],"is_beta":true,"boss_relics":[{"not_picked":["Snecko Eye","Astrolabe"],"picked":"Fusion Hammer"}],"items_purged_floors":[4],"is_endless":false,"potions_floor_spawned":[1,5,7,12],"killed_by":"3 Byrds","ascension_level":20}