{"gold_per_floor":[117,130,142,153,34,67,79,79,105,123,186,186,186,186,186,284,284,284,284,284,284,13,13,13,13,13,13,13,13,13,13,13,13,13,13,13,13,13,13,13,13,13,13,13,13,13,13,13,13,13],"floor_reached":51,"playtime":4168,"items_purged":[],"score":1422,"play_id":"280fe826-fdb4-49c6-b003-35323adba6eb","local_time":"20190820192035","is_ascension_mode":true,"campfire_choices":[{"data":"Footwork","floor":8.0,"key":"SMITH"},{"data":"Catalyst","floor":12.0,"key":"SMITH"},{"floor":15.0,"key":"REST"},{"floor":24.0,"key":"REST"},{"data":"Footwork","floor":27.0,"key":"SMITH"},{"data":"Envenom","floor":32.0,"key":"SMITH"},{"data":"Concentrate","floor":41,"key":"SMITH"},{"data":"Neutralize","floor":45,"key":"SMITH"},{"floor":47,"key":"REST"},{"data":"Noxious Fumes","floor":49,"key":"SMITH"}],"neow_cost":"NONE","seed_source_timestamp":0,"circlet_count":0,"master_deck":["AscendersBane","Strike_G","Strike_G","Strike_G+1","Defend_G","Defend_G","Defend_G","Defend_G","Defend_G","Survivor","Neutralize+1","Deadly Poison","Deadly Poison","Noxious Fumes+1","After Image","Footwork+1","Cloak And Dagger","Bane","Flying Knee+1","Catalyst+1","Venomology","Cloak And Dagger","Backflip","Dagger Spray","Footwork+1","PiercingWail","Envenom+1","PiercingWail","Dagger Spray","Noxious Fumes+1","Bullet Time","Concentrate+1","PiercingWail+1","Poisoned Stab+1","Leg Sweep+1","Deadly Poison+1","Terror"],"special_seed":0,"relics":["Ring of the Snake","Art of War","Mercury Hourglass","Bag of Marbles","Lantern","Snake Skull","Ectoplasm","Blood Vial","PreservedInsect","Mummified Hand","Ornamental Fan","MawBank","Runic Pyramid","Orichalcum","Ice Cream","Whetstone","Tough Bandages","Omamori"],"potions_floor_usage":[42,50,50],"damage_taken":[{"damage":0.0,"enemies":"2 Louse","floor":1.0,"turns":3.0},{"damage":1.0,"enemies":"Small Slimes","floor":2.0,"turns":4.0},{"damage":1.0,"enemies":"Cultist","floor":3.0,"turns":4.0},{"damage":12.0,"enemies":"Exordium Thugs","floor":4.0,"turns":6.0},{"damage":5.0,"enemies":"Lagavulin","floor":6.0,"turns":8.0},{"damage":1.0,"enemies":"Blue Slaver","floor":7.0,"turns":4.0},{"damage":0.0,"enemies":"Large Slime","floor":10.0,"turns":4.0},{"damage":5.0,"enemies":"3 Sentries","floor":11.0,"turns":5.0},{"damage":5.0,"enemies":"Hexaghost","floor":16.0,"turns":7.0},{"damage":2.0,"enemies":"Spheric Guardian","floor":18.0,"turns":4.0},{"damage":0.0,"enemies":"Chosen","floor":20.0,"turns":5.0},{"damage":20.0,"enemies":"Snake Plant","floor":21.0,"turns":2.0},{"damage":13.0,"enemies":"Book of Stabbing","floor":23.0,"turns":3.0},{"damage":0.0,"enemies":"Shelled Parasite and Fungi","floor":25.0,"turns":4.0},{"damage":0.0,"enemies":"Gremlin Leader","floor":28.0,"turns":4.0},{"damage":0.0,"enemies":"Sentry and Sphere","floor":29.0,"turns":4.0},{"damage":0.0,"enemies":"Chosen and Byrds","floor":30.0,"turns":4.0},{"damage":0.0,"enemies":"Slavers","floor":31.0,"turns":4.0},{"damage":16.0,"enemies":"Automaton","floor":33.0,"turns":7.0},{"damage":10.0,"enemies":"Orb Walker","floor":35.0,"turns":3.0},{"damage":0.0,"enemies":"3 Shapes","floor":36.0,"turns":3.0},{"damage":0.0,"enemies":"Writhing Mass","floor":37.0,"turns":6.0},{"damage":0.0,"enemies":"Jaw Worm Horde","floor":38.0,"turns":5.0},{"damage":21.0,"enemies":"Spire Growth","floor":39.0,"turns":4.0},{"damage":0,"enemies":"Giant Head","floor":40,"turns":6},{"damage":0,"enemies":"Nemesis","floor":42,"turns":7},{"damage":0,"enemies":"Mind Bloom Boss Battle","floor":44,"turns":6},{"damage":0,"enemies":"Giant Head","floor":46,"turns":6},{"damage":0,"enemies":"Writhing Mass","floor":48,"turns":5},{"damage":28,"enemies":"Time Eater","floor":50,"turns":10}],"seed_played":"5238090811642914772","potions_obtained":[{"floor":2.0,"key":"Regen Potion"},{"floor":7.0,"key":"SkillPotion"},{"floor":11.0,"key":"Block Potion"},{"floor":18.0,"key":"Energy Potion"},{"floor":25.0,"key":"Fire Potion"},{"floor":29.0,"key":"AttackPotion"},{"floor":33.0,"key":"Explosive Potion"},{"floor":36.0,"key":"PowerPotion"},{"floor":38.0,"key":"Fire Potion"},{"floor":42,"key":"LiquidBronze"},{"floor":46,"key":"Block Potion"}],"is_trial":false,"path_per_floor":["M","M","M","M","$","E","M","R","T","M","?","R","?","?","R","B",null,"M","?","M","M","$","E","R","M","T","R","E","M","M","E","R","B",null,"M","M","M","M","M","E","R","E","T","?","R","E","R","M","R","B",null],"character_chosen":"THE_SILENT","items_purchased":["Footwork","Cloak And Dagger","Footwork","Blood Vial","Poison Potion"],"campfire_rested":3,"item_purchase_floors":[5,5,22,22,22],"current_hp_per_floor":[63,62,61,49,49,59,58,58,58,58,53,53,28,21,42,37,62,60,60,60,40,40,29,50,52,52,52,54,56,58,60,60,46,64,56,58,60,62,43,45,45,47,47,49,49,51,70,70,70,42],"gold":13,"neow_bonus":"RANDOM_COMMON_RELIC","is_prod":false,"is_daily":false,"chose_seed":false,"campfire_upgraded":7,"win_rate":0,"timestamp":1566354035,"path_taken":["M","M","M","M","$","E","M","R","T","M","?","R","?","?","R","BOSS","M","?","M","M","$","E","R","M","T","R","E","M","M","E","R","BOSS","M","M","?","M","M","E","R","E","T","?","R","E","R","M","R","BOSS"],"build_version":"2019-07-17","purchased_purges":0,"victory":true,"max_hp_per_floor":[70,70,70,70,70,70,70,70,70,70,70,70,70,70,70,70,70,70,70,70,70,70,70,70,70,70,70,70,70,70,70,70,70,70,70,70,70,70,70,70,70,70,70,70,70,70,70,70,70,70],"card_choices":[{"not_picked":["PiercingWail","Slice"],"picked":"Deadly Poison","floor":1.0},{"not_picked":["Outmaneuver","Distraction"],"picked":"Deadly Poison","floor":2.0},{"not_picked":["Dodge and Roll","Escape Plan"],"picked":"Noxious Fumes","floor":3.0},{"not_picked":["Deadly Poison","Sucker Punch"],"picked":"After Image","floor":4.0},{"not_picked":["Backflip","PiercingWail"],"picked":"Bane","floor":6.0},{"not_picked":["Setup","Quick Slash"],"picked":"Flying Knee","floor":7.0},{"not_picked":["Calculated Gamble","Terror"],"picked":"Catalyst","floor":10.0},{"not_picked":["Glass Knife","Grand Finale"],"picked":"Venomology","floor":16.0},{"not_picked":["Riddle With Holes","Bane+1"],"picked":"Cloak And Dagger","floor":18.0},{"not_picked":["Calculated Gamble+1","Reflex"],"picked":"Backflip","floor":20.0},{"not_picked":["Flying Knee","Expertise"],"picked":"Dagger Spray","floor":21.0},{"not_picked":["Poisoned Stab","Phantasmal Killer"],"picked":"PiercingWail","floor":23.0},{"not_picked":["Terror","All Out Attack","Blade Dance"],"picked":"SKIP","floor":25.0},{"not_picked":["Acrobatics","Backflip"],"picked":"Envenom","floor":28.0},{"not_picked":["Endless Agony+1","All Out Attack+1"],"picked":"PiercingWail","floor":29.0},{"not_picked":["Acrobatics","Dodge and Roll"],"picked":"Dagger Spray","floor":30.0},{"not_picked":["Blade Dance","Slice"],"picked":"Noxious Fumes+1","floor":31.0},{"not_picked":["Glass Knife","A Thousand Cuts"],"picked":"Bullet Time","floor":33.0},{"not_picked":["Calculated Gamble+1","Deflect"],"picked":"Concentrate","floor":35.0},{"not_picked":["Slice+1","Blade Dance+1"],"picked":"PiercingWail+1","floor":36.0},{"not_picked":["Prepared+1","Deadly Poison"],"picked":"Poisoned Stab+1","floor":37.0},{"not_picked":["Heel Hook+1","Quick Slash","Acrobatics"],"picked":"SKIP","floor":38.0},{"not_picked":["Tools of the Trade","Caltrops"],"picked":"Leg Sweep+1","floor":39.0},{"not_picked":["Acrobatics+1","Outmaneuver","Deflect+1"],"picked":"SKIP","floor":40},{"not_picked":["Riddle With Holes+1","Backstab+1"],"picked":"Deadly Poison+1","floor":42},{"not_picked":["Flying Knee","Well Laid Plans+1","Escape Plan"],"picked":"SKIP","floor":46},{"not_picked":["Blade Dance+1","Acrobatics"],"picked":"Terror","floor":48}],"player_experience":673344,"relics_obtained":[{"floor":6.0,"key":"Mercury Hourglass"},{"floor":9.0,"key":"Bag of Marbles"},{"floor":11.0,"key":"Lantern"},{"floor":23.0,"key":"PreservedInsect"},{"floor":26.0,"key":"Mummified Hand"},{"floor":28.0,"key":"Ornamental Fan"},{"floor":31.0,"key":"MawBank"},{"floor":40,"key":"Orichalcum"},{"floor":42,"key":"Ice Cream"},{"floor":43,"key":"Whetstone"},{"floor":44,"key":"Tough Bandages"},{"floor":46,"key":"Omamori"}],"event_choices":[{"damage_healed":0.0,"max_hp_gain":0.0,"max_hp_loss":0.0,"gold_gain":0.0,"event_name":"Dead Adventurer","player_choice":"Searched \u00271\u0027 times","floor":11.0,"gold_loss":0.0,"damage_taken":0.0},{"damage_healed":0.0,"max_hp_gain":0.0,"max_hp_loss":0.0,"gold_gain":0.0,"event_name":"Scrap Ooze","player_choice":"Success","floor":13.0,"gold_loss":0.0,"damage_taken":25.0,"relics_obtained":["Snake Skull"]},{"cards_removed":["Strike_G"],"damage_healed":0.0,"max_hp_gain":0.0,"max_hp_loss":0.0,"gold_gain":0.0,"event_name":"Golden Wing","player_choice":"Card Removal","floor":14.0,"gold_loss":0.0,"damage_taken":7.0},{"cards_removed":["Strike_G"],"damage_healed":0.0,"max_hp_gain":0.0,"max_hp_loss":0.0,"gold_gain":0.0,"event_name":"Purifier","player_choice":"Purged","floor":19.0,"gold_loss":0.0,"damage_taken":0.0},{"damage_healed":0,"gold_gain":0,"player_choice":"Fight","damage_taken":0,"max_hp_gain":0,"max_hp_loss":0,"event_name":"MindBloom","floor":44,"gold_loss":0}],"is_beta":false,"boss_relics":[{"not_picked":["Lizard Tail","Calling Bell"],"picked":"Ectoplasm"},{"not_picked":["Black Star","Eternal Feather"],"picked":"Runic Pyramid"}],"items_purged_floors":[],"is_endless":false,"potions_floor_spawned":[2,7,11,18,25,29,30,33,36,38,42,44,46,48],"ascension_level":11}