{"gold_per_floor":[119,130,140,159,176,176,207,207,253,253,24,24,99,99,99,99],"floor_reached":16,"playtime":526,"items_purged":[],"score":200,"play_id":"2a52e756-382d-4eec-8c2c-17d20f6317f3","local_time":"20190611140957","is_ascension_mode":true,"campfire_choices":[{"data":"Zap","floor":6,"key":"SMITH"},{"floor":10,"key":"REST"},{"data":"Seek","floor":15,"key":"SMITH"}],"neow_cost":"NONE","seed_source_timestamp":7965549954282,"circlet_count":0,"master_deck":["AscendersBane","Strike_B","Strike_B","Strike_B","Strike_B","Defend_B","Defend_B","Defend_B","Defend_B","Zap+1","Dualcast","Cold Snap","Compile Driver","Seek+1","Ball Lightning","Compile Driver"],"relics":["Cracked Core","Smiling Mask","Bottled Lightning","Bronze Scales","ClockworkSouvenir","Golden Idol"],"potions_floor_usage":[10,16],"damage_taken":[{"damage":0,"enemies":"Cultist","floor":1,"turns":3},{"damage":12,"enemies":"2 Louse","floor":2,"turns":2},{"damage":10,"enemies":"Small Slimes","floor":3,"turns":3},{"damage":4,"enemies":"2 Fungi Beasts","floor":4,"turns":5},{"damage":4,"enemies":"Looter","floor":5,"turns":5},{"damage":21,"enemies":"Lagavulin","floor":7,"turns":6},{"damage":23,"enemies":"Hexaghost","floor":16,"turns":9}],"seed_played":"4809558633152084825","potions_obtained":[{"floor":2,"key":"Fruit Juice"},{"floor":7,"key":"GamblersBrew"}],"is_trial":false,"path_per_floor":["M","M","M","M","M","R","E","?","T","R","$","?","?","?","R","B"],"character_chosen":"DEFECT","items_purchased":["ClockworkSouvenir"],"campfire_rested":1,"item_purchase_floors":[11],"current_hp_per_floor":[64,52,42,38,34,34,13,2,2,29,29,29,18,18,18,0],"gold":99,"neow_bonus":"RANDOM_COMMON_RELIC","is_prod":false,"is_daily":false,"chose_seed":false,"campfire_upgraded":2,"win_rate":0,"timestamp":1560258597,"path_taken":["M","M","M","?","M","R","E","?","T","R","$","?","?","?","R","BOSS"],"build_version":"2019-06-10","purchased_purges":0,"victory":false,"max_hp_per_floor":[71,71,71,71,71,71,71,71,71,76,76,76,76,69,69,69],"card_choices":[{"not_picked":["Sweeping Beam","Go for the Eyes"],"picked":"Cold Snap","floor":1},{"not_picked":["Gash","Leap"],"picked":"Compile Driver","floor":2},{"not_picked":["Redo","Hologram","Streamline"],"picked":"SKIP","floor":3},{"not_picked":["Hologram","Coolheaded"],"picked":"Seek","floor":4},{"not_picked":["Force Field","Cold Snap"],"picked":"Ball Lightning","floor":5},{"not_picked":["Hologram","Chill"],"picked":"Compile Driver","floor":7}],"player_experience":2101558,"relics_obtained":[{"floor":7,"key":"Bottled Lightning"},{"floor":9,"key":"Bronze Scales"}],"event_choices":[{"damage_healed":0,"gold_gain":0,"player_choice":"Fled","damage_taken":11,"max_hp_gain":0,"max_hp_loss":0,"event_name":"Scrap Ooze","floor":8,"gold_loss":0},{"damage_healed":0,"gold_gain":0,"player_choice":"Ignored","damage_taken":0,"max_hp_gain":0,"max_hp_loss":0,"event_name":"Liars Game","floor":12,"gold_loss":0},{"damage_healed":0,"gold_gain":75,"player_choice":"Gather Gold","damage_taken":11,"max_hp_gain":0,"max_hp_loss":0,"event_name":"World of Goop","floor":13,"gold_loss":0},{"damage_healed":0,"gold_gain":0,"player_choice":"Lose Max HP","damage_taken":0,"relics_obtained":["Golden Idol"],"max_hp_gain":0,"max_hp_loss":7,"event_name":"Golden Idol","floor":14,"gold_loss":0}],"is_beta":true,"boss_relics":[],"items_purged_floors":[],"is_endless":false,"potions_floor_spawned":[2,7],"killed_by":"Hexaghost","ascension_level":20}