{"gold_per_floor":[363,43,43,118,129,129,129,129,129,50,64,64],"floor_reached":12,"playtime":393,"items_purged":["Strike_G"],"score":132,"play_id":"c77cb845-e68c-4e31-84bd-1a5c5cde7fee","local_time":"20190416222034","is_ascension_mode":true,"campfire_choices":[{"data":"Noxious Fumes","floor":6,"key":"SMITH"},{"floor":8,"key":"REST"}],"neow_cost":"TEN_PERCENT_HP_LOSS","seed_source_timestamp":367964969098666,"circlet_count":0,"master_deck":["AscendersBane","Defend_G","Defend_G","Defend_G","Defend_G+1","Defend_G","Strike_G","Strike_G","Strike_G","Strike_G","Survivor","Neutralize","All Out Attack","Noxious Fumes+1","PiercingWail+1","Well Laid Plans","Dagger Throw"],"relics":["Ring of the Snake","Lantern","Gremlin Horn"],"potions_floor_usage":[12],"damage_taken":[{"damage":7,"enemies":"Jaw Worm","floor":1,"turns":6},{"damage":5,"enemies":"Small Slimes","floor":5,"turns":5},{"damage":0,"enemies":"2 Louse","floor":11,"turns":2},{"damage":50,"enemies":"Gremlin Nob","floor":12,"turns":4}],"seed_played":"-7132996828183914450","potions_obtained":[{"floor":11,"key":"SteroidPotion"}],"is_trial":false,"path_per_floor":["M","$","?","?","M","R","?","R","T","$","M","E"],"character_chosen":"THE_SILENT","items_purchased":["Noxious Fumes","Lantern","Well Laid Plans"],"campfire_rested":1,"item_purchase_floors":[2,2,10],"current_hp_per_floor":[52,52,52,41,36,36,18,36,36,36,36,0],"gold":64,"neow_bonus":"TWO_FIFTY_GOLD","is_prod":false,"is_daily":false,"chose_seed":false,"campfire_upgraded":1,"win_rate":0,"timestamp":1555449634,"path_taken":["M","$","?","?","M","R","?","R","T","$","M","E"],"build_version":"2019-04-04","purchased_purges":1,"victory":false,"max_hp_per_floor":[60,60,60,60,60,60,60,60,60,60,60,60],"card_choices":[{"not_picked":["Flying Knee","Dodge and Roll"],"picked":"All Out Attack","floor":1},{"not_picked":["Slice","Dagger Spray"],"picked":"PiercingWail","floor":5},{"not_picked":["Underhanded Strike","Infinite Blades"],"picked":"Dagger Throw","floor":11}],"player_experience":2020780,"relics_obtained":[{"floor":9,"key":"Gremlin Horn"}],"event_choices":[{"damage_healed":0,"gold_gain":0,"player_choice":"Ignored","damage_taken":0,"max_hp_gain":0,"max_hp_loss":0,"event_name":"Liars Game","floor":3,"gold_loss":0},{"damage_healed":0,"gold_gain":75,"player_choice":"Gather Gold","damage_taken":11,"max_hp_gain":0,"max_hp_loss":0,"event_name":"World of Goop","floor":4,"gold_loss":0},{"damage_healed":0,"gold_gain":0,"player_choice":"Entered Light","damage_taken":18,"max_hp_gain":0,"max_hp_loss":0,"event_name":"Shining Light","floor":7,"gold_loss":0,"cards_upgraded":["PiercingWail","Defend_G"]}],"is_beta":true,"boss_relics":[],"items_purged_floors":[2],"is_endless":false,"potions_floor_spawned":[11],"killed_by":"Gremlin Nob","ascension_level":20}