{"gold_per_floor":[17,36,46,64,64,64,83,37,37,37,56,76,1,33,33,134,134,150,164,178,178,194,194,207,207,283,74,74,89,105,117,117,213,213,227,51,64,64,79,79,91,101,101,114,114],"floor_reached":45,"playtime":4366,"items_purged":["Defend_B"],"score":491,"play_id":"7905f82d-c6b9-4e69-b8cc-b2036eb96a59","local_time":"20190823181348","is_ascension_mode":true,"campfire_choices":[{"data":"Undo","floor":6,"key":"SMITH"},{"data":"Hologram","floor":15,"key":"SMITH"},{"floor":23,"key":"REST"},{"floor":25,"key":"REST"},{"floor":28,"key":"REST"},{"floor":32,"key":"REST"},{"floor":40,"key":"REST"}],"neow_cost":"NO_GOLD","seed_source_timestamp":20661628829225,"circlet_count":0,"master_deck":["Strike_B","Strike_B","Strike_B","Defend_B","Defend_B","Defend_B","Zap","Dualcast","Barrage","Cold Snap","Undo+1","Gash","Hologram+1","Turbo","Barrage","All For One+1","Beam Cell+1","Backflip","Metamorphosis","Inflame+1","Master of Strategy+1","Cloak And Dagger+1","Finisher+1","Parasite","Parasite"],"relics":["Cracked Core","Ornamental Fan","Molten Egg 2","Fusion Hammer","Gremlin Horn","PrismaticShard","Cursed Key","Blood Vial"],"potions_floor_usage":[4,7,14,19,22,24,30,31,33,42,44],"damage_taken":[{"damage":2,"enemies":"Jaw Worm","floor":1,"turns":3},{"damage":6,"enemies":"Cultist","floor":2,"turns":3},{"damage":0,"enemies":"2 Louse","floor":3,"turns":2},{"damage":2,"enemies":"Red Slaver","floor":4,"turns":3},{"damage":25,"enemies":"Gremlin Gang","floor":7,"turns":5},{"damage":1,"enemies":"Looter","floor":11,"turns":3},{"damage":0,"enemies":"Blue Slaver","floor":12,"turns":3},{"damage":8,"enemies":"3 Sentries","floor":14,"turns":3},{"damage":29,"enemies":"Hexaghost","floor":16,"turns":13},{"damage":5,"enemies":"Spheric Guardian","floor":18,"turns":4},{"damage":25,"enemies":"Chosen","floor":19,"turns":5},{"damage":21,"enemies":"3 Cultists","floor":20,"turns":6},{"damage":0,"enemies":"Cultist and Chosen","floor":22,"turns":6},{"damage":2,"enemies":"Sentry and Sphere","floor":24,"turns":5},{"damage":8,"enemies":"3 Cultists","floor":29,"turns":5},{"damage":5,"enemies":"Centurion and Healer","floor":30,"turns":5},{"damage":14,"enemies":"Snake Plant","floor":31,"turns":5},{"damage":42,"enemies":"Automaton","floor":33,"turns":12},{"damage":11,"enemies":"Orb Walker","floor":35,"turns":3},{"damage":30,"enemies":"3 Darklings","floor":37,"turns":4},{"damage":18,"enemies":"Maw","floor":39,"turns":6},{"damage":19,"enemies":"Writhing Mass","floor":41,"turns":4},{"damage":13,"enemies":"Spire Growth","floor":42,"turns":4},{"damage":21,"enemies":"Transient","floor":44,"turns":5},{"damage":25,"enemies":"Maw","floor":45,"turns":2}],"seed_played":"6756225119082126613","potions_obtained":[{"floor":1,"key":"Regen Potion"},{"floor":3,"key":"SkillPotion"},{"floor":11,"key":"PowerPotion"},{"floor":16,"key":"EssenceOfSteel"},{"floor":18,"key":"Energy Potion"},{"floor":20,"key":"Block Potion"},{"floor":22,"key":"Block Potion"},{"floor":29,"key":"Weak Potion"},{"floor":30,"key":"SkillPotion"},{"floor":37,"key":"Explosive Potion"},{"floor":39,"key":"Explosive Potion"},{"floor":41,"key":"Regen Potion"}],"is_trial":false,"path_per_floor":["M","M","M","M","?","R","M","$","T","$","M","M","$","E","R","B",null,"M","M","M","?","M","R","M","R","T","$","R","M","M","M","R","B",null,"M","$","M","?","M","R","M","M","T","M","M"],"character_chosen":"DEFECT","items_purchased":["Hologram","PrismaticShard","Master of Strategy"],"campfire_rested":5,"item_purchase_floors":[8,27,36],"current_hp_per_floor":[87,81,81,79,71,71,60,60,60,60,59,59,59,51,51,22,89,84,59,38,38,38,64,62,88,88,88,89,81,76,62,88,46,89,78,78,48,48,30,56,37,36,36,17,0],"gold":114,"neow_bonus":"TWENTY_PERCENT_HP_BONUS","is_prod":false,"is_daily":false,"chose_seed":false,"campfire_upgraded":2,"win_rate":0,"timestamp":1566609228,"path_taken":["M","M","M","M","?","R","M","?","T","$","M","M","$","E","R","BOSS","M","M","M","?","?","R","M","R","T","$","R","M","?","M","R","BOSS","M","$","M","?","M","R","M","M","T","M","?"],"build_version":"2019-07-17","purchased_purges":1,"victory":false,"max_hp_per_floor":[89,89,89,89,89,89,89,89,89,89,89,89,89,89,89,89,89,89,89,89,89,89,89,89,89,89,89,89,89,89,89,89,89,89,89,89,89,89,89,89,89,89,89,89,89],"card_choices":[{"not_picked":["Steam Power","Beam Cell"],"picked":"Barrage","floor":1},{"not_picked":["Chaos","Beam Cell"],"picked":"Cold Snap","floor":2},{"not_picked":["Rebound","Conserve Battery"],"picked":"Undo","floor":3},{"not_picked":["Melter","Scrape"],"picked":"Gash","floor":4},{"not_picked":["Ball Lightning","Doom and Gloom","Streamline"],"picked":"SKIP","floor":7},{"not_picked":["Stack","Compile Driver"],"picked":"Turbo","floor":11},{"not_picked":["Darkness","Buffer"],"picked":"Barrage","floor":12},{"not_picked":["Auto Shields","Compile Driver","Chaos"],"picked":"SKIP","floor":14},{"not_picked":["Amplify","Buffer"],"picked":"All For One+1","floor":16},{"not_picked":["Steam Power","Self Repair"],"picked":"Beam Cell+1","floor":18},{"not_picked":["Streamline+1","Steam+1","Chaos"],"picked":"SKIP","floor":19},{"not_picked":["Chaos+1","Sweeping Beam+1","Steam"],"picked":"SKIP","floor":20},{"not_picked":["Leap+1","Self Repair","Sweeping Beam+1"],"picked":"SKIP","floor":22},{"not_picked":["Ball Lightning+1","Stack","Reprogram"],"picked":"SKIP","floor":24},{"not_picked":["Deflect","Deep Breath","Streamline+1"],"picked":"SKIP","floor":29},{"not_picked":["Glass Knife+1","Madness","Static Discharge"],"picked":"SKIP","floor":30},{"not_picked":["Ball Lightning+1","Clash+1"],"picked":"Backflip","floor":31},{"not_picked":["Venomology","Bullet Time"],"picked":"Metamorphosis","floor":33},{"not_picked":["Cleave+1","Bloodletting"],"picked":"Inflame+1","floor":35},{"not_picked":["Footwork+1","Capacitor+1"],"picked":"Cloak And Dagger+1","floor":37},{"not_picked":["Rebound+1","Acrobatics"],"picked":"Finisher+1","floor":39},{"not_picked":["Flying Knee+1","Reflex+1","Quick Slash+1"],"picked":"SKIP","floor":41},{"not_picked":["True Grit+1","Havoc","Outmaneuver+1"],"picked":"SKIP","floor":42},{"not_picked":["Berserk","Perfected Strike+1","Dash+1"],"picked":"SKIP","floor":44}],"player_experience":205574,"relics_obtained":[{"floor":9,"key":"Ornamental Fan"},{"floor":14,"key":"Molten Egg 2"},{"floor":26,"key":"Gremlin Horn"},{"floor":43,"key":"Blood Vial"}],"event_choices":[{"damage_healed":0,"gold_gain":0,"player_choice":"Damaged","damage_taken":8,"max_hp_gain":0,"max_hp_loss":0,"event_name":"Wheel of Change","floor":5,"gold_loss":0},{"cards_removed":["Strike_B"],"damage_healed":0,"gold_gain":0,"player_choice":"Offered Basic","damage_taken":0,"max_hp_gain":0,"max_hp_loss":0,"event_name":"Bonfire Elementals","floor":21,"gold_loss":0},{"damage_healed":0,"gold_gain":0,"player_choice":"Forge","damage_taken":0,"max_hp_gain":0,"max_hp_loss":0,"event_name":"Accursed Blacksmith","floor":38,"gold_loss":0,"cards_upgraded":["Master of Strategy"]}],"is_beta":false,"boss_relics":[{"not_picked":["Black Star","Nuclear Battery"],"picked":"Fusion Hammer"},{"not_picked":["Runic Dome","Snecko Eye"],"picked":"Cursed Key"}],"items_purged_floors":[13],"is_endless":false,"potions_floor_spawned":[1,3,11,16,18,20,22,29,30,37,39,41],"killed_by":"Maw","ascension_level":3}