{"path_per_floor":["M","M","?","?","M","E","R","M","T","$","R","E","M","M","R","B",null,"M","?","?","$","?"],"character_chosen":"IRONCLAD","items_purchased":["Oddly Smooth Stone","Block Potion"],"gold_per_floor":[13,33,33,33,44,79,79,93,117,42,42,77,92,103,103,199,199,216,216,216,17,17,17],"floor_reached":23,"campfire_rested":0,"playtime":890,"item_purchase_floors":[21,21],"current_hp_per_floor":[73,78,78,62,67,67,67,71,71,71,71,77,80,80,80,70,78,80,65,65,65,65,0],"items_purged":["Strike_R"],"gold":17,"score":314,"play_id":"34979bb0-f8a5-4ac6-b073-440d313fbd51","local_time":"20180520082515","is_prod":false,"is_daily":false,"chose_seed":false,"is_ascension_mode":true,"campfire_upgraded":3,"timestamp":1526801115,"campfire_choices":[{"data":"Immolate","floor":7,"key":"SMITH"},{"data":"Armaments","floor":11,"key":"SMITH"},{"data":"Feel No Pain","floor":15,"key":"SMITH"}],"path_taken":["M","M","?","?","M","E","R","M","T","$","R","E","M","M","R","BOSS","M","?","?","?","?","E"],"build_version":"2018-05-18","seed_source_timestamp":58570812693226,"purchased_purges":1,"victory":false,"master_deck":["Bash+1","Immolate+1","Brutality","Shrug It Off","Clothesline+1","Headbutt","Reckless Charge","Armaments+1","Power Through","Feel No Pain+1","Reaper","Pommel Strike","Body Slam","Clothesline","Flex","Wild Strike","Body Slam","True Grit"],"max_hp_per_floor":[80,80,80,80,80,80,80,80,80,80,80,80,80,80,80,80,80,80,85,85,85,85,85],"relics":["Burning Blood","Art of War","Orichalcum","Juzu Bracelet","Pandora\u0027s Box","Oddly Smooth Stone"],"card_choices":[{"not_picked":["Clash","Combust"],"picked":"Shrug It Off","floor":1},{"not_picked":["Heavy Blade","Iron Wave"],"picked":"Clothesline","floor":2},{"not_picked":["Thunderclap","Perfected Strike"],"picked":"Headbutt","floor":5},{"not_picked":["Warcry","Headbutt"],"picked":"Reckless Charge","floor":6},{"not_picked":["Flex","Clash"],"picked":"Armaments","floor":8},{"not_picked":["Uppercut","Rupture"],"picked":"Power Through","floor":12},{"not_picked":["Wild Strike","Dropkick"],"picked":"Feel No Pain","floor":13},{"not_picked":["Clothesline","Armaments","Havoc"],"picked":"SKIP","floor":14},{"not_picked":["Juggernaut","Exhume"],"picked":"Reaper","floor":16},{"not_picked":["Wild Strike","Clash","Headbutt+1"],"picked":"SKIP","floor":18}],"player_experience":580240,"potions_floor_usage":[6,6,12,18,23],"damage_taken":[{"damage":5,"enemies":"Small Slimes","floor":1,"turns":3},{"damage":1,"enemies":"Cultist","floor":2,"turns":3},{"damage":1,"enemies":"Jaw Worm","floor":5,"turns":3},{"damage":6,"enemies":"Gremlin Nob","floor":6,"turns":3},{"damage":2,"enemies":"Blue Slaver","floor":8,"turns":3},{"damage":0,"enemies":"3 Sentries","floor":12,"turns":3},{"damage":0,"enemies":"Large Slime","floor":13,"turns":3},{"damage":0,"enemies":"3 Louse","floor":14,"turns":2},{"damage":16,"enemies":"The Guardian","floor":16,"turns":14},{"damage":0,"enemies":"Spheric Guardian","floor":18,"turns":3},{"damage":80,"enemies":"Book of Stabbing","floor":23,"turns":8}],"relics_obtained":[{"floor":6,"key":"Art of War"},{"floor":9,"key":"Orichalcum"},{"floor":12,"key":"Juzu Bracelet"}],"event_choices":[{"event_name":"Upgrade Shrine","player_choice":"Upgraded","floor":3,"damage_taken":0},{"event_name":"Shining Light","player_choice":"Entered Light","floor":4,"damage_taken":0},{"event_name":"Forgotten Altar","player_choice":"Shed Blood","floor":19,"damage_taken":0},{"event_name":"Ghosts","player_choice":"Ignored","floor":20,"damage_taken":0},{"event_name":"The Library","player_choice":"Read","floor":22,"damage_taken":0}],"boss_relics":[{"not_picked":["Black Star","Velvet Choker"],"picked":"Pandora\u0027s Box"}],"items_purged_floors":[10],"potions_floor_spawned":[2,5,6,12],"seed_played":"5322517057941205538","killed_by":"Book of Stabbing","ascension_level":8,"potions_obtained":[{"floor":2,"key":"Strength Potion"},{"floor":5,"key":"FearPotion"},{"floor":6,"key":"Energy Potion"},{"floor":12,"key":"Energy Potion"}],"is_trial":false}