{"gold_per_floor":[109,34,34,34,209,209,223,285,309,309,327,5,5,5,5,126,426,394,412,412,17,35,35,60,60,60,60,77,77,77,3,3,3],"floor_reached":33,"playtime":2809,"items_purged":["Strike_G","Defend_G"],"score":399,"play_id":"da821232-6561-4359-87e5-44201aabf2ef","local_time":"20190812182652","is_ascension_mode":false,"campfire_choices":[{"data":"Neutralize","floor":6,"key":"SMITH"},{"data":"Master of Strategy","floor":13,"key":"SMITH"},{"floor":15,"key":"DIG"},{"floor":23,"key":"REST"},{"floor":30,"key":"REST"},{"data":"Adrenaline","floor":32,"key":"SMITH"}],"neow_cost":"NONE","seed_source_timestamp":24442065818786,"circlet_count":0,"master_deck":["Strike_G","Strike_G+1","Strike_G+1","Defend_G","Defend_G","Defend_G","Defend_G","Survivor","Neutralize+1","Dagger Throw","Regret","Doubt","Outmaneuver","Dash","Injury","Noxious Fumes+1","Master of Strategy+1","Adrenaline+1","Doubt","Shame","Injury","Well Laid Plans+1","Discovery+1","Footwork+1","Burst+1","Escape Plan+1","Crippling Poison+1","Shame","Footwork+1"],"relics":["Ring of the Snake","NeowsBlessing","Juzu Bracelet","Darkstone Periapt","Shovel","Whetstone","Bloody Idol","PreservedInsect","Calling Bell","Ancient Tea Set","Frozen Egg 2","Old Coin","Toxic Egg 2","Centennial Puzzle","Meat on the Bone","Kunai"],"potions_floor_usage":[16,16,19,24,24],"damage_taken":[{"damage":0,"enemies":"2 Louse","floor":1,"turns":1},{"damage":0,"enemies":"Jaw Worm","floor":7,"turns":1},{"damage":0,"enemies":"3 Sentries","floor":8,"turns":2},{"damage":6,"enemies":"Small Slimes","floor":11,"turns":5},{"damage":48,"enemies":"Hexaghost","floor":16,"turns":11},{"damage":33,"enemies":"2 Thieves","floor":18,"turns":5},{"damage":38,"enemies":"3 Byrds","floor":19,"turns":8},{"damage":36,"enemies":"Shelled Parasite and Fungi","floor":22,"turns":9},{"damage":40,"enemies":"Gremlin Leader","floor":24,"turns":9},{"damage":15,"enemies":"3 Cultists","floor":28,"turns":6},{"damage":81,"enemies":"Collector","floor":33,"turns":8}],"seed_played":"-5324144018498444219","potions_obtained":[{"floor":7,"key":"Regen Potion"},{"floor":11,"key":"EssenceOfSteel"},{"floor":18,"key":"FearPotion"},{"floor":22,"key":"PowerPotion"}],"is_trial":false,"path_per_floor":["M","$","?","T","?","R","M","?","T","?","M","$","R","?","R","B",null,"M","M","?","$","M","R","E","?","T","?","M","?","R","$","R","B"],"character_chosen":"THE_SILENT","items_purchased":["Master of Strategy","Fire Potion","Toxic Egg 2","Discovery+1","Footwork+1","Footwork+1"],"campfire_rested":2,"item_purchase_floors":[12,12,21,21,21,31],"current_hp_per_floor":[70,70,70,70,76,76,76,76,76,82,76,76,76,76,76,28,100,67,44,44,44,13,43,8,8,8,41,43,49,80,80,80,0],"gold":3,"neow_bonus":"THREE_ENEMY_KILL","is_prod":false,"is_daily":false,"chose_seed":false,"campfire_upgraded":3,"win_rate":0.0,"timestamp":1565659612,"path_taken":["M","$","?","?","?","R","M","?","T","?","M","$","R","?","R","BOSS","M","M","?","$","M","R","E","?","T","?","M","?","R","?","R","BOSS"],"build_version":"2019-07-17","purchased_purges":2,"victory":false,"max_hp_per_floor":[70,70,70,70,76,76,76,76,76,82,82,82,82,82,82,82,100,100,100,100,100,100,100,100,100,100,100,100,106,106,106,106,106],"card_choices":[{"not_picked":["Backflip","Escape Plan"],"picked":"Dagger Throw","floor":1},{"not_picked":["Eviscerate","Sucker Punch"],"picked":"Outmaneuver","floor":7},{"not_picked":["Flying Knee","Heel Hook"],"picked":"Dash","floor":8},{"not_picked":["Backflip","Underhanded Strike"],"picked":"Noxious Fumes","floor":11},{"not_picked":["A Thousand Cuts","Die Die Die"],"picked":"Adrenaline","floor":16},{"not_picked":["Deflect","Sucker Punch","Dagger Throw"],"picked":"SKIP","floor":18},{"not_picked":["Flechettes","Predator"],"picked":"Well Laid Plans+1","floor":19},{"not_picked":["Dagger Throw","Crippling Poison+1"],"picked":"Burst+1","floor":22},{"not_picked":["Riddle With Holes","Choke","Unload"],"picked":"SKIP","floor":24},{"not_picked":["Acrobatics+1","Expertise+1"],"picked":"Crippling Poison+1","floor":28}],"player_experience":83289,"relics_obtained":[{"floor":4,"key":"Darkstone Periapt"},{"floor":8,"key":"Shovel"},{"floor":9,"key":"Whetstone"},{"floor":15,"key":"PreservedInsect"},{"floor":17,"key":"Ancient Tea Set"},{"floor":17,"key":"Frozen Egg 2"},{"floor":17,"key":"Old Coin"},{"floor":24,"key":"Centennial Puzzle"},{"floor":26,"key":"Meat on the Bone"}],"event_choices":[{"damage_healed":0,"gold_gain":0,"player_choice":"Box","damage_taken":0,"relics_obtained":["Juzu Bracelet"],"max_hp_gain":0,"max_hp_loss":0,"event_name":"Big Fish","floor":3,"gold_loss":0,"cards_obtained":["Regret"]},{"damage_healed":0,"gold_gain":175,"player_choice":"AGREE","damage_taken":0,"max_hp_gain":0,"max_hp_loss":0,"event_name":"Liars Game","floor":5,"gold_loss":0,"cards_obtained":["Doubt"]},{"damage_healed":0,"gold_gain":0,"player_choice":"Searched \u00271\u0027 times","damage_taken":0,"max_hp_gain":0,"max_hp_loss":0,"event_name":"Dead Adventurer","floor":8,"gold_loss":0},{"damage_healed":0,"gold_gain":0,"player_choice":"Take Wound","damage_taken":0,"relics_obtained":["Golden Idol"],"max_hp_gain":0,"max_hp_loss":0,"event_name":"Golden Idol","floor":10,"gold_loss":0,"cards_obtained":["Injury"]},{"damage_healed":0,"gold_gain":0,"player_choice":"Grow","damage_taken":0,"max_hp_gain":0,"max_hp_loss":0,"event_name":"Living Wall","floor":14,"gold_loss":0,"cards_upgraded":["Noxious Fumes"]},{"damage_healed":0,"gold_gain":0,"player_choice":"Gave Idol","damage_taken":0,"relics_obtained":["Bloody Idol"],"max_hp_gain":0,"max_hp_loss":0,"event_name":"Forgotten Altar","floor":20,"relics_lost":["Golden Idol"],"gold_loss":0},{"damage_healed":0,"gold_gain":0,"cards_transformed":["Strike_G"],"player_choice":"Transformed","damage_taken":0,"max_hp_gain":0,"max_hp_loss":0,"event_name":"Transmorgrifier","floor":25,"gold_loss":0,"cards_obtained":["Escape Plan"]},{"damage_healed":33,"gold_gain":0,"player_choice":"Heal","damage_taken":0,"max_hp_gain":0,"max_hp_loss":0,"event_name":"The Library","floor":27,"gold_loss":0},{"damage_healed":0,"gold_gain":0,"player_choice":"Stole Relic","damage_taken":0,"relics_obtained":["Kunai"],"max_hp_gain":0,"max_hp_loss":0,"event_name":"Addict","floor":29,"gold_loss":0,"cards_obtained":["Shame"]}],"is_beta":false,"boss_relics":[{"not_picked":["WristBlade","Cursed Key"],"picked":"Calling Bell"}],"items_purged_floors":[2,12],"is_endless":false,"potions_floor_spawned":[7,11,18,22],"killed_by":"Collector","ascension_level":0}