{"gold_per_floor":[117,134,61,61,73,102,102,137,137,137,149,161,175,175],"floor_reached":14,"playtime":687,"items_purged":[],"score":102,"play_id":"9d2819e1-eca3-4321-8310-557c0f17ab2e","local_time":"20190628232623","is_ascension_mode":false,"campfire_choices":[{"data":"1","floor":10,"key":"LIFT"}],"neow_cost":"PERCENT_DAMAGE","seed_source_timestamp":221913810375100,"circlet_count":0,"master_deck":["Strike_R","Strike_R","Strike_R+1","Strike_R+1","Strike_R","Defend_R","Defend_R","Defend_R","Defend_R","Bash","Thunderclap","Dual Wield","Sever Soul","Clash","Twin Strike","Heavy Blade","Iron Wave","Inflame","Flex"],"relics":["Burning Blood","Incense Burner","Dodecahedron","Girya"],"potions_floor_usage":[8,11,14,14],"damage_taken":[{"damage":10,"enemies":"Jaw Worm","floor":1,"turns":4},{"damage":1,"enemies":"2 Louse","floor":2,"turns":4},{"damage":0,"enemies":"Cultist","floor":5,"turns":2},{"damage":28,"enemies":"3 Sentries","floor":6,"turns":9},{"damage":21,"enemies":"Lagavulin","floor":8,"turns":5},{"damage":4,"enemies":"2 Fungi Beasts","floor":11,"turns":2},{"damage":11,"enemies":"Exordium Wildlife","floor":12,"turns":3},{"damage":5,"enemies":"Exordium Thugs","floor":13,"turns":4},{"damage":11,"enemies":"Large Slime","floor":14,"turns":1}],"seed_played":"-3224957625732422043","potions_obtained":[{"floor":1,"key":"GamblersBrew"},{"floor":2,"key":"Energy Potion"},{"floor":6,"key":"SteroidPotion"},{"floor":8,"key":"Strength Potion"},{"floor":13,"key":"Ancient Potion"}],"is_trial":false,"path_per_floor":["M","M","$","?","M","E","?","E","T","R","M","M","M","M"],"character_chosen":"IRONCLAD","items_purchased":["Sever Soul"],"campfire_rested":0,"item_purchase_floors":[3],"current_hp_per_floor":[52,57,57,41,47,25,25,10,10,10,12,7,8,0],"gold":175,"neow_bonus":"ONE_RARE_RELIC","is_prod":false,"is_daily":false,"chose_seed":false,"campfire_upgraded":0,"win_rate":0,"timestamp":1561731983,"path_taken":["M","M","$","?","M","E","?","E","T","R","M","M","?","M"],"build_version":"2019-01-23","purchased_purges":0,"victory":false,"max_hp_per_floor":[80,80,80,80,80,80,80,80,80,80,80,80,80,80],"card_choices":[{"not_picked":["Combust","Cleave"],"picked":"Thunderclap","floor":1},{"not_picked":["Clash","Carnage"],"picked":"Dual Wield","floor":2},{"not_picked":["Armaments","Twin Strike"],"picked":"Clash","floor":5},{"not_picked":["Thunderclap","Combust"],"picked":"Twin Strike","floor":6},{"not_picked":["Body Slam","Thunderclap"],"picked":"Heavy Blade","floor":8},{"not_picked":["Combust","Rupture"],"picked":"Iron Wave","floor":11},{"not_picked":["Sword Boomerang","Metallicize"],"picked":"Inflame","floor":12},{"not_picked":["Body Slam","Hemokinesis"],"picked":"Flex","floor":13}],"player_experience":28214,"relics_obtained":[{"floor":6,"key":"Dodecahedron"},{"floor":8,"key":"Girya"}],"event_choices":[{"damage_healed":0,"gold_gain":0,"player_choice":"Entered Light","damage_taken":16,"max_hp_gain":0,"max_hp_loss":0,"event_name":"Shining Light","floor":4,"gold_loss":0,"cards_upgraded":["Strike_R","Strike_R"]},{"damage_healed":0,"gold_gain":0,"player_choice":"Bought 0 Potions","damage_taken":0,"max_hp_gain":0,"max_hp_loss":0,"event_name":"The Woman in Blue","floor":7,"gold_loss":0}],"is_beta":false,"boss_relics":[],"items_purged_floors":[],"is_endless":false,"potions_floor_spawned":[1,2,6,8,13],"killed_by":"Large Slime","ascension_level":0}