{"gold_per_floor":[216,227,227,247,40,40,55,55,55,73,73,98,13,27,27,104,104,122,122,132,29,29],"floor_reached":22,"playtime":934,"items_purged":["Strike_R"],"score":397,"play_id":"449c2771-2c8c-4995-aa80-225c0e0a6611","local_time":"20180919172744","is_ascension_mode":true,"campfire_choices":[{"data":"Limit Break","floor":6.0,"key":"SMITH"},{"data":"Discovery","floor":8.0,"key":"SMITH"},{"data":"Inflame","floor":11.0,"key":"SMITH"},{"data":"Uppercut","floor":15.0,"key":"SMITH"}],"neow_cost":"NONE","seed_source_timestamp":0,"circlet_count":0,"master_deck":["Strike_R","Defend_R","Defend_R","Defend_R","Defend_R","Bash+1","AscendersBane","Metallicize","Armaments","Inflame","Limit Break+1","Discovery+1","Inflame+1","Fiend Fire","Uppercut+1","Inflame","Dual Wield+1","Inflame+1","Brutality+1","True Grit"],"special_seed":0,"relics":["Burning Blood","Mummified Hand","Charon\u0027s Ashes","Astrolabe"],"potions_floor_usage":[22],"damage_taken":[{"damage":10.0,"enemies":"Small Slimes","floor":1.0,"turns":5.0},{"damage":8.0,"enemies":"Jaw Worm","floor":2.0,"turns":7.0},{"damage":4.0,"enemies":"2 Louse","floor":4.0,"turns":4.0},{"damage":0.0,"enemies":"Blue Slaver","floor":7.0,"turns":5.0},{"damage":13.0,"enemies":"3 Louse","floor":10.0,"turns":5.0},{"damage":11.0,"enemies":"Lagavulin","floor":12.0,"turns":7.0},{"damage":15.0,"enemies":"Exordium Wildlife","floor":14.0,"turns":5.0},{"damage":11.0,"enemies":"The Guardian","floor":16.0,"turns":11.0},{"damage":22.0,"enemies":"Spheric Guardian","floor":18.0,"turns":4.0},{"damage":27,"enemies":"Shell Parasite","floor":20,"turns":3},{"damage":11,"enemies":"Sentry and Sphere","floor":22,"turns":3}],"seed_played":"4718124990444767996","potions_obtained":[{"floor":1.0,"key":"Weak Potion"},{"floor":4.0,"key":"SneckoOil"},{"floor":10.0,"key":"Energy Potion"}],"is_trial":false,"path_per_floor":["M","M","?","M","$","R","M","R","T","M","R","E","$","M","R","B",null,"M","?","M","$"],"character_chosen":"IRONCLAD","items_purchased":["Limit Break","Discovery","Uppercut","True Grit"],"campfire_rested":0,"item_purchase_floors":[5,5,13,21],"current_hp_per_floor":[64,62,62,64,64,64,70,70,70,63,63,58,58,49,49,44,67,51,30,9,9,0],"gold":29,"neow_bonus":"HUNDRED_GOLD","is_prod":false,"is_daily":false,"chose_seed":false,"campfire_upgraded":4,"win_rate":0,"timestamp":1537374464,"path_taken":["M","M","?","M","$","R","M","R","T","M","R","E","$","M","R","BOSS","M","?","M","$","M"],"build_version":"2018-09-18v3","purchased_purges":1,"victory":false,"max_hp_per_floor":[75,75,75,75,75,75,75,75,75,75,75,75,75,75,75,75,75,75,80,80,80,80],"card_choices":[{"not_picked":["Headbutt","Perfected Strike"],"picked":"Metallicize","floor":1.0},{"not_picked":["Flex","Thunderclap"],"picked":"Armaments","floor":2.0},{"not_picked":["Havoc","Flex"],"picked":"Inflame","floor":4.0},{"not_picked":["Metallicize","Sentinel"],"picked":"Inflame","floor":7.0},{"not_picked":["Flex","Warcry","Havoc"],"picked":"SKIP","floor":10.0},{"not_picked":["Flex","Warcry","Havoc"],"picked":"SKIP","floor":10.0},{"not_picked":["Flex","Warcry","Havoc"],"picked":"SKIP","floor":10.0},{"not_picked":["Rupture","Heavy Blade"],"picked":"Fiend Fire","floor":12.0},{"not_picked":["Intimidate","Combust"],"picked":"Inflame","floor":14.0},{"not_picked":["Wild Strike","Carnage","Combust"],"picked":"SKIP","floor":18.0},{"not_picked":["Clothesline","Headbutt","Warcry"],"picked":"SKIP","floor":20}],"player_experience":1323636,"relics_obtained":[{"floor":9.0,"key":"Mummified Hand"},{"floor":12.0,"key":"Charon\u0027s Ashes"}],"event_choices":[{"event_name":"Living Wall","player_choice":"Grow","floor":3.0,"damage_taken":0.0},{"event_name":"Forgotten Altar","player_choice":"Shed Blood","floor":19.0,"damage_taken":0.0}],"is_beta":true,"boss_relics":[{"not_picked":["Philosopher\u0027s Stone","Calling Bell"],"picked":"Astrolabe"}],"items_purged_floors":[21],"is_endless":false,"potions_floor_spawned":[1,4,10,12],"killed_by":"Sentry and Sphere","ascension_level":20}