{"gold_per_floor":[112,127,0,10,10,10,38,38,38,38,38,52,87,12,12,89,89,109,128,128,128,140,166,180,18,18,18],"floor_reached":27,"playtime":1637,"items_purged":["Strike_B"],"score":482,"play_id":"556240c4-e5b4-42af-ade6-e67c3f859f09","local_time":"20181103230723","is_ascension_mode":true,"campfire_choices":[{"data":"Defragment","floor":6,"key":"SMITH"},{"data":"Zap","floor":11,"key":"SMITH"},{"floor":15,"key":"REST"}],"neow_cost":"PERCENT_DAMAGE","seed_source_timestamp":288950694578310,"circlet_count":0,"master_deck":["AscendersBane","Strike_B+1","Strike_B+1","Strike_B","Defend_B","Defend_B","Defend_B","Defend_B","Zap+1","Dualcast","Defragment+1","Sunder+1","Glacier","Gash","Go for the Eyes","Core Surge","BootSequence","Compile Driver","Steam Power+1","Coolheaded","Compile Driver"],"relics":["Cracked Core","Meat on the Bone","Happy Flower","Gambling Chip","Runic Dome","Letter Opener","Whetstone","Pantograph"],"potions_floor_usage":[7,16,23,24,27],"damage_taken":[{"damage":7,"enemies":"Small Slimes","floor":1,"turns":3},{"damage":9,"enemies":"Jaw Worm","floor":2,"turns":5},{"damage":0,"enemies":"Cultist","floor":4,"turns":5},{"damage":20,"enemies":"Gremlin Nob","floor":7,"turns":4},{"damage":10,"enemies":"Large Slime","floor":12,"turns":4},{"damage":11,"enemies":"Lagavulin","floor":13,"turns":9},{"damage":49,"enemies":"Slime Boss","floor":16,"turns":12},{"damage":16,"enemies":"Shell Parasite","floor":18,"turns":6},{"damage":2,"enemies":"Spheric Guardian","floor":19,"turns":5},{"damage":17,"enemies":"Colosseum Slavers","floor":21,"turns":3},{"damage":4,"enemies":"Centurion and Healer","floor":22,"turns":8},{"damage":19,"enemies":"Book of Stabbing","floor":23,"turns":5},{"damage":17,"enemies":"Snecko","floor":24,"turns":6},{"damage":43,"enemies":"Slavers","floor":27,"turns":4}],"seed_played":"1782937511080443492","potions_obtained":[{"floor":4,"key":"Ancient Potion"},{"floor":12,"key":"Swift Potion"},{"floor":19,"key":"Weak Potion"},{"floor":22,"key":"AttackPotion"},{"floor":23,"key":"Block Potion"},{"floor":24,"key":"Dexterity Potion"}],"is_trial":false,"path_per_floor":["M","M","$","M","?","R","E","?","T","$","R","M","E","$","R","B",null,"M","M","?","?","M","E","M","$","T","E"],"character_chosen":"DEFECT","items_purchased":["Glacier","Poison Potion","Whetstone"],"campfire_rested":1,"item_purchase_floors":[3,3,25],"current_hp_per_floor":[53,44,44,44,44,44,24,24,24,24,24,26,27,27,52,15,68,52,50,50,45,53,46,41,41,41,0],"gold":18,"neow_bonus":"TWENTY_PERCENT_HP_BONUS","is_prod":false,"is_daily":false,"chose_seed":false,"campfire_upgraded":2,"win_rate":0,"timestamp":1541286443,"path_taken":["M","M","$","M","?","R","E","?","T","?","R","?","E","$","R","BOSS","M","M","?","?","M","E","?","$","T","E"],"build_version":"2018-11-02","purchased_purges":1,"victory":false,"max_hp_per_floor":[85,85,85,85,85,85,85,85,85,85,85,85,85,85,85,85,85,85,85,85,85,85,85,85,85,85,85],"card_choices":[{"not_picked":["Go for the Eyes","Force Field"],"picked":"Defragment","floor":1},{"not_picked":["Static Discharge","Go for the Eyes"],"picked":"Sunder","floor":2},{"not_picked":["Scrape","Coolheaded","Undo"],"picked":"SKIP","floor":4},{"not_picked":["Conserve Battery","Hyperbeam"],"picked":"Gash","floor":7},{"not_picked":["Compile Driver","Darkness"],"picked":"Go for the Eyes","floor":12},{"not_picked":["Stack","Self Repair","Streamline"],"picked":"SKIP","floor":13},{"not_picked":["Machine Learning","Fission"],"picked":"Core Surge","floor":16},{"not_picked":["Stack","Rebound"],"picked":"BootSequence","floor":18},{"not_picked":["Gash","BootSequence"],"picked":"Compile Driver","floor":19},{"not_picked":["Conserve Battery","Gash"],"picked":"Steam Power+1","floor":22},{"not_picked":["Beam Cell+1","Fusion"],"picked":"Coolheaded","floor":23},{"not_picked":["Leap","Conserve Battery"],"picked":"Compile Driver","floor":24}],"player_experience":1619625,"relics_obtained":[{"floor":7,"key":"Meat on the Bone"},{"floor":9,"key":"Happy Flower"},{"floor":13,"key":"Gambling Chip"},{"floor":23,"key":"Letter Opener"},{"floor":26,"key":"Pantograph"}],"event_choices":[{"damage_healed":0,"gold_gain":0,"player_choice":"Grow","damage_taken":0,"max_hp_gain":0,"max_hp_loss":0,"event_name":"Living Wall","floor":5,"gold_loss":0,"cards_upgraded":["Sunder"]},{"damage_healed":0,"gold_gain":0,"player_choice":"Ignored","damage_taken":0,"max_hp_gain":0,"max_hp_loss":0,"event_name":"Liars Game","floor":8,"gold_loss":0},{"damage_healed":0,"gold_gain":0,"player_choice":"Ignored","damage_taken":0,"max_hp_gain":0,"max_hp_loss":0,"event_name":"Ghosts","floor":20,"gold_loss":0},{"damage_healed":0,"gold_gain":0,"player_choice":"Fight","damage_taken":0,"max_hp_gain":0,"max_hp_loss":0,"event_name":"Colosseum","floor":21,"gold_loss":0},{"damage_healed":0,"gold_gain":0,"player_choice":"Fled From Nobs","damage_taken":0,"max_hp_gain":0,"max_hp_loss":0,"event_name":"Colosseum","floor":21,"gold_loss":0}],"is_beta":true,"boss_relics":[{"not_picked":["Runic Pyramid","Tiny House"],"picked":"Runic Dome"}],"items_purged_floors":[14],"is_endless":false,"potions_floor_spawned":[4,12,13,19,22,23,24],"killed_by":"Slavers","ascension_level":20}