{"gold_per_floor":[111,126,139,153,167,167,200,215,215,215,66,80,80,95,95,95],"floor_reached":16,"playtime":366,"items_purged":[],"score":106,"play_id":"76e31c68-06cc-4f28-8a4e-02cad4e7a495","local_time":"20190815215857","is_ascension_mode":false,"campfire_choices":[{"data":"Searing Blow","floor":6,"key":"SMITH"},{"data":"Searing Blow+1","floor":10,"key":"SMITH"},{"data":"Searing Blow+2","floor":13,"key":"SMITH"},{"data":"Searing Blow+3","floor":15,"key":"SMITH"}],"neow_cost":"NONE","seed_source_timestamp":19873282858500,"circlet_count":0,"master_deck":["Bash","Uppercut","Cleave","Warcry","Rampage","Rage","Searing Blow+4","Flex","Twin Strike","Anger"],"relics":["Pandora\u0027s Box","Bottled Flame","Singing Bowl","Orichalcum"],"potions_floor_usage":[16,16,16],"damage_taken":[{"damage":0,"enemies":"Cultist","floor":1,"turns":2},{"damage":5,"enemies":"2 Louse","floor":2,"turns":2},{"damage":11,"enemies":"Jaw Worm","floor":3,"turns":2},{"damage":21,"enemies":"Red Slaver","floor":4,"turns":3},{"damage":9,"enemies":"Blue Slaver","floor":5,"turns":2},{"damage":10,"enemies":"Gremlin Nob","floor":7,"turns":3},{"damage":3,"enemies":"Exordium Wildlife","floor":8,"turns":3},{"damage":4,"enemies":"Looter","floor":12,"turns":2},{"damage":0,"enemies":"Large Slime","floor":14,"turns":3},{"damage":23,"enemies":"The Guardian","floor":16,"turns":4}],"seed_played":"-3366655872289933959","potions_obtained":[{"floor":2,"key":"Ancient Potion"},{"floor":5,"key":"AttackPotion"},{"floor":7,"key":"Fire Potion"}],"is_trial":false,"path_per_floor":["M","M","M","M","M","R","E","M","T","R","$","M","R","M","R","B"],"character_chosen":"IRONCLAD","items_purchased":["Orichalcum"],"campfire_rested":0,"item_purchase_floors":[11],"current_hp_per_floor":[80,75,64,43,34,34,24,21,21,21,21,17,17,19,19,0],"gold":95,"neow_bonus":"BOSS_RELIC","is_prod":false,"is_daily":false,"chose_seed":false,"campfire_upgraded":4,"win_rate":0,"timestamp":1565873937,"path_taken":["M","M","?","M","M","R","E","M","T","R","$","M","R","M","R","BOSS"],"build_version":"2019-07-17","purchased_purges":0,"victory":false,"max_hp_per_floor":[80,80,80,80,80,80,80,80,80,80,80,80,80,82,82,82],"card_choices":[{"not_picked":["Wild Strike","Cleave","Heavy Blade"],"picked":"SKIP","floor":1},{"not_picked":["True Grit","Twin Strike","Pummel"],"picked":"SKIP","floor":2},{"not_picked":["Metallicize","Sever Soul","Sword Boomerang"],"picked":"SKIP","floor":3},{"not_picked":["Ghostly Armor","Body Slam","Heavy Blade"],"picked":"SKIP","floor":4},{"not_picked":["Metallicize","Heavy Blade","Armaments"],"picked":"SKIP","floor":5},{"not_picked":["Twin Strike","Uppercut","Dual Wield"],"picked":"SKIP","floor":7},{"not_picked":["Rage","Clothesline","Dropkick"],"picked":"SKIP","floor":8},{"not_picked":["Havoc","Body Slam","Whirlwind"],"picked":"SKIP","floor":12},{"not_picked":["Clothesline","Reckless Charge","Immolate"],"picked":"Singing Bowl","floor":14}],"player_experience":147532,"relics_obtained":[{"floor":7,"key":"Bottled Flame"},{"floor":9,"key":"Singing Bowl"}],"event_choices":[],"is_beta":false,"boss_relics":[],"items_purged_floors":[],"is_endless":false,"potions_floor_spawned":[2,5,7,12,14],"killed_by":"The Guardian","ascension_level":0}