{"gold_per_floor":[115,115,115,127,140,170,188,188,260,287,287,287,43,74,74,146,146,164,214,189,205,28,60,60,91,91,91,105,130,159,191,191,264,264,276,290,512,512],"floor_reached":38,"playtime":1819,"items_purged":["Strike_R"],"score":990,"play_id":"98745fc9-036d-4495-a3ea-ac0f8bd270fd","local_time":"20190802011316","is_ascension_mode":true,"campfire_choices":[{"floor":8.0,"key":"REST"},{"data":"Inflame","floor":11.0,"key":"SMITH"},{"floor":12.0,"key":"REST"},{"data":"Flame Barrier","floor":15.0,"key":"SMITH"},{"data":"Limit Break","floor":24.0,"key":"SMITH"},{"floor":27.0,"key":"REST"},{"floor":32.0,"key":"REST"}],"neow_cost":"NONE","seed_source_timestamp":0,"circlet_count":0,"master_deck":["AscendersBane","Strike_R","Strike_R","Defend_R+1","Defend_R","Defend_R","Defend_R+1","Bash","Twin Strike","Havoc","Anger","Flame Barrier+1","Inflame+1","Pommel Strike","Burning Pact","Shrug It Off","Limit Break+1","Body Slam+1","Intimidate","Feed","Demon Form+1","Sword Boomerang+1"],"special_seed":0,"relics":["Burning Blood","Bronze Scales","WingedGreaves","Bottled Tornado","War Paint","Lantern","Darkstone Periapt","Cursed Key","Mercury Hourglass","Frozen Egg 2","Regal Pillow","Dodecahedron","Red Mask","Velvet Choker"],"potions_floor_usage":[38],"damage_taken":[{"damage":1.0,"enemies":"2 Louse","floor":1.0,"turns":4.0},{"damage":1.0,"enemies":"Cultist","floor":4.0,"turns":3.0},{"damage":4.0,"enemies":"Jaw Worm","floor":5.0,"turns":3.0},{"damage":53.0,"enemies":"3 Sentries","floor":6.0,"turns":12.0},{"damage":21.0,"enemies":"Exordium Wildlife","floor":7.0,"turns":5.0},{"damage":13.0,"enemies":"Lagavulin","floor":10.0,"turns":7.0},{"damage":8.0,"enemies":"Gremlin Nob","floor":14.0,"turns":3.0},{"damage":20.0,"enemies":"The Guardian","floor":16.0,"turns":12.0},{"damage":13.0,"enemies":"Spheric Guardian","floor":18.0,"turns":4.0},{"damage":14.0,"enemies":"2 Thieves","floor":20.0,"turns":4.0},{"damage":12.0,"enemies":"3 Cultists","floor":21.0,"turns":6.0},{"damage":42.0,"enemies":"Slavers","floor":23.0,"turns":7.0},{"damage":20.0,"enemies":"Book of Stabbing","floor":25.0,"turns":4.0},{"damage":2.0,"enemies":"Snecko","floor":28.0,"turns":4.0},{"damage":39.0,"enemies":"Gremlin Leader","floor":29.0,"turns":6.0},{"damage":19.0,"enemies":"Book of Stabbing","floor":30.0,"turns":4.0},{"damage":16.0,"enemies":"Masked Bandits","floor":31.0,"turns":4.0},{"damage":34.0,"enemies":"Champ","floor":33.0,"turns":12.0},{"damage":19.0,"enemies":"3 Darklings","floor":35.0,"turns":5.0},{"damage":0.0,"enemies":"Orb Walker","floor":36.0,"turns":3.0},{"damage":66,"enemies":"2 Orb Walkers","floor":38,"turns":4}],"seed_played":"224183846321354300","potions_obtained":[{"floor":4.0,"key":"FearPotion"},{"floor":10.0,"key":"Weak Potion"},{"floor":14.0,"key":"Regen Potion"},{"floor":16.0,"key":"Regen Potion"},{"floor":30.0,"key":"BloodPotion"},{"floor":31.0,"key":"FearPotion"},{"floor":36.0,"key":"SkillPotion"}],"is_trial":false,"path_per_floor":["M","?","?","M","M","E","M","R","T","E","R","R","$","E","R","B",null,"M","?","M","M","$","E","R","E","T","R","M","E","E","?","R","B",null,"M","M","?","?"],"character_chosen":"IRONCLAD","items_purchased":["Lantern","Limit Break"],"campfire_rested":4,"item_purchase_floors":[13,22],"current_hp_per_floor":[73,66,66,71,73,26,11,33,33,26,26,48,48,46,46,32,64,57,57,49,43,43,52,52,38,38,60,64,31,18,26,63,38,68,55,61,61,0],"gold":512,"neow_bonus":"RANDOM_COMMON_RELIC","is_prod":false,"is_daily":false,"chose_seed":false,"campfire_upgraded":3,"win_rate":0,"timestamp":1564704796,"path_taken":["M","?","?","?","M","E","M","R","T","E","R","R","?","E","R","BOSS","M","?","M","M","$","E","R","E","T","R","M","E","E","?","R","BOSS","M","M","?","?"],"build_version":"2019-07-18","purchased_purges":1,"victory":false,"max_hp_per_floor":[75,75,75,75,75,75,75,75,75,75,75,75,75,75,75,75,75,75,75,75,75,75,75,75,75,75,75,75,75,75,75,75,78,78,78,78,78,78],"card_choices":[{"not_picked":["Pommel Strike","Sentinel"],"picked":"Twin Strike","floor":1.0},{"not_picked":["Sword Boomerang","Body Slam"],"picked":"Anger","floor":4.0},{"not_picked":["Corruption","Cleave"],"picked":"Flame Barrier","floor":5.0},{"not_picked":["Anger","Armaments"],"picked":"Inflame","floor":6.0},{"not_picked":["Bloodletting","Anger","Dark Embrace"],"picked":"SKIP","floor":7.0},{"not_picked":["Infernal Blade","Corruption"],"picked":"Pommel Strike","floor":10.0},{"not_picked":["Flex","Clash","Anger"],"picked":"SKIP","floor":14.0},{"not_picked":["Sever Soul","Rage","Perfected Strike"],"picked":"SKIP","floor":18.0},{"not_picked":["Thunderclap","Perfected Strike"],"picked":"Burning Pact","floor":20.0},{"not_picked":["Anger","Perfected Strike"],"picked":"Shrug It Off","floor":21.0},{"not_picked":["Double Tap","Dual Wield","Sever Soul"],"picked":"SKIP","floor":23.0},{"not_picked":["Clothesline","Combust"],"picked":"Body Slam+1","floor":25.0},{"not_picked":["Entrench+1","Pommel Strike","Rupture+1"],"picked":"SKIP","floor":28.0},{"not_picked":["Anger","Flex+1","Twin Strike"],"picked":"SKIP","floor":29.0},{"not_picked":["Rage","Cleave"],"picked":"Intimidate","floor":30.0},{"not_picked":["Shrug It Off","Armaments"],"picked":"Feed","floor":31.0},{"not_picked":["Brutality+1","Juggernaut+1"],"picked":"Demon Form+1","floor":33.0},{"not_picked":["Burning Pact","Blood for Blood"],"picked":"Sword Boomerang+1","floor":35.0},{"not_picked":["Rupture+1","Intimidate","Armaments"],"picked":"SKIP","floor":36.0}],"player_experience":2269610,"relics_obtained":[{"floor":6.0,"key":"WingedGreaves"},{"floor":9.0,"key":"Bottled Tornado"},{"floor":10.0,"key":"War Paint"},{"floor":14.0,"key":"Darkstone Periapt"},{"floor":23.0,"key":"Mercury Hourglass"},{"floor":25.0,"key":"Frozen Egg 2"},{"floor":29.0,"key":"Regal Pillow"},{"floor":30.0,"key":"Dodecahedron"},{"floor":31.0,"key":"Red Mask"}],"event_choices":[{"cards_removed":["Strike_R"],"damage_healed":0.0,"max_hp_gain":0.0,"max_hp_loss":0.0,"gold_gain":0.0,"event_name":"Golden Wing","player_choice":"Card Removal","floor":2.0,"gold_loss":0.0,"damage_taken":7.0},{"damage_healed":0.0,"max_hp_gain":0.0,"max_hp_loss":0.0,"gold_gain":0.0,"cards_transformed":["Strike_R"],"event_name":"Transmorgrifier","player_choice":"Transformed","floor":3.0,"gold_loss":0.0,"damage_taken":0.0,"cards_obtained":["Havoc"]},{"damage_healed":0.0,"max_hp_gain":0.0,"max_hp_loss":0.0,"gold_gain":50.0,"event_name":"Nest","player_choice":"Stole From Cult","floor":19.0,"gold_loss":0.0,"damage_taken":0.0},{"damage_healed":0.0,"max_hp_gain":0.0,"max_hp_loss":0.0,"gold_gain":0.0,"event_name":"Masked Bandits","player_choice":"Fought Bandits","floor":31.0,"gold_loss":0.0,"damage_taken":0.0},{"damage_healed":0.0,"max_hp_gain":0.0,"max_hp_loss":0.0,"gold_gain":222.0,"event_name":"Tomb of Lord Red Mask","player_choice":"Wore Mask","floor":37.0,"gold_loss":0.0,"damage_taken":0.0},{"damage_healed":0,"gold_gain":0,"player_choice":"Fight","damage_taken":0,"max_hp_gain":0,"max_hp_loss":0,"event_name":"Mysterious Sphere","floor":38,"gold_loss":0}],"is_beta":true,"boss_relics":[{"not_picked":["Lizard Tail","Astrolabe"],"picked":"Cursed Key"},{"not_picked":["Philosopher\u0027s Stone","Coffee Dripper"],"picked":"Velvet Choker"}],"items_purged_floors":[13],"is_endless":false,"potions_floor_spawned":[4,10,14,16,18,21,30,31,36],"killed_by":"2 Orb Walkers","ascension_level":20}