{"gold_per_floor":[116,116,136,8,8,8,28,28,52,87,102,120,120,131,131,235,235,248,11,25,25,42,42,69,83,108,108,121,71,101,115,115,218,218,234,16,16,16,35,61,61,161,161,161,171,171,186,186,186,186,186,186,34,63,63],"floor_reached":55,"playtime":4550,"items_purged":["Defend_B","Streamline","Iron Wave","Gash","Defragment"],"score":787,"play_id":"b7443034-914d-420f-ab0d-707b84791c11","local_time":"20190820150417","is_ascension_mode":false,"campfire_choices":[{"data":"Go for the Eyes","floor":6,"key":"SMITH"},{"data":"Zap","floor":15,"key":"SMITH"},{"data":"Echo Form","floor":23,"key":"SMITH"},{"data":"Turbo","floor":27,"key":"SMITH"},{"floor":32,"key":"REST"},{"floor":41,"key":"RECALL"},{"data":"Reboot","floor":44,"key":"SMITH"},{"data":"Mayhem","floor":46,"key":"SMITH"},{"data":"Discovery","floor":49,"key":"SMITH"},{"data":"Secret Technique","floor":52,"key":"SMITH"}],"neow_cost":"PERCENT_DAMAGE","seed_source_timestamp":13015976767076,"circlet_count":0,"master_deck":["Zap+1","Dualcast","Go for the Eyes+1","Skim","Cold Snap","Compile Driver","Echo Form+1","Gash+1","Seek+1","Hyperbeam+1","BootSequence+1","Secret Technique+1","Turbo+1","BootSequence","Reboot+1","Gash+1","Mayhem+1","Discovery+1","Panache","Echo Form"],"relics":["Cracked Core","Blood Vial","Smiling Mask","WingedGreaves","Astrolabe","Singing Bowl","Juzu Bracelet","FossilizedHelix","Runic Pyramid","Omamori","Torii","Blue Candle"],"potions_floor_usage":[10,10,22,24,24,30,42,45,47,50,54,54,55],"damage_taken":[{"damage":0,"enemies":"Small Slimes","floor":1,"turns":4},{"damage":0,"enemies":"Cultist","floor":3,"turns":3},{"damage":0,"enemies":"Jaw Worm","floor":7,"turns":3},{"damage":17,"enemies":"3 Sentries","floor":10,"turns":6},{"damage":4,"enemies":"3 Louse","floor":11,"turns":3},{"damage":0,"enemies":"Blue Slaver","floor":12,"turns":2},{"damage":9,"enemies":"Lots of Slimes","floor":14,"turns":4},{"damage":0,"enemies":"Slime Boss","floor":16,"turns":11},{"damage":9,"enemies":"Shell Parasite","floor":18,"turns":4},{"damage":0,"enemies":"Spheric Guardian","floor":20,"turns":3},{"damage":3,"enemies":"Centurion and Healer","floor":22,"turns":3},{"damage":23,"enemies":"Gremlin Leader","floor":24,"turns":4},{"damage":20,"enemies":"Snecko","floor":25,"turns":4},{"damage":0,"enemies":"Cultist and Chosen","floor":28,"turns":4},{"damage":24,"enemies":"Slavers","floor":30,"turns":3},{"damage":10,"enemies":"Snake Plant","floor":31,"turns":4},{"damage":7,"enemies":"Champ","floor":33,"turns":7},{"damage":0,"enemies":"3 Darklings","floor":35,"turns":3},{"damage":0,"enemies":"Orb Walker","floor":39,"turns":3},{"damage":0,"enemies":"Giant Head","floor":40,"turns":6},{"damage":0,"enemies":"Mind Bloom Boss Battle","floor":42,"turns":3},{"damage":0,"enemies":"Writhing Mass","floor":45,"turns":3},{"damage":0,"enemies":"Sphere and 2 Shapes","floor":47,"turns":2},{"damage":77,"enemies":"Awakened One","floor":50,"turns":6},{"damage":35,"enemies":"Shield and Spear","floor":54,"turns":4},{"damage":56,"enemies":"The Heart","floor":55,"turns":3}],"seed_played":"6926166527402864985","potions_obtained":[{"floor":3,"key":"LiquidBronze"},{"floor":7,"key":"Swift Potion"},{"floor":14,"key":"LiquidBronze"},{"floor":16,"key":"SteroidPotion"},{"floor":20,"key":"SteroidPotion"},{"floor":25,"key":"Regen Potion"},{"floor":30,"key":"SpeedPotion"},{"floor":33,"key":"Fire Potion"},{"floor":39,"key":"GamblersBrew"},{"floor":45,"key":"GamblersBrew"},{"floor":47,"key":"Poison Potion"}],"is_trial":false,"path_per_floor":["M","?","M","$","?","R","M","?","T","E","M","M","?","M","R","B",null,"M","$","M","?","M","R","E","M","T","R","M","$","E","M","R","B",null,"M","$","?","?","M","E","R","?","T","R","M","R","M","?","R","B",null,"R","$","E","B"],"character_chosen":"DEFECT","items_purchased":["Conserve Battery","Secret Technique","Mayhem","PowerPotion","PowerPotion"],"campfire_rested":1,"item_purchase_floors":[4,19,36,53,53],"current_hp_per_floor":[54,54,54,54,47,47,47,72,72,57,55,57,54,47,47,49,75,66,66,68,68,67,67,48,30,30,30,32,32,21,15,39,34,81,81,81,77,77,79,81,81,83,83,83,85,85,87,79,79,4,89,89,89,54,0],"gold":63,"neow_bonus":"REMOVE_TWO","is_prod":false,"is_daily":false,"chose_seed":false,"campfire_upgraded":8,"win_rate":0,"timestamp":1566338657,"path_taken":["M","?","?","$","?","R","M","?","T","E","M","M","?","?","R","BOSS","M","$","M","?","M","R","E","M","T","R","M","$","E","M","R","BOSS","M","$","?","?","M","E","R","?","T","R","M","R","M","?","R","BOSS","R","$","E","BOSS"],"build_version":"2019-07-17","purchased_purges":5,"victory":false,"max_hp_per_floor":[75,75,75,75,75,75,75,75,75,75,75,75,75,75,75,75,75,75,75,75,75,75,75,77,77,77,77,77,77,79,81,81,81,81,81,81,77,77,79,81,81,83,83,83,85,85,87,89,89,89,89,89,89,89,89],"card_choices":[{"not_picked":["Beam Cell","Storm"],"picked":"Go for the Eyes","floor":1},{"not_picked":["Auto Shields","Beam Cell"],"picked":"Skim","floor":3},{"not_picked":["Auto Shields","Hello World"],"picked":"Cold Snap","floor":7},{"not_picked":["Heatsinks","Aggregate","Gash"],"picked":"SKIP","floor":10},{"not_picked":["Beam Cell","Steam"],"picked":"Streamline","floor":11},{"not_picked":["Turbo","Cold Snap","Gash"],"picked":"SKIP","floor":12},{"not_picked":["Gash","BootSequence"],"picked":"Compile Driver","floor":14},{"not_picked":["Buffer","Hyperbeam"],"picked":"Echo Form","floor":16},{"not_picked":["Streamline","Gash+1"],"picked":"BootSequence+1","floor":18},{"not_picked":["Leap","Self Repair","Barrage"],"picked":"SKIP","floor":20},{"not_picked":["Defragment","Rip and Tear","Go for the Eyes"],"picked":"SKIP","floor":22},{"not_picked":["White Noise","Stack","Skim"],"picked":"Singing Bowl","floor":24},{"not_picked":["Rip and Tear","Double Energy+1"],"picked":"Gash","floor":25},{"not_picked":["Fusion","Creative AI"],"picked":"BootSequence","floor":28},{"not_picked":["Stack","Chill","Beam Cell"],"picked":"Singing Bowl","floor":30},{"not_picked":["Lockon+1","Hologram","Steam"],"picked":"Singing Bowl","floor":31},{"not_picked":["Multi-Cast","Amplify"],"picked":"Reboot","floor":33},{"not_picked":["Aggregate","Coolheaded"],"picked":"Gash+1","floor":35},{"not_picked":["Beam Cell","Cold Snap+1","Go for the Eyes+1"],"picked":"Singing Bowl","floor":39},{"not_picked":["Conserve Battery+1","Cold Snap","Hologram+1"],"picked":"Singing Bowl","floor":40},{"not_picked":["Doom and Gloom+1","Compile Driver","Genetic Algorithm"],"picked":"Singing Bowl","floor":42},{"not_picked":["Compile Driver","Rebound","Go for the Eyes"],"picked":"Singing Bowl","floor":45},{"not_picked":["Skim","Fusion","Coolheaded+1"],"picked":"Singing Bowl","floor":47},{"not_picked":["Violence","Enlightenment","HandOfGreed"],"picked":"Singing Bowl","floor":48},{"not_picked":["Secret Technique","Metamorphosis"],"picked":"Discovery","floor":48},{"not_picked":["Flash of Steel","HandOfGreed"],"picked":"Panache","floor":48},{"not_picked":["White Noise+1","Storm+1"],"picked":"Echo Form","floor":54}],"player_experience":171168,"relics_obtained":[{"floor":9,"key":"Blood Vial"},{"floor":10,"key":"Smiling Mask"},{"floor":24,"key":"Singing Bowl"},{"floor":26,"key":"Juzu Bracelet"},{"floor":30,"key":"FossilizedHelix"},{"floor":40,"key":"Omamori"},{"floor":42,"key":"Torii"},{"floor":54,"key":"Blue Candle"}],"event_choices":[{"cards_removed":["Defend_B"],"damage_healed":0,"gold_gain":0,"player_choice":"Took Card","damage_taken":0,"max_hp_gain":0,"max_hp_loss":0,"event_name":"NoteForYourself","floor":2,"gold_loss":0,"cards_obtained":["Iron Wave"]},{"cards_removed":["Strike_B"],"damage_healed":0,"gold_gain":0,"player_choice":"Card Removal","damage_taken":7,"max_hp_gain":0,"max_hp_loss":0,"event_name":"Golden Wing","floor":5,"gold_loss":0},{"damage_healed":25,"gold_gain":0,"player_choice":"Banana","damage_taken":0,"max_hp_gain":0,"max_hp_loss":0,"event_name":"Big Fish","floor":8,"gold_loss":0},{"damage_healed":0,"gold_gain":0,"player_choice":"Success","damage_taken":3,"relics_obtained":["WingedGreaves"],"max_hp_gain":0,"max_hp_loss":0,"event_name":"Scrap Ooze","floor":13,"gold_loss":0},{"damage_healed":0,"gold_gain":0,"player_choice":"Read","damage_taken":0,"max_hp_gain":0,"max_hp_loss":0,"event_name":"The Library","floor":21,"gold_loss":0,"cards_obtained":["Turbo"]},{"damage_healed":0,"gold_gain":0,"player_choice":"Max HP","damage_taken":0,"max_hp_gain":0,"max_hp_loss":4,"event_name":"Winding Halls","floor":37,"gold_loss":0},{"damage_healed":0,"gold_gain":0,"cards_transformed":["Conserve Battery"],"player_choice":"Transformed","damage_taken":0,"max_hp_gain":0,"max_hp_loss":0,"event_name":"Transmorgrifier","floor":38,"gold_loss":0,"cards_obtained":["Defragment"]},{"damage_healed":0,"gold_gain":0,"player_choice":"Fight","damage_taken":0,"max_hp_gain":0,"max_hp_loss":0,"event_name":"MindBloom","floor":42,"gold_loss":0},{"damage_healed":0,"gold_gain":0,"player_choice":"Memory 3","damage_taken":10,"max_hp_gain":0,"max_hp_loss":0,"event_name":"SensoryStone","floor":48,"gold_loss":0}],"is_beta":false,"boss_relics":[{"not_picked":["Cursed Key","Inserter"],"picked":"Astrolabe"},{"not_picked":["Black Star","Pandora\u0027s Box"],"picked":"Runic Pyramid"}],"items_purged_floors":[4,19,29,36,53],"is_endless":false,"potions_floor_spawned":[3,7,14,16,20,25,30,33,39,45,47],"killed_by":"The Heart","ascension_level":0}