{"gold_per_floor":[119,119,119,119,119,144,144,175,175,175,236,236,253,263,263,368,368,386,155,166,185,205,205,239,251,251,276,296,296,315,325,325,429,429,445,464,6,59,59,90,90,106,106,131,131,159,176,188,188,188],"floor_reached":51,"playtime":3364,"items_purged":["Regret"],"score":1065,"play_id":"963d03e7-d76e-47f1-9f5c-a8060bde08ec","local_time":"20190823103934","is_ascension_mode":true,"campfire_choices":[{"data":"Armaments","floor":7,"key":"SMITH"},{"data":"Bash","floor":10,"key":"SMITH"},{"data":"Shrug It Off","floor":12,"key":"SMITH"},{"data":"Pommel Strike","floor":15,"key":"SMITH"},{"data":"Uppercut","floor":23,"key":"SMITH"},{"data":"Barricade","floor":29,"key":"SMITH"},{"data":"Demon Form","floor":32,"key":"SMITH"},{"floor":41,"key":"REST"},{"floor":45,"key":"REST"},{"floor":49,"key":"REST"}],"neow_cost":"NONE","seed_source_timestamp":671538907113369,"circlet_count":0,"master_deck":["Strike_R+1","Strike_R","Strike_R+1","Strike_R","Strike_R","Defend_R","Defend_R","Defend_R","Defend_R","Bash+1","Armaments+1","Ghostly Armor","Clash","Shrug It Off+1","Rage","Pommel Strike+1","Fiend Fire","Uppercut+1","Headbutt","Barricade+1","Iron Wave","Writhe","Demon Form+1","Flex","Armaments+1","Immolate","Pommel Strike+1","Pummel+1","Offering","Injury","Flame Barrier+1"],"relics":["Burning Blood","NeowsBlessing","Dream Catcher","Torii","Singing Bowl","Letter Opener","PreservedInsect","Regal Pillow","Cursed Key","Happy Flower","Centennial Puzzle","Shuriken","Du-Vu Doll","Fusion Hammer","HandDrill","Paper Frog","FossilizedHelix","NlothsMask","Sundial","Ancient Tea Set","Nunchaku"],"potions_floor_usage":[11,16,16,31,40,50],"damage_taken":[{"damage":0,"enemies":"Cultist","floor":1,"turns":1},{"damage":0,"enemies":"Lagavulin","floor":6,"turns":1},{"damage":0,"enemies":"Gremlin Nob","floor":8,"turns":1},{"damage":22,"enemies":"Lagavulin Event","floor":11,"turns":4},{"damage":3,"enemies":"2 Louse","floor":13,"turns":3},{"damage":4,"enemies":"Jaw Worm","floor":14,"turns":4},{"damage":18,"enemies":"Hexaghost","floor":16,"turns":14},{"damage":4,"enemies":"Shell Parasite","floor":18,"turns":4},{"damage":12,"enemies":"Spheric Guardian","floor":20,"turns":4},{"damage":1,"enemies":"3 Cultists","floor":21,"turns":5},{"damage":1,"enemies":"Centurion and Healer","floor":22,"turns":5},{"damage":10,"enemies":"Gremlin Leader","floor":24,"turns":6},{"damage":32,"enemies":"Shelled Parasite and Fungi","floor":25,"turns":6},{"damage":2,"enemies":"Book of Stabbing","floor":27,"turns":4},{"damage":12,"enemies":"Snecko","floor":28,"turns":5},{"damage":7,"enemies":"Sentry and Sphere","floor":30,"turns":5},{"damage":1,"enemies":"Centurion and Healer","floor":31,"turns":5},{"damage":33,"enemies":"Automaton","floor":33,"turns":13},{"damage":0,"enemies":"Orb Walker","floor":35,"turns":3},{"damage":10,"enemies":"3 Darklings","floor":36,"turns":3},{"damage":27,"enemies":"2 Orb Walkers","floor":38,"turns":4},{"damage":53,"enemies":"Reptomancer","floor":40,"turns":6},{"damage":0,"enemies":"Jaw Worm Horde","floor":42,"turns":2},{"damage":1,"enemies":"Nemesis","floor":44,"turns":5},{"damage":0,"enemies":"Giant Head","floor":46,"turns":4},{"damage":22,"enemies":"Sphere and 2 Shapes","floor":47,"turns":6},{"damage":9,"enemies":"Transient","floor":48,"turns":5},{"damage":44,"enemies":"Awakened One","floor":50,"turns":9}],"seed_played":"-4453344369038524372","potions_obtained":[{"floor":1,"key":"AttackPotion"},{"floor":6,"key":"FearPotion"},{"floor":8,"key":"PowerPotion"},{"floor":14,"key":"AttackPotion"},{"floor":24,"key":"LiquidBronze"},{"floor":25,"key":"Explosive Potion"},{"floor":30,"key":"Regen Potion"},{"floor":31,"key":"FairyPotion"},{"floor":38,"key":"EssenceOfSteel"},{"floor":42,"key":"Ancient Potion"}],"is_trial":false,"path_per_floor":["M","?","?","$","?","E","R","E","T","R","?","R","M","M","R","B",null,"M","$","M","M","M","R","E","M","T","E","M","R","M","M","R","B",null,"M","M","$","?","?","E","R","M","T","E","R","E","M","M","R","B",null],"character_chosen":"IRONCLAD","items_purchased":["Happy Flower","HandDrill","Paper Frog"],"campfire_rested":3,"item_purchase_floors":[19,37,37],"current_hp_per_floor":[80,80,73,73,57,63,63,69,69,69,53,53,56,58,58,46,72,74,74,68,75,82,82,78,52,52,56,50,50,49,70,70,43,75,83,79,79,60,60,15,57,63,63,70,96,98,84,81,102,64],"gold":188,"neow_bonus":"THREE_ENEMY_KILL","is_prod":false,"is_daily":false,"chose_seed":false,"campfire_upgraded":7,"win_rate":0,"timestamp":1566545974,"path_taken":["M","?","?","$","?","E","R","E","T","R","?","R","M","?","R","BOSS","M","$","M","M","M","R","E","M","T","E","M","R","M","M","R","BOSS","M","M","$","?","?","E","R","M","T","E","R","E","M","M","R","BOSS"],"build_version":"2019-07-17","purchased_purges":1,"victory":true,"max_hp_per_floor":[80,80,80,80,80,80,80,80,80,80,80,80,80,80,80,80,80,80,80,80,82,84,84,84,84,84,84,84,84,84,86,86,86,86,88,88,88,90,90,92,92,92,92,94,96,98,100,100,102,102],"card_choices":[{"not_picked":["Dual Wield","Pommel Strike"],"picked":"Armaments","floor":1},{"not_picked":["Havoc","Corruption"],"picked":"Ghostly Armor","floor":6},{"not_picked":["Feel No Pain","Body Slam"],"picked":"Clash","floor":8},{"not_picked":["Heavy Blade","Warcry"],"picked":"Shrug It Off","floor":11},{"not_picked":["Intimidate","Pummel"],"picked":"Rage","floor":13},{"not_picked":["Warcry","Berserk"],"picked":"Pommel Strike","floor":14},{"not_picked":["Reaper","Brutality"],"picked":"Fiend Fire","floor":16},{"not_picked":["Pommel Strike","Battle Trance"],"picked":"Uppercut","floor":18},{"not_picked":["Sword Boomerang","Intimidate+1"],"picked":"Headbutt","floor":20},{"not_picked":["Bloodletting+1","Fire Breathing","Twin Strike"],"picked":"Singing Bowl","floor":21},{"not_picked":["Twin Strike","Entrench+1","Armaments"],"picked":"Singing Bowl","floor":22},{"not_picked":["Clash","Power Through+1"],"picked":"Barricade","floor":24},{"not_picked":["Body Slam","Infernal Blade"],"picked":"Iron Wave","floor":25},{"not_picked":["Heavy Blade+1","Anger"],"picked":"Demon Form","floor":27},{"not_picked":["Warcry","Blood for Blood"],"picked":"Flex","floor":28},{"not_picked":["Clothesline+1","Feel No Pain"],"picked":"Armaments+1","floor":30},{"not_picked":["Sword Boomerang","Warcry","Headbutt"],"picked":"Singing Bowl","floor":31},{"not_picked":["Demon Form","Impervious"],"picked":"Immolate","floor":33},{"not_picked":["Uppercut","True Grit","Twin Strike"],"picked":"Singing Bowl","floor":35},{"not_picked":["Twin Strike+1","Carnage"],"picked":"Pommel Strike+1","floor":36},{"not_picked":["Pommel Strike+1","Fire Breathing","Searing Blow"],"picked":"Singing Bowl","floor":38},{"not_picked":["Warcry","Twin Strike","Power Through"],"picked":"Singing Bowl","floor":40},{"not_picked":["Body Slam+1","Headbutt+1"],"picked":"Pummel+1","floor":41},{"not_picked":["Uppercut+1","Burning Pact"],"picked":"Offering","floor":42},{"not_picked":["Rupture","Pommel Strike+1","Bloodletting+1"],"picked":"Singing Bowl","floor":44},{"not_picked":["Pommel Strike","Blood for Blood","Shrug It Off+1"],"picked":"Singing Bowl","floor":45},{"not_picked":["Flame Barrier","Havoc+1","Shrug It Off"],"picked":"Singing Bowl","floor":46},{"not_picked":["Armaments","Rage","Shockwave+1"],"picked":"Singing Bowl","floor":47},{"not_picked":["Anger+1","Sever Soul+1"],"picked":"Flame Barrier+1","floor":48},{"not_picked":["Pommel Strike","Reckless Charge+1","Thunderclap"],"picked":"Singing Bowl","floor":49}],"player_experience":199052,"relics_obtained":[{"floor":6,"key":"Singing Bowl"},{"floor":8,"key":"Letter Opener"},{"floor":9,"key":"PreservedInsect"},{"floor":11,"key":"Regal Pillow"},{"floor":24,"key":"Centennial Puzzle"},{"floor":26,"key":"Shuriken"},{"floor":27,"key":"Du-Vu Doll"},{"floor":38,"key":"FossilizedHelix"},{"floor":40,"key":"Sundial"},{"floor":44,"key":"Ancient Tea Set"},{"floor":46,"key":"Nunchaku"}],"event_choices":[{"damage_healed":0,"gold_gain":0,"player_choice":"Box","damage_taken":0,"relics_obtained":["Dream Catcher"],"max_hp_gain":0,"max_hp_loss":0,"event_name":"Big Fish","floor":2,"gold_loss":0,"cards_obtained":["Regret"]},{"damage_healed":0,"gold_gain":0,"player_choice":"Success","damage_taken":7,"relics_obtained":["Torii"],"max_hp_gain":0,"max_hp_loss":0,"event_name":"Scrap Ooze","floor":3,"gold_loss":0},{"damage_healed":0,"gold_gain":0,"player_choice":"Entered Light","damage_taken":16,"max_hp_gain":0,"max_hp_loss":0,"event_name":"Shining Light","floor":5,"gold_loss":0,"cards_upgraded":["Strike_R","Strike_R"]},{"damage_healed":0,"gold_gain":30,"player_choice":"Searched \u00272\u0027 times","damage_taken":0,"max_hp_gain":0,"max_hp_loss":0,"event_name":"Dead Adventurer","floor":11,"gold_loss":0},{"damage_healed":0,"gold_gain":0,"player_choice":"Fight","damage_taken":0,"max_hp_gain":0,"max_hp_loss":0,"event_name":"Mysterious Sphere","floor":38,"gold_loss":0},{"damage_healed":0,"gold_gain":0,"player_choice":"Trade","damage_taken":0,"relics_obtained":["NlothsMask"],"max_hp_gain":0,"max_hp_loss":0,"event_name":"FaceTrader","floor":39,"gold_loss":0}],"is_beta":false,"boss_relics":[{"not_picked":["Sozu","Eternal Feather"],"picked":"Cursed Key"},{"not_picked":["Philosopher\u0027s Stone","Empty Cage"],"picked":"Fusion Hammer"}],"items_purged_floors":[19],"is_endless":false,"potions_floor_spawned":[1,6,8,14,24,25,27,28,30,31,35,38,42,46,47],"ascension_level":5}