{"gold_per_floor":[210,226,80,80,94,125,125,125,174,174,174,190,215,227,227,328,328,345,365,326,326,344,344,378,389,412,412,432,432,447,465,465,561,561,577,577,577,477,489,524,543,573,573,593,611,959,55,66,66,66],"floor_reached":51,"playtime":3118,"items_purged":["Strike_R","Strike_R","Defend_R"],"score":934,"play_id":"78245ecd-f86f-455c-b063-d1388c120a9f","local_time":"20190709010132","is_ascension_mode":true,"campfire_choices":[{"data":"Shrug It Off","floor":10,"key":"SMITH"},{"data":"Demon Form","floor":15,"key":"SMITH"},{"data":"Barricade","floor":23,"key":"SMITH"},{"floor":32,"key":"REST"},{"data":"Entrench","floor":49,"key":"SMITH"}],"neow_cost":"NONE","seed_source_timestamp":425368479827900,"circlet_count":0,"master_deck":["Strike_R","Strike_R","Defend_R+1","Defend_R","Bash","Twin Strike","Shrug It Off+1","Body Slam+1","Twin Strike","Second Wind","Shrug It Off+1","Demon Form+1","Barricade+1","Shrug It Off+1","Power Through","Disarm","Necronomicurse","Impervious","Reaper","Reaper","Metallicize+1","Madness","Madness","Metallicize+1","Infernal Blade+1","Entrench+1","Bludgeon+1","Secret Technique","Entrench+1"],"relics":["Burning Blood","Vajra","Happy Flower","Matryoshka","Mark of Pain","Nloth\u0027s Gift","Centennial Puzzle","Letter Opener","War Paint","Necronomicon","Black Star","Bag of Preparation","Molten Egg 2","Mummified Hand","Omamori","Lantern","Anchor","Old Coin","ClockworkSouvenir","Strawberry","Red Skull"],"potions_floor_usage":[22,24,28,30,33,39,44,50,50,50],"damage_taken":[{"damage":5,"enemies":"2 Louse","floor":1,"turns":3},{"damage":6,"enemies":"Cultist","floor":2,"turns":4},{"damage":4,"enemies":"Jaw Worm","floor":5,"turns":3},{"damage":47,"enemies":"3 Sentries","floor":6,"turns":11},{"damage":0,"enemies":"2 Fungi Beasts","floor":12,"turns":3},{"damage":14,"enemies":"Gremlin Nob","floor":13,"turns":4},{"damage":2,"enemies":"Large Slime","floor":14,"turns":5},{"damage":20,"enemies":"The Guardian","floor":16,"turns":11},{"damage":17,"enemies":"3 Byrds","floor":18,"turns":6},{"damage":37,"enemies":"Spheric Guardian","floor":19,"turns":7},{"damage":9,"enemies":"Snake Plant","floor":22,"turns":4},{"damage":41,"enemies":"Slavers","floor":24,"turns":10},{"damage":4,"enemies":"Chosen and Byrds","floor":25,"turns":10},{"damage":3,"enemies":"Centurion and Healer","floor":28,"turns":6},{"damage":0,"enemies":"3 Cultists","floor":30,"turns":6},{"damage":1,"enemies":"Snake Plant","floor":31,"turns":5},{"damage":22,"enemies":"Collector","floor":33,"turns":10},{"damage":20,"enemies":"3 Shapes","floor":35,"turns":7},{"damage":23,"enemies":"3 Darklings","floor":39,"turns":5},{"damage":41,"enemies":"Giant Head","floor":40,"turns":8},{"damage":23,"enemies":"Jaw Worm Horde","floor":41,"turns":8},{"damage":46,"enemies":"Nemesis","floor":42,"turns":11},{"damage":33,"enemies":"Transient","floor":44,"turns":5},{"damage":27,"enemies":"3 Darklings","floor":45,"turns":14},{"damage":0,"enemies":"2 Orb Walkers","floor":46,"turns":4},{"damage":3,"enemies":"Sphere and 2 Shapes","floor":48,"turns":4},{"damage":43,"enemies":"Time Eater","floor":50,"turns":7}],"seed_played":"-1471576679360537341","potions_obtained":[{"floor":5,"key":"Ancient Potion"},{"floor":13,"key":"LiquidBronze"},{"floor":16,"key":"Explosive Potion"},{"floor":22,"key":"BloodPotion"},{"floor":24,"key":"Poison Potion"},{"floor":31,"key":"LiquidBronze"},{"floor":35,"key":"SteroidPotion"},{"floor":39,"key":"Ancient Potion"},{"floor":41,"key":"Fire Potion"}],"is_trial":false,"path_per_floor":["M","M","$","?","M","E","?","?","T","R","?","M","E","M","R","B",null,"M","M","$","?","M","R","E","M","T","?","M","?","M","M","R","B",null,"M","?","?","$","M","E","M","E","T","M","M","?","$","M","R","B",null],"character_chosen":"IRONCLAD","items_purchased":["Body Slam","Twin Strike","Power Through","ClockworkSouvenir","Secret Technique","Strawberry","Red Skull","Fruit Juice"],"campfire_rested":1,"item_purchase_floors":[3,3,20,47,47,47,47,47],"current_hp_per_floor":[80,80,80,80,80,39,39,32,32,32,32,38,30,34,34,20,80,69,38,38,38,35,35,20,22,22,6,9,9,15,20,44,32,80,76,66,66,66,63,63,75,53,53,36,55,61,68,81,81,49],"gold":66,"neow_bonus":"HUNDRED_GOLD","is_prod":false,"is_daily":false,"chose_seed":false,"campfire_upgraded":4,"win_rate":0,"timestamp":1562601692,"path_taken":["M","M","$","?","?","E","?","?","T","R","?","M","E","?","R","BOSS","M","M","$","?","M","R","E","?","T","?","M","?","?","M","R","BOSS","M","?","?","$","M","E","M","E","T","M","M","?","?","M","R","BOSS"],"build_version":"2019-07-05","purchased_purges":3,"victory":true,"max_hp_per_floor":[80,80,80,80,80,80,80,80,80,80,80,80,80,80,80,80,80,80,80,80,80,80,80,80,80,80,80,80,80,80,80,80,80,80,80,80,80,80,80,80,80,80,80,80,80,80,87,87,87,92],"card_choices":[{"not_picked":["Iron Wave","Perfected Strike"],"picked":"Twin Strike","floor":1},{"not_picked":["Anger","Corruption"],"picked":"Shrug It Off","floor":2},{"not_picked":["Warcry","Iron Wave"],"picked":"Second Wind","floor":5},{"not_picked":["Infernal Blade","Flex","Clothesline"],"picked":"SKIP","floor":6},{"not_picked":["Pommel Strike","Evolve"],"picked":"Shrug It Off","floor":12},{"not_picked":["Sentinel","Feel No Pain"],"picked":"Demon Form","floor":13},{"not_picked":["Wild Strike","Cleave","Pommel Strike"],"picked":"SKIP","floor":14},{"not_picked":["Demon Form","Brutality"],"picked":"Barricade","floor":16},{"not_picked":["Thunderclap+1","Sentinel","True Grit"],"picked":"SKIP","floor":18},{"not_picked":["Iron Wave+1","Dropkick"],"picked":"Shrug It Off","floor":19},{"not_picked":["Ghostly Armor","Pommel Strike","Thunderclap"],"picked":"SKIP","floor":22},{"not_picked":["Demon Form","Searing Blow"],"picked":"Disarm","floor":24},{"not_picked":["Dual Wield","Wild Strike+1","Perfected Strike"],"picked":"SKIP","floor":25},{"not_picked":["Anger","Pommel Strike+1"],"picked":"Impervious","floor":28},{"not_picked":["Clash","Havoc","Perfected Strike"],"picked":"SKIP","floor":30},{"not_picked":["Thunderclap","Heavy Blade"],"picked":"Reaper","floor":31},{"not_picked":["Impervious","Offering"],"picked":"Reaper","floor":33},{"not_picked":["Headbutt","Juggernaut"],"picked":"Metallicize+1","floor":35},{"not_picked":["Dropkick+1","Blood for Blood"],"picked":"Metallicize+1","floor":39},{"not_picked":["Exhume","Fire Breathing+1"],"picked":"Infernal Blade+1","floor":40},{"not_picked":["Feel No Pain+1","Thunderclap+1"],"picked":"Entrench","floor":41},{"not_picked":["Intimidate","Ghostly Armor","True Grit"],"picked":"SKIP","floor":42},{"not_picked":["Evolve+1","Havoc+1","Perfected Strike+1"],"picked":"SKIP","floor":44},{"not_picked":["Seeing Red+1","Rampage+1"],"picked":"Bludgeon+1","floor":45},{"not_picked":["Sword Boomerang+1","Cleave+1"],"picked":"Entrench+1","floor":48}],"player_experience":110262,"relics_obtained":[{"floor":6,"key":"Vajra"},{"floor":9,"key":"Dream Catcher"},{"floor":13,"key":"Matryoshka"},{"floor":24,"key":"Centennial Puzzle"},{"floor":26,"key":"Letter Opener"},{"floor":26,"key":"War Paint"},{"floor":27,"key":"Necronomicon"},{"floor":40,"key":"Bag of Preparation"},{"floor":40,"key":"Molten Egg 2"},{"floor":42,"key":"Mummified Hand"},{"floor":42,"key":"Omamori"},{"floor":43,"key":"Lantern"},{"floor":43,"key":"Anchor"},{"floor":46,"key":"Old Coin"}],"event_choices":[{"cards_removed":["Strike_R"],"damage_healed":0,"gold_gain":0,"player_choice":"Purged","damage_taken":0,"max_hp_gain":0,"max_hp_loss":0,"event_name":"Purifier","floor":4,"gold_loss":0},{"damage_healed":0,"gold_gain":0,"player_choice":"Grow","damage_taken":0,"max_hp_gain":0,"max_hp_loss":0,"event_name":"Living Wall","floor":7,"gold_loss":0,"cards_upgraded":["Body Slam"]},{"damage_healed":0,"gold_gain":0,"player_choice":"Success","damage_taken":7,"relics_obtained":["Happy Flower"],"max_hp_gain":0,"max_hp_loss":0,"event_name":"Scrap Ooze","floor":8,"gold_loss":0},{"damage_healed":0,"gold_gain":0,"player_choice":"Ignored","damage_taken":0,"max_hp_gain":0,"max_hp_loss":0,"event_name":"Liars Game","floor":11,"gold_loss":0},{"damage_healed":0,"gold_gain":0,"player_choice":"Traded Relic","damage_taken":0,"relics_obtained":["Nloth\u0027s Gift"],"max_hp_gain":0,"max_hp_loss":0,"event_name":"N\u0027loth","floor":21,"relics_lost":["Dream Catcher"],"gold_loss":0},{"damage_healed":0,"gold_gain":0,"player_choice":"Obtained Book","damage_taken":16,"max_hp_gain":0,"max_hp_loss":0,"event_name":"Cursed Tome","floor":27,"gold_loss":0},{"damage_healed":0,"gold_gain":0,"player_choice":"Forge","damage_taken":0,"max_hp_gain":0,"max_hp_loss":0,"event_name":"Accursed Blacksmith","floor":29,"gold_loss":0,"cards_upgraded":["Shrug It Off"]},{"damage_healed":0,"gold_gain":0,"player_choice":"Embrace Madness","damage_taken":10,"max_hp_gain":0,"max_hp_loss":0,"event_name":"Winding Halls","floor":36,"gold_loss":0,"cards_obtained":["Madness","Madness"]},{"cards_removed":["Defend_R"],"damage_healed":0,"gold_gain":0,"player_choice":"Removed Skill","damage_taken":0,"max_hp_gain":0,"max_hp_loss":0,"event_name":"Falling","floor":37,"gold_loss":0},{"damage_healed":0,"gold_gain":0,"player_choice":"Fight","damage_taken":0,"max_hp_gain":0,"max_hp_loss":0,"event_name":"Mysterious Sphere","floor":46,"gold_loss":0}],"is_beta":false,"boss_relics":[{"not_picked":["Coffee Dripper","Pandora\u0027s Box"],"picked":"Mark of Pain"},{"not_picked":["Runic Dome","Orrery"],"picked":"Black Star"}],"items_purged_floors":[3,38,47],"is_endless":false,"potions_floor_spawned":[5,13,16,22,24,31,35,39,41],"ascension_level":4}