{"gold_per_floor":[117,117,32,48,48,48,59,79,105,131,131,158,169,94,94,171,171,191,10,20,20,20,54,54,64,140,48,81,103,115,127,139,223,235,258,270,22,34,34,34,0,27,50,50,50,50,83,83,83,83],"floor_reached":51,"playtime":3540,"items_purged":["Strike_R"],"score":1407,"play_id":"04842585-9c62-4955-b101-3e1bba069fd5","local_time":"20180825194307","is_ascension_mode":true,"campfire_choices":[{"data":"Whirlwind","floor":6.0,"key":"SMITH"},{"data":"True Grit","floor":11.0,"key":"SMITH"},{"floor":15.0,"key":"REST"},{"floor":24.0,"key":"REST"},{"data":"Demon Form","floor":30,"key":"SMITH"},{"data":"Armaments","floor":32,"key":"SMITH"},{"data":"Uppercut","floor":40,"key":"SMITH"},{"data":"Disarm","floor":46,"key":"SMITH"},{"floor":49,"key":"REST"}],"neow_cost":"NONE","seed_source_timestamp":0,"circlet_count":0,"master_deck":["Defend_R+1","Defend_R","Defend_R","Defend_R","Bash+1","AscendersBane","Pommel Strike","Whirlwind+1","Havoc","True Grit+1","Armaments+1","Clothesline","Spot Weakness","Demon Form+1","Shrug It Off","Fiend Fire","Uppercut+1","Burning Pact+1","Corruption","Shrug It Off+1","Impervious","True Grit+1","Barricade+1","Shrug It Off","Impervious","Feel No Pain","Disarm+1","Shockwave"],"special_seed":0,"relics":["Mark of Pain","Orichalcum","Juzu Bracelet","Anchor","Snecko Eye","Torii","Omamori","Blue Candle","MawBank","Astrolabe","War Paint","Turnip","Red Mask","Dream Catcher","Potion Belt","Art of War"],"potions_floor_usage":[28,39,42,42],"damage_taken":[{"damage":9.0,"enemies":"Jaw Worm","floor":1.0,"turns":4.0},{"damage":1.0,"enemies":"Cultist","floor":4.0,"turns":3.0},{"damage":3.0,"enemies":"Small Slimes","floor":7.0,"turns":2.0},{"damage":0.0,"enemies":"2 Fungi Beasts","floor":8.0,"turns":3.0},{"damage":23.0,"enemies":"3 Sentries","floor":10.0,"turns":5.0},{"damage":6.0,"enemies":"Gremlin Nob","floor":12.0,"turns":3.0},{"damage":0.0,"enemies":"Large Slime","floor":13.0,"turns":4.0},{"damage":39.0,"enemies":"Slime Boss","floor":16.0,"turns":8.0},{"damage":0.0,"enemies":"3 Byrds","floor":18.0,"turns":4.0},{"damage":0.0,"enemies":"2 Thieves","floor":20.0,"turns":2.0},{"damage":21.0,"enemies":"Gremlin Leader","floor":23.0,"turns":4.0},{"damage":13.0,"enemies":"Shelled Parasite and Fungi","floor":25.0,"turns":4.0},{"damage":0,"enemies":"Slavers","floor":28,"turns":4},{"damage":1,"enemies":"Snecko","floor":29,"turns":3},{"damage":40,"enemies":"Champ","floor":33,"turns":8},{"damage":0,"enemies":"3 Shapes","floor":35,"turns":5},{"damage":0,"enemies":"Orb Walker","floor":38,"turns":3},{"damage":0,"enemies":"Mind Bloom Boss Battle","floor":39,"turns":5},{"damage":21,"enemies":"2 Orb Walkers","floor":42,"turns":4},{"damage":0,"enemies":"Giant Head","floor":47,"turns":9},{"damage":20,"enemies":"Awakened One","floor":50,"turns":10}],"seed_played":"6525487351943021023","potions_obtained":[{"floor":4.0,"key":"Dexterity Potion"},{"floor":5.0,"key":"EssenceOfSteel"},{"floor":12.0,"key":"SpeedPotion"},{"floor":16.0,"key":"Fire Potion"},{"floor":23.0,"key":"LiquidBronze"},{"floor":29,"key":"Poison Potion"},{"floor":39,"key":"LiquidBronze"},{"floor":42,"key":"FearPotion"}],"is_trial":false,"path_per_floor":["M","?","$","M","?","R","M","M","T","E","R","E","M","$","R","B",null,"M","$","M","?","T","E","R","M","T","$","E","M","R","$","R","B",null,"M","?","$","M","?","R","?","E","T","?","?","R","E","?","R","B"],"character_chosen":"IRONCLAD","items_purchased":["Whirlwind","Fiend Fire","Corruption","Impervious","War Paint"],"campfire_rested":3,"item_purchase_floors":[3,19,27,37,37],"current_hp_per_floor":[59,59,59,58,58,58,55,55,55,32,32,26,26,26,48,9,59,59,59,59,59,59,38,60,47,47,47,47,46,46,46,46,6,58,58,73,73,73,73,73,73,52,52,52,52,52,52,52,74,54],"gold":83,"neow_bonus":"BOSS_RELIC","is_prod":false,"is_daily":false,"chose_seed":false,"campfire_upgraded":6,"win_rate":0,"timestamp":1535222587,"path_taken":["M","?","$","M","?","R","M","M","T","E","R","E","M","$","R","BOSS","M","$","M","?","?","E","R","M","T","$","E","M","R","$","R","BOSS","M","?","$","M","?","R","?","E","T","?","?","R","E","?","R","BOSS"],"build_version":"2018-08-23v2","purchased_purges":1,"victory":true,"max_hp_per_floor":[75,75,75,75,75,75,75,75,75,75,75,75,75,75,75,75,75,75,75,75,75,75,75,75,75,75,75,75,75,75,75,75,75,75,75,75,75,75,75,75,75,75,75,75,75,75,75,75,75,75],"card_choices":[{"not_picked":["Cleave","Infernal Blade"],"picked":"Pommel Strike","floor":1.0},{"not_picked":["Fire Breathing","Clash"],"picked":"Havoc","floor":4.0},{"not_picked":["Pommel Strike","Flex"],"picked":"True Grit","floor":7.0},{"not_picked":["Blood for Blood","Thunderclap"],"picked":"Armaments","floor":8.0},{"not_picked":["Brutality","Juggernaut"],"picked":"Clothesline","floor":10.0},{"not_picked":["Twin Strike","Perfected Strike","Sword Boomerang"],"picked":"SKIP","floor":12.0},{"not_picked":["Flex","Wild Strike"],"picked":"Spot Weakness","floor":13.0},{"not_picked":["Berserk","Offering"],"picked":"Demon Form","floor":16.0},{"not_picked":["Havoc","Warcry"],"picked":"Shrug It Off","floor":18.0},{"not_picked":["Anger","Pummel"],"picked":"Uppercut","floor":20.0},{"not_picked":["Clash","Sword Boomerang","Cleave"],"picked":"SKIP","floor":23.0},{"not_picked":["Cleave","Flex"],"picked":"Burning Pact+1","floor":25.0},{"not_picked":["Rage","Intimidate"],"picked":"Shrug It Off","floor":28},{"not_picked":["Headbutt","Clash","Sword Boomerang"],"picked":"SKIP","floor":29},{"not_picked":["Double Tap","Berserk"],"picked":"Impervious","floor":33},{"not_picked":["Intimidate+1","Clash"],"picked":"Shrug It Off","floor":35},{"not_picked":["Sever Soul+1","Hemokinesis"],"picked":"Feel No Pain","floor":38},{"not_picked":["Bloodletting+1","Blood for Blood"],"picked":"Disarm","floor":42},{"not_picked":["Headbutt","Uppercut","Corruption"],"picked":"SKIP","floor":47},{"not_picked":["Shrug It Off","Power Through"],"picked":"Shockwave","floor":49}],"player_experience":1186298,"relics_obtained":[{"floor":9.0,"key":"Orichalcum"},{"floor":10.0,"key":"Juzu Bracelet"},{"floor":12.0,"key":"Anchor"},{"floor":22.0,"key":"Torii"},{"floor":23.0,"key":"Omamori"},{"floor":26.0,"key":"Blue Candle"},{"floor":28,"key":"MawBank"},{"floor":39,"key":"Turnip"},{"floor":42,"key":"Dream Catcher"},{"floor":43,"key":"Potion Belt"},{"floor":47,"key":"Art of War"}],"event_choices":[{"event_name":"Upgrade Shrine","player_choice":"Upgraded","floor":2.0,"damage_taken":0.0},{"event_name":"The Lab","player_choice":"Got Potions","floor":5.0,"damage_taken":0.0},{"event_name":"Bonfire Elementals","player_choice":"BASIC","floor":21.0,"damage_taken":0.0},{"event_name":"Winding Halls","player_choice":"Writhe","floor":36,"damage_taken":0},{"event_name":"MindBloom","player_choice":"Fight","floor":39,"damage_taken":0},{"event_name":"Tomb of Lord Red Mask","player_choice":"Paid","floor":41,"damage_taken":0},{"event_name":"SensoryStone","player_choice":"Memory 1","floor":44,"damage_taken":0},{"event_name":"Falling","player_choice":"Removed Attack","floor":45,"damage_taken":0},{"event_name":"Mysterious Sphere","player_choice":"Ignore","floor":48,"damage_taken":0}],"is_beta":true,"boss_relics":[{"not_picked":["Black Star","Runic Pyramid"],"picked":"Snecko Eye"},{"not_picked":["Eternal Feather","Runic Dome"],"picked":"Astrolabe"}],"items_purged_floors":[14],"is_endless":false,"potions_floor_spawned":[4,7,12,16,23,25,29,39,42],"ascension_level":17}