{"gold_per_floor":[112,112,125,75,75,407,407,423,423,423,441,461,156,156,156,229,229,229,79,79,34,34,34,34,34,34,34,34,34,34,34,34,34],"floor_reached":33,"playtime":1224,"items_purged":["Defend_R"],"score":462,"play_id":"bfb07263-f8fe-453e-8b25-7c62fb2feb3f","local_time":"20190823060511","is_ascension_mode":true,"campfire_choices":[{"data":"Bash","floor":7,"key":"SMITH"},{"data":"Shockwave","floor":10,"key":"SMITH"},{"floor":15,"key":"REST"},{"data":"Pommel Strike","floor":23,"key":"SMITH"},{"data":"Flame Barrier","floor":25,"key":"SMITH"},{"data":"Cleave","floor":32,"key":"SMITH"}],"neow_cost":"NONE","seed_source_timestamp":90840149096300,"circlet_count":0,"master_deck":["AscendersBane","Defend_R","Defend_R","Bash+1","Shockwave+1","Pommel Strike+1","Flame Barrier+1","Cleave+1","Seeing Red","Burning Pact","Evolve","Limit Break+1","True Grit+1","Carnage+1","Fire Breathing+1","Bite","Bite","Bite","Bite","Bite","Offering+1"],"relics":["Burning Blood","PreservedInsect","Old Coin","Incense Burner","Chemical X","Toxic Egg 2","Ectoplasm","Vajra","Oddly Smooth Stone","Anchor","Letter Opener","Mummified Hand"],"potions_floor_usage":[16,16,18,29,33],"damage_taken":[{"damage":6,"enemies":"Jaw Worm","floor":1,"turns":5},{"damage":10,"enemies":"2 Louse","floor":3,"turns":4},{"damage":29,"enemies":"Gremlin Nob","floor":6,"turns":4},{"damage":2,"enemies":"Small Slimes","floor":8,"turns":4},{"damage":4,"enemies":"3 Louse","floor":11,"turns":3},{"damage":23,"enemies":"Large Slime","floor":12,"turns":5},{"damage":36,"enemies":"The Guardian","floor":16,"turns":16},{"damage":18,"enemies":"Chosen","floor":18,"turns":5},{"damage":2,"enemies":"2 Thieves","floor":21,"turns":4},{"damage":0,"enemies":"Snake Plant","floor":24,"turns":3},{"damage":27,"enemies":"Book of Stabbing","floor":27,"turns":4},{"damage":9,"enemies":"Centurion and Healer","floor":29,"turns":5},{"damage":1,"enemies":"Snecko","floor":31,"turns":4},{"damage":62,"enemies":"Collector","floor":33,"turns":6}],"seed_played":"6049820475221393535","potions_obtained":[{"floor":1,"key":"SpeedPotion"},{"floor":12,"key":"Energy Potion"},{"floor":16,"key":"AttackPotion"},{"floor":18,"key":"SneckoOil"},{"floor":24,"key":"Fire Potion"},{"floor":29,"key":"SteroidPotion"}],"is_trial":false,"path_per_floor":["M","?","M","?","?","E","R","M","T","R","M","M","$","?","R","B",null,"M","$","?","M","?","R","M","R","T","E","?","M","$","M","R","B"],"character_chosen":"IRONCLAD","items_purchased":["Evolve","Chemical X","Vajra"],"campfire_rested":1,"item_purchase_floors":[13,13,19],"current_hp_per_floor":[72,65,61,61,61,38,38,42,42,42,44,27,27,20,44,14,64,52,52,52,56,56,56,62,62,62,41,41,50,50,56,56,0],"gold":34,"neow_bonus":"RANDOM_COMMON_RELIC","is_prod":false,"is_daily":false,"chose_seed":false,"campfire_upgraded":5,"win_rate":0,"timestamp":1566507911,"path_taken":["M","?","M","?","?","E","R","M","T","R","M","M","$","?","R","BOSS","M","$","?","?","?","R","?","R","T","E","?","M","$","M","R","BOSS"],"build_version":"2019-07-17","purchased_purges":1,"victory":false,"max_hp_per_floor":[80,80,80,80,80,80,80,80,80,80,80,80,80,80,80,80,80,80,80,80,80,80,80,80,80,80,80,56,56,56,56,56,56],"card_choices":[{"not_picked":["Bloodletting","True Grit"],"picked":"Shockwave","floor":1},{"not_picked":["Sword Boomerang","Clash"],"picked":"Pommel Strike","floor":3},{"not_picked":["Rupture","Feel No Pain"],"picked":"Flame Barrier","floor":6},{"not_picked":["Perfected Strike","True Grit"],"picked":"Cleave","floor":8},{"not_picked":["Anger","Havoc"],"picked":"Seeing Red","floor":11},{"not_picked":["Armaments","Body Slam"],"picked":"Burning Pact","floor":12},{"not_picked":["Impervious+1","Demon Form"],"picked":"Limit Break+1","floor":16},{"not_picked":["Dual Wield+1","Wild Strike+1","Pommel Strike"],"picked":"SKIP","floor":18},{"not_picked":["Thunderclap","Pommel Strike"],"picked":"True Grit+1","floor":21},{"not_picked":["Heavy Blade","Power Through+1"],"picked":"Carnage+1","floor":24},{"not_picked":["Shrug It Off+1","Uppercut"],"picked":"Fire Breathing+1","floor":27},{"not_picked":["Evolve","Twin Strike"],"picked":"Offering+1","floor":29},{"not_picked":["Wild Strike","Anger","Reckless Charge"],"picked":"SKIP","floor":31}],"player_experience":177561,"relics_obtained":[{"floor":6,"key":"Old Coin"},{"floor":9,"key":"Incense Burner"},{"floor":20,"key":"Oddly Smooth Stone"},{"floor":26,"key":"Letter Opener"},{"floor":27,"key":"Mummified Hand"}],"event_choices":[{"cards_removed":["Strike_R"],"damage_healed":0,"gold_gain":0,"player_choice":"Card Removal","damage_taken":7,"max_hp_gain":0,"max_hp_loss":0,"event_name":"Golden Wing","floor":2,"gold_loss":0},{"cards_removed":["Strike_R"],"damage_healed":0,"gold_gain":0,"player_choice":"Card Removal","damage_taken":0,"max_hp_gain":0,"max_hp_loss":0,"event_name":"The Cleric","floor":4,"gold_loss":50},{"cards_removed":["Defend_R"],"damage_healed":0,"gold_gain":0,"player_choice":"Forget","damage_taken":0,"max_hp_gain":0,"max_hp_loss":0,"event_name":"Living Wall","floor":5,"gold_loss":0},{"damage_healed":0,"gold_gain":0,"player_choice":"Success","damage_taken":7,"relics_obtained":["Toxic Egg 2"],"max_hp_gain":0,"max_hp_loss":0,"event_name":"Scrap Ooze","floor":14,"gold_loss":0},{"damage_healed":0,"gold_gain":0,"player_choice":"Relic","damage_taken":0,"max_hp_gain":0,"max_hp_loss":0,"event_name":"Wheel of Change","floor":20,"gold_loss":0},{"damage_healed":0,"gold_gain":0,"player_choice":"Gave Potion","damage_taken":0,"relics_obtained":["Anchor"],"max_hp_gain":0,"max_hp_loss":0,"event_name":"WeMeetAgain","floor":22,"gold_loss":0},{"damage_healed":0,"gold_gain":0,"player_choice":"Became a vampire","damage_taken":0,"max_hp_gain":0,"max_hp_loss":24,"event_name":"Vampires","floor":28,"gold_loss":0,"cards_obtained":["Bite","Bite","Bite","Bite","Bite"]}],"is_beta":false,"boss_relics":[{"not_picked":["Philosopher\u0027s Stone","Fusion Hammer"],"picked":"Ectoplasm"}],"items_purged_floors":[13],"is_endless":false,"potions_floor_spawned":[1,12,16,18,24,29],"killed_by":"Collector","ascension_level":13}