{"gold_per_floor":[117,13,32,32,44,44,77,77,130,30,61,4,4,36,36,113,113,132,82,95,95,45,76,76,103,155,185,185,185,212,225,225,302,302,316,326,342,342,353,378,397,428,451,470,502,295,309,309,309,309,309,309,309,49,77,77],"floor_reached":56,"playtime":11933,"items_purged":["Strike_R","Strike_R","Strike_R+1","Hemokinesis+1"],"score":2112,"play_id":"d0bee0c4-b0ed-4b41-a5b2-e65c4e669fbc","local_time":"20190526224113","is_ascension_mode":true,"campfire_choices":[{"data":"Inflame","floor":6.0,"key":"SMITH"},{"data":"Hemokinesis","floor":8.0,"key":"SMITH"},{"data":"True Grit","floor":15.0,"key":"SMITH"},{"data":"Metallicize","floor":24.0,"key":"SMITH"},{"data":"Sword Boomerang","floor":32.0,"key":"SMITH"},{"floor":49.0,"key":"RECALL"},{"data":"Feel No Pain","floor":53.0,"key":"SMITH"}],"neow_cost":"NONE","seed_source_timestamp":0,"circlet_count":0,"master_deck":["AscendersBane","Defend_R+1","Defend_R+1","Defend_R+1","Defend_R+1","Bash","Inflame+1","True Grit+1","Shockwave","Ghostly Armor","Shrug It Off","Twin Strike","Metallicize+1","Fiend Fire+1","Heavy Blade+1","Flame Barrier","Shrug It Off","Spot Weakness","Fiend Fire","Sword Boomerang+1","Thunderclap","Limit Break","Feel No Pain+1","Ghostly Armor+1","Reaper","True Grit+1","Limit Break+1","Battle Trance+1","Limit Break+1"],"special_seed":0,"relics":["Burning Blood","NeowsBlessing","Meat on the Bone","Dream Catcher","Anchor","Bottled Tornado","Red Skull","Dodecahedron","Velvet Choker","Sundial","Regal Pillow","Darkstone Periapt","Lantern","Empty Cage","Toxic Egg 2","Mummified Hand","Smiling Mask","Shuriken","Pen Nib","TheAbacus","Vajra"],"potions_floor_usage":[56,56],"damage_taken":[{"damage":0.0,"enemies":"Cultist","floor":1.0,"turns":1.0},{"damage":0.0,"enemies":"2 Louse","floor":3.0,"turns":1.0},{"damage":0.0,"enemies":"Small Slimes","floor":5.0,"turns":1.0},{"damage":41.0,"enemies":"3 Sentries","floor":7.0,"turns":9.0},{"damage":27.0,"enemies":"Lagavulin","floor":11.0,"turns":7.0},{"damage":20.0,"enemies":"Gremlin Nob","floor":14.0,"turns":4.0},{"damage":33.0,"enemies":"The Guardian","floor":16.0,"turns":14.0},{"damage":30.0,"enemies":"Spheric Guardian","floor":18.0,"turns":10.0},{"damage":3.0,"enemies":"2 Thieves","floor":20.0,"turns":3.0},{"damage":19.0,"enemies":"Book of Stabbing","floor":23.0,"turns":4.0},{"damage":20.0,"enemies":"Gremlin Leader","floor":25.0,"turns":5.0},{"damage":32.0,"enemies":"Book of Stabbing","floor":27.0,"turns":4.0},{"damage":0.0,"enemies":"Slavers","floor":30.0,"turns":2.0},{"damage":10.0,"enemies":"Snake Plant","floor":31.0,"turns":3.0},{"damage":31.0,"enemies":"Automaton","floor":33.0,"turns":8.0},{"damage":12.0,"enemies":"3 Darklings","floor":35.0,"turns":5.0},{"damage":2.0,"enemies":"Orb Walker","floor":36.0,"turns":2.0},{"damage":26.0,"enemies":"Maw","floor":37.0,"turns":8.0},{"damage":25.0,"enemies":"Spire Growth","floor":39.0,"turns":5.0},{"damage":1.0,"enemies":"Nemesis","floor":40.0,"turns":5.0},{"damage":41.0,"enemies":"Sphere and 2 Shapes","floor":41.0,"turns":8.0},{"damage":117.0,"enemies":"Reptomancer","floor":42.0,"turns":8.0},{"damage":19.0,"enemies":"Maw","floor":44.0,"turns":7.0},{"damage":1.0,"enemies":"Giant Head","floor":45.0,"turns":4.0},{"damage":6.0,"enemies":"4 Shapes","floor":47.0,"turns":7.0},{"damage":49.0,"enemies":"Time Eater","floor":50.0,"turns":8.0},{"damage":43.0,"enemies":"Donu and Deca","floor":51.0,"turns":7.0},{"damage":63.0,"enemies":"Shield and Spear","floor":55.0,"turns":6.0},{"damage":108,"enemies":"The Heart","floor":56,"turns":3}],"seed_played":"-514347300084040973","potions_obtained":[{"floor":1.0,"key":"Fire Potion"},{"floor":3.0,"key":"FearPotion"},{"floor":7.0,"key":"Weak Potion"},{"floor":23.0,"key":"AttackPotion"},{"floor":31.0,"key":"SpeedPotion"},{"floor":33.0,"key":"SneckoOil"},{"floor":35.0,"key":"Regen Potion"},{"floor":36.0,"key":"LiquidBronze"},{"floor":42.0,"key":"SkillPotion"},{"floor":44.0,"key":"FearPotion"},{"floor":55.0,"key":"Block Potion"}],"is_trial":false,"path_per_floor":["M","$","M","T","M","R","E","R","T","$","E","$","?","E","R","B",null,"M","?","M","?","$","E","R","E","T","E","?","?","E","M","R","B",null,"M","M","M","?","M","E","M","E","T","M","E","$","M","?","R","B","B",null,"R","$","E","B"],"character_chosen":"IRONCLAD","items_purchased":["True Grit","Twin Strike","Shrug It Off","Pen Nib","TheAbacus"],"campfire_rested":0,"item_purchase_floors":[2,12,22,46,54],"current_hp_per_floor":[74,74,75,75,75,75,52,52,52,52,43,43,43,41,41,26,63,51,51,54,54,54,53,53,51,51,37,37,37,55,51,51,38,66,60,64,44,44,37,54,75,23,23,22,67,67,75,75,75,75,50,69,69,69,75,0],"gold":77,"neow_bonus":"THREE_ENEMY_KILL","is_prod":false,"is_daily":false,"chose_seed":false,"campfire_upgraded":6,"win_rate":0,"timestamp":1558906873,"path_taken":["M","$","M","?","M","R","E","R","T","$","E","?","?","E","R","BOSS","M","?","?","?","$","E","R","E","T","E","?","?","E","M","R","BOSS","M","M","M","?","M","E","M","E","T","M","E","$","M","?","R","BOSS","BOSS","R","$","E","BOSS"],"build_version":"2019-05-24v2","purchased_purges":4,"victory":false,"max_hp_per_floor":[75,75,75,75,75,75,75,75,75,75,75,75,75,75,75,75,75,75,75,75,75,75,75,75,75,75,75,75,75,75,75,75,75,75,75,75,75,75,75,75,75,75,75,75,75,75,75,75,75,75,75,75,75,75,75,75],"card_choices":[{"not_picked":["Dual Wield","Iron Wave"],"picked":"Inflame","floor":1.0},{"not_picked":["Seeing Red","Bloodletting"],"picked":"Hemokinesis","floor":3.0},{"not_picked":["Flex","Searing Blow"],"picked":"Shockwave","floor":5.0},{"not_picked":["Wild Strike","Warcry"],"picked":"Ghostly Armor","floor":7.0},{"not_picked":["Bloodletting","Anger"],"picked":"Shrug It Off","floor":11.0},{"not_picked":["Shrug It Off","Armaments"],"picked":"Metallicize","floor":14.0},{"not_picked":["Demon Form","Reaper"],"picked":"Fiend Fire","floor":16.0},{"not_picked":["Second Wind","Sever Soul"],"picked":"Heavy Blade+1","floor":18.0},{"not_picked":["Anger+1","True Grit","Havoc+1"],"picked":"SKIP","floor":20.0},{"not_picked":["Thunderclap","Clash"],"picked":"Spot Weakness","floor":23.0},{"not_picked":["Metallicize","Whirlwind"],"picked":"Fiend Fire","floor":25.0},{"not_picked":["Warcry","Reckless Charge"],"picked":"Sword Boomerang","floor":27.0},{"not_picked":["Cleave","Whirlwind","Twin Strike"],"picked":"SKIP","floor":30.0},{"not_picked":["Body Slam","Perfected Strike"],"picked":"Thunderclap","floor":31.0},{"not_picked":["Berserk","Barricade"],"picked":"Limit Break","floor":33.0},{"not_picked":["Dual Wield+1","Seeing Red"],"picked":"Feel No Pain","floor":35.0},{"not_picked":["Iron Wave","Rage+1","Anger"],"picked":"SKIP","floor":36.0},{"not_picked":["Clash","Thunderclap","Warcry"],"picked":"SKIP","floor":37.0},{"not_picked":["Iron Wave","Rupture"],"picked":"Ghostly Armor+1","floor":39.0},{"not_picked":["Flame Barrier","Infernal Blade"],"picked":"Reaper","floor":40.0},{"not_picked":["Sword Boomerang","Wild Strike"],"picked":"True Grit+1","floor":41.0},{"not_picked":["Clothesline","Sword Boomerang"],"picked":"Limit Break+1","floor":42.0},{"not_picked":["Clothesline+1","Body Slam+1"],"picked":"Battle Trance+1","floor":44.0},{"not_picked":["Uppercut","Thunderclap","Bludgeon"],"picked":"SKIP","floor":45.0},{"not_picked":["Havoc+1","Pommel Strike","Rage+1"],"picked":"SKIP","floor":47.0},{"not_picked":["Clash","Seeing Red+1","Entrench+1"],"picked":"SKIP","floor":55.0}],"player_experience":2073208,"relics_obtained":[{"floor":4.0,"key":"Meat on the Bone"},{"floor":7.0,"key":"Dream Catcher"},{"floor":9.0,"key":"Anchor"},{"floor":11.0,"key":"Bottled Tornado"},{"floor":14.0,"key":"Dodecahedron"},{"floor":23.0,"key":"Sundial"},{"floor":25.0,"key":"Regal Pillow"},{"floor":27.0,"key":"Darkstone Periapt"},{"floor":30.0,"key":"Lantern"},{"floor":40.0,"key":"Toxic Egg 2"},{"floor":42.0,"key":"Mummified Hand"},{"floor":43.0,"key":"Smiling Mask"},{"floor":45.0,"key":"Shuriken"},{"floor":55.0,"key":"Vajra"}],"event_choices":[{"damage_healed":0.0,"max_hp_gain":0.0,"max_hp_loss":0.0,"gold_gain":0.0,"event_name":"Dead Adventurer","player_choice":"Searched \u00271\u0027 times","floor":13.0,"gold_loss":0.0,"damage_taken":0.0,"relics_obtained":["Red Skull"]},{"damage_healed":0.0,"max_hp_gain":0.0,"max_hp_loss":0.0,"gold_gain":0.0,"event_name":"Designer","player_choice":"Upgrade","floor":19.0,"gold_loss":50.0,"damage_taken":0.0,"cards_upgraded":["Fiend Fire"]},{"damage_healed":0.0,"max_hp_gain":0.0,"max_hp_loss":0.0,"gold_gain":0.0,"event_name":"The Library","player_choice":"Read","floor":21.0,"gold_loss":0.0,"damage_taken":0.0,"cards_obtained":["Flame Barrier"]},{"damage_healed":0.0,"max_hp_gain":0.0,"max_hp_loss":0.0,"gold_gain":0.0,"event_name":"Vampires","player_choice":"Ignored","floor":28.0,"gold_loss":0.0,"damage_taken":0.0},{"damage_healed":0.0,"max_hp_gain":0.0,"max_hp_loss":0.0,"gold_gain":0.0,"event_name":"Back to Basics","player_choice":"Simplicity","floor":29.0,"gold_loss":0.0,"damage_taken":0.0,"cards_upgraded":["Strike_R","Strike_R","Strike_R","Defend_R","Defend_R","Defend_R","Defend_R"]},{"damage_healed":0.0,"max_hp_gain":0.0,"max_hp_loss":0.0,"gold_gain":0.0,"event_name":"Tomb of Lord Red Mask","player_choice":"Ignored","floor":38.0,"gold_loss":0.0,"damage_taken":0.0},{"damage_healed":0.0,"max_hp_gain":0.0,"max_hp_loss":0.0,"gold_gain":0.0,"event_name":"Duplicator","player_choice":"Copied","floor":48.0,"gold_loss":0.0,"damage_taken":0.0,"cards_obtained":["Limit Break"]}],"is_beta":true,"boss_relics":[{"not_picked":["Ectoplasm","Pandora\u0027s Box"],"picked":"Velvet Choker"},{"not_picked":["Calling Bell","Coffee Dripper"],"picked":"Empty Cage"}],"items_purged_floors":[2,10,46,54],"is_endless":false,"potions_floor_spawned":[1,3,7,23,25,31,33,35,36,42,44,45,55],"killed_by":"The Heart","ascension_level":20}