{"gold_per_floor":[209,224,224,234,91,91,125,139,139,139,165,183,183,46,46,123,123,139,157,157,157,157,157,190,190,213,247,265,276,8,36,36,113,113,127,127,77,77,77,108,123,156,156,189,3,30,42,57,57,57,57],"floor_reached":51,"playtime":2166,"items_purged":["Strike_R","Strike_R","Strike_R","Strike_R","Defend_R"],"score":1737,"play_id":"b1611b86-1177-4daf-a831-66ae02193ff4","local_time":"20190731015816","is_ascension_mode":true,"campfire_choices":[{"data":"Inflame","floor":6.0,"key":"SMITH"},{"data":"Bash","floor":10.0,"key":"SMITH"},{"data":"Immolate","floor":15.0,"key":"SMITH"},{"data":"Limit Break","floor":23.0,"key":"SMITH"},{"data":"Uppercut","floor":25.0,"key":"SMITH"},{"data":"Inflame","floor":32.0,"key":"SMITH"},{"floor":49,"key":"RECALL"}],"neow_cost":"NONE","seed_source_timestamp":0,"circlet_count":0,"master_deck":["AscendersBane","Defend_R","Defend_R","Bash+1","Metallicize","Pommel Strike","Twin Strike","Inflame+1","Shrug It Off","Anger","Inflame+1","Uppercut+1","Immolate+1","Limit Break+1","Feel No Pain","Body Slam+1","Ghostly","Ghostly","Ghostly","Warcry+1","Shockwave","Ghostly","Feed+1","Feed","Flame Barrier","Heavy Blade","Shrug It Off"],"special_seed":0,"relics":["Black Blood","Smiling Mask","Darkstone Periapt","Self Forming Clay","Turnip","Coffee Dripper","Enchiridion","MutagenicStrength","Shuriken","PreservedInsect","Orichalcum","DollysMirror","Pear","Sundial","Lantern","Regal Pillow","Singing Bowl"],"potions_floor_usage":[46,47],"damage_taken":[{"damage":5.0,"enemies":"Small Slimes","floor":1.0,"turns":4.0},{"damage":11.0,"enemies":"Jaw Worm","floor":2.0,"turns":6.0},{"damage":1.0,"enemies":"Cultist","floor":4.0,"turns":3.0},{"damage":21.0,"enemies":"Lagavulin","floor":7.0,"turns":7.0},{"damage":0.0,"enemies":"Large Slime","floor":8.0,"turns":4.0},{"damage":12.0,"enemies":"3 Sentries","floor":11.0,"turns":7.0},{"damage":6.0,"enemies":"Looter","floor":12.0,"turns":3.0},{"damage":25.0,"enemies":"Slime Boss","floor":16.0,"turns":7.0},{"damage":9.0,"enemies":"Chosen","floor":18.0,"turns":3.0},{"damage":24.0,"enemies":"2 Thieves","floor":19.0,"turns":5.0},{"damage":15.0,"enemies":"Slavers","floor":24.0,"turns":4.0},{"damage":7.0,"enemies":"Book of Stabbing","floor":27.0,"turns":4.0},{"damage":0.0,"enemies":"Snake Plant","floor":28.0,"turns":4.0},{"damage":0.0,"enemies":"Shelled Parasite and Fungi","floor":29.0,"turns":4.0},{"damage":0.0,"enemies":"Slavers","floor":31.0,"turns":5.0},{"damage":26.0,"enemies":"Collector","floor":33.0,"turns":8.0},{"damage":0.0,"enemies":"3 Darklings","floor":35.0,"turns":7.0},{"damage":0.0,"enemies":"Nemesis","floor":40.0,"turns":7.0},{"damage":5.0,"enemies":"Orb Walker","floor":41.0,"turns":2.0},{"damage":39.0,"enemies":"Giant Head","floor":42.0,"turns":7.0},{"damage":16.0,"enemies":"Nemesis","floor":44.0,"turns":7.0},{"damage":23,"enemies":"Reptomancer","floor":46,"turns":5},{"damage":9,"enemies":"3 Darklings","floor":47,"turns":6},{"damage":9,"enemies":"4 Shapes","floor":48,"turns":6},{"damage":15,"enemies":"Donu and Deca","floor":50,"turns":7},{"damage":40,"enemies":"Time Eater","floor":51,"turns":7}],"seed_played":"974700475346661890","potions_obtained":[{"floor":1.0,"key":"SteroidPotion"},{"floor":2.0,"key":"Explosive Potion"},{"floor":11.0,"key":"BloodPotion"},{"floor":27.0,"key":"Fire Potion"},{"floor":28.0,"key":"BloodPotion"},{"floor":31.0,"key":"Block Potion"},{"floor":46,"key":"AttackPotion"}],"is_trial":false,"path_per_floor":["M","M","?","M","$","R","E","M","T","R","E","M","?","$","R","B",null,"M","M","?","?","?","R","E","R","T","E","M","M","$","E","R","B",null,"M","?","$","?","?","E","M","E","T","E","$","E","M","M","R","B","B"],"character_chosen":"IRONCLAD","items_purchased":["Inflame","Shrug It Off","Immolate","DollysMirror","Shrug It Off","Ancient Potion"],"campfire_rested":0,"item_purchase_floors":[5,5,14,30,45,45],"current_hp_per_floor":[69,64,59,64,64,64,49,55,55,55,49,49,42,42,42,23,62,59,41,20,20,20,20,11,11,11,19,25,31,31,47,47,27,42,50,50,50,50,47,51,54,25,25,32,32,24,30,40,40,38,0],"gold":57,"neow_bonus":"HUNDRED_GOLD","is_prod":false,"is_daily":false,"chose_seed":false,"campfire_upgraded":6,"win_rate":0,"timestamp":1564534696,"path_taken":["M","M","?","M","$","R","E","M","T","R","E","M","?","?","R","BOSS","M","M","?","?","?","R","E","R","T","E","M","M","$","E","R","BOSS","M","?","?","?","?","E","M","E","T","E","?","E","M","M","R","BOSS","BOSS"],"build_version":"2019-07-18","purchased_purges":5,"victory":false,"max_hp_per_floor":[75,75,75,75,75,75,75,75,75,75,75,75,75,75,75,75,75,75,75,75,75,37,37,37,37,37,37,37,37,37,47,47,47,47,50,50,50,50,47,51,54,54,54,54,54,59,64,73,73,76,76],"card_choices":[{"not_picked":["Dropkick","Second Wind"],"picked":"Metallicize","floor":1.0},{"not_picked":["Clash","Warcry"],"picked":"Pommel Strike","floor":2.0},{"not_picked":["Body Slam","Pommel Strike"],"picked":"Twin Strike","floor":4.0},{"not_picked":["Warcry","Rage"],"picked":"Anger","floor":7.0},{"not_picked":["Heavy Blade","Clash","Headbutt"],"picked":"SKIP","floor":8.0},{"not_picked":["Havoc","Perfected Strike"],"picked":"Inflame","floor":11.0},{"not_picked":["Thunderclap","Wild Strike"],"picked":"Uppercut","floor":12.0},{"not_picked":["Barricade","Exhume"],"picked":"Limit Break","floor":16.0},{"not_picked":["Battle Trance","Rupture"],"picked":"Feel No Pain","floor":18.0},{"not_picked":["Pommel Strike","Headbutt+1"],"picked":"Body Slam+1","floor":19.0},{"not_picked":["Iron Wave","Ghostly Armor"],"picked":"Warcry+1","floor":24.0},{"not_picked":["Immolate","Evolve"],"picked":"Shockwave","floor":27.0},{"not_picked":["Wild Strike","Twin Strike","Whirlwind"],"picked":"SKIP","floor":28.0},{"not_picked":["Warcry","Havoc","Cleave"],"picked":"SKIP","floor":29.0},{"not_picked":["Infernal Blade","Clothesline+1","Thunderclap"],"picked":"SKIP","floor":31.0},{"not_picked":["Demon Form","Reaper"],"picked":"Feed","floor":33.0},{"not_picked":["Clothesline","Headbutt","Perfected Strike"],"picked":"SKIP","floor":35.0},{"not_picked":["Feel No Pain","Shrug It Off"],"picked":"Feed","floor":40.0},{"not_picked":["Body Slam","Thunderclap","Flex"],"picked":"SKIP","floor":41.0},{"not_picked":["Rampage+1","Infernal Blade+1"],"picked":"Flame Barrier","floor":42.0},{"not_picked":["Evolve","Blood for Blood+1"],"picked":"Heavy Blade","floor":44.0},{"not_picked":["Iron Wave+1","Headbutt","Rupture"],"picked":"Singing Bowl","floor":46},{"not_picked":["Warcry","Anger","Sever Soul"],"picked":"Singing Bowl","floor":47},{"not_picked":["Anger","Flex","Clash"],"picked":"Singing Bowl","floor":48}],"player_experience":2266736,"relics_obtained":[{"floor":7.0,"key":"Darkstone Periapt"},{"floor":9.0,"key":"Self Forming Clay"},{"floor":11.0,"key":"Turnip"},{"floor":20.0,"key":"Enchiridion"},{"floor":24.0,"key":"Shuriken"},{"floor":26.0,"key":"PreservedInsect"},{"floor":27.0,"key":"Orichalcum"},{"floor":31.0,"key":"Pear"},{"floor":40.0,"key":"Sundial"},{"floor":42.0,"key":"Lantern"},{"floor":44.0,"key":"Regal Pillow"},{"floor":46,"key":"Singing Bowl"}],"event_choices":[{"damage_healed":0.0,"max_hp_gain":0.0,"max_hp_loss":0.0,"gold_gain":0.0,"event_name":"Scrap Ooze","player_choice":"Success","floor":3.0,"gold_loss":0.0,"damage_taken":5.0,"relics_obtained":["Smiling Mask"]},{"cards_removed":["Strike_R"],"damage_healed":0.0,"max_hp_gain":0.0,"max_hp_loss":0.0,"gold_gain":0.0,"event_name":"Golden Wing","player_choice":"Card Removal","floor":13.0,"gold_loss":0.0,"damage_taken":7.0},{"damage_healed":0.0,"max_hp_gain":0.0,"max_hp_loss":0.0,"gold_gain":0.0,"event_name":"Cursed Tome","player_choice":"Obtained Book","floor":20.0,"gold_loss":0.0,"damage_taken":21.0},{"damage_healed":0.0,"max_hp_gain":0.0,"max_hp_loss":0.0,"gold_gain":0.0,"event_name":"Drug Dealer","player_choice":"Inject Mutagens","floor":21.0,"gold_loss":0.0,"damage_taken":0.0,"relics_obtained":["MutagenicStrength"]},{"damage_healed":0.0,"max_hp_gain":0.0,"max_hp_loss":38.0,"gold_gain":0.0,"event_name":"Ghosts","player_choice":"Became a Ghost","floor":22.0,"gold_loss":0.0,"damage_taken":0.0,"cards_obtained":["Ghostly","Ghostly","Ghostly"]},{"damage_healed":0.0,"max_hp_gain":0.0,"max_hp_loss":0.0,"gold_gain":0.0,"event_name":"Upgrade Shrine","player_choice":"Upgraded","floor":36.0,"gold_loss":0.0,"damage_taken":0.0,"cards_upgraded":["Feed"]},{"cards_removed":["Defend_R"],"damage_healed":0.0,"max_hp_gain":0.0,"max_hp_loss":0.0,"gold_gain":0.0,"event_name":"Falling","player_choice":"Removed Skill","floor":38.0,"gold_loss":0.0,"damage_taken":0.0},{"damage_healed":0.0,"max_hp_gain":0.0,"max_hp_loss":3.0,"gold_gain":0.0,"event_name":"Winding Halls","player_choice":"Max HP","floor":39.0,"gold_loss":0.0,"damage_taken":0.0}],"is_beta":true,"boss_relics":[{"not_picked":["Runic Dome","Runic Cube"],"picked":"Coffee Dripper"},{"not_picked":["Empty Cage","Velvet Choker"],"picked":"Black Blood"}],"items_purged_floors":[5,14,30,37,45],"is_endless":false,"potions_floor_spawned":[1,2,11,27,28,29,31,33,41,42,46],"killed_by":"Time Eater","ascension_level":20}