{"gold_per_floor":[119,134,53,68,28,59,59,6,31,68,60,72,109,137,149,238,250,272,128,142,158,169,169,203,228,228,245,245,245,272,284,284,284],"floor_reached":33,"playtime":1508,"items_purged":["Strike_G"],"score":760,"play_id":"3c8abae3-af7f-4c75-aa25-36cea8a7e493","local_time":"20190809181737","is_ascension_mode":true,"campfire_choices":[{"floor":7.0,"key":"REST"},{"floor":12.0,"key":"REST"},{"data":"Noxious Fumes","floor":15.0,"key":"SMITH"},{"floor":23,"key":"REST"},{"floor":28,"key":"REST"},{"floor":32,"key":"REST"}],"neow_cost":"NONE","seed_source_timestamp":0,"circlet_count":0,"master_deck":["AscendersBane","Strike_G","Strike_G","Defend_G","Defend_G","Defend_G","Defend_G","Defend_G","Survivor","Neutralize","Dagger Spray","Caltrops","Corpse Explosion","Noxious Fumes+1","Dagger Throw","Deadly Poison","Dash","Corpse Explosion","Leg Sweep","Footwork","Dodge and Roll+1","Backflip","Dagger Spray","Die Die Die","Deadly Poison+1"],"special_seed":0,"relics":["Ring of the Snake","NeowsBlessing","Orichalcum","MawBank","PreservedInsect","Centennial Puzzle","Fusion Hammer","Dodecahedron","Red Mask","Ninja Scroll","Torii"],"potions_floor_usage":[16,16,21,24,24,30],"damage_taken":[{"damage":0.0,"enemies":"Cultist","floor":1.0,"turns":1.0},{"damage":0.0,"enemies":"Jaw Worm","floor":2.0,"turns":1.0},{"damage":0.0,"enemies":"2 Louse","floor":4.0,"turns":1.0},{"damage":6.0,"enemies":"Looter","floor":5.0,"turns":4.0},{"damage":41.0,"enemies":"Lagavulin","floor":6.0,"turns":7.0},{"damage":16.0,"enemies":"3 Sentries","floor":10.0,"turns":3.0},{"damage":14.0,"enemies":"Gremlin Nob","floor":13.0,"turns":4.0},{"damage":0.0,"enemies":"Lots of Slimes","floor":14.0,"turns":2.0},{"damage":14,"enemies":"The Guardian","floor":16,"turns":9},{"damage":8,"enemies":"Chosen","floor":18,"turns":5},{"damage":18,"enemies":"2 Thieves","floor":20,"turns":3},{"damage":8,"enemies":"Chosen and Byrds","floor":21,"turns":6},{"damage":12,"enemies":"Cultist and Chosen","floor":22,"turns":3},{"damage":0,"enemies":"Gremlin Leader","floor":24,"turns":6},{"damage":21,"enemies":"Masked Bandits","floor":25,"turns":3},{"damage":0,"enemies":"Sentry and Sphere","floor":27,"turns":3},{"damage":0,"enemies":"Slavers","floor":30,"turns":1},{"damage":1,"enemies":"Centurion and Healer","floor":31,"turns":5},{"damage":42,"enemies":"Collector","floor":33,"turns":7}],"seed_played":"-905805405021573980","potions_obtained":[{"floor":10.0,"key":"GamblersBrew"},{"floor":14.0,"key":"Explosive Potion"},{"floor":18,"key":"GhostInAJar"},{"floor":22,"key":"Explosive Potion"},{"floor":27,"key":"Strength Potion"},{"floor":31,"key":"LiquidBronze"}],"is_trial":false,"path_per_floor":["M","M","$","M","M","E","R","$","T","E","?","R","E","M","R","B",null,"M","$","M","M","M","R","E","?","T","M","R","?","E","M","R","B"],"character_chosen":"THE_SILENT","items_purchased":["Corpse Explosion","Swift Potion","GhostInAJar"],"campfire_rested":5,"item_purchase_floors":[3,8,19],"current_hp_per_floor":[59,59,59,59,53,12,31,31,31,15,15,34,20,20,20,6,51,43,43,25,17,5,24,24,3,3,3,22,22,22,21,40,0],"gold":284,"neow_bonus":"THREE_ENEMY_KILL","is_prod":false,"is_daily":false,"chose_seed":false,"campfire_upgraded":1,"win_rate":0,"timestamp":1565371057,"path_taken":["M","M","$","?","?","E","R","$","T","E","?","R","E","M","R","BOSS","M","?","?","M","M","R","E","?","T","M","R","?","E","M","R","BOSS"],"build_version":"2019-07-18","purchased_purges":1,"victory":false,"max_hp_per_floor":[66,66,66,66,66,66,66,66,66,66,66,66,66,66,66,66,66,66,66,66,66,66,66,66,66,66,66,66,66,66,66,66,66],"card_choices":[{"not_picked":["Sucker Punch","Leg Sweep"],"picked":"Dagger Spray","floor":1.0},{"not_picked":["PiercingWail","Poisoned Stab"],"picked":"Caltrops","floor":2.0},{"not_picked":["Blade Dance","Cloak And Dagger","Calculated Gamble"],"picked":"SKIP","floor":4.0},{"not_picked":["Predator","Skewer"],"picked":"Noxious Fumes","floor":5.0},{"not_picked":["Outmaneuver","Caltrops"],"picked":"Dagger Throw","floor":6.0},{"not_picked":["Dodge and Roll","Dagger Spray","Flying Knee"],"picked":"SKIP","floor":10.0},{"not_picked":["Choke","Skewer"],"picked":"Deadly Poison","floor":13.0},{"not_picked":["Quick Slash","Outmaneuver"],"picked":"Dash","floor":14.0},{"not_picked":["Night Terror","Phantasmal Killer"],"picked":"Corpse Explosion","floor":16},{"not_picked":["Infinite Blades","Skewer"],"picked":"Leg Sweep","floor":18},{"not_picked":["Deflect","Deadly Poison"],"picked":"Footwork","floor":20},{"not_picked":["Backflip","Poisoned Stab"],"picked":"Dodge and Roll+1","floor":21},{"not_picked":["Flechettes","Sucker Punch","Dagger Spray"],"picked":"SKIP","floor":22},{"not_picked":["Dagger Throw","Reflex","Choke"],"picked":"SKIP","floor":24},{"not_picked":["Reflex","Masterful Stab"],"picked":"Backflip","floor":27},{"not_picked":["Quick Slash","Sucker Punch+1","Accuracy"],"picked":"SKIP","floor":30},{"not_picked":["Flying Knee","Quick Slash"],"picked":"Deadly Poison+1","floor":31}],"player_experience":2297197,"relics_obtained":[{"floor":6.0,"key":"Orichalcum"},{"floor":9.0,"key":"MawBank"},{"floor":10.0,"key":"PreservedInsect"},{"floor":13.0,"key":"Centennial Puzzle"},{"floor":24,"key":"Dodecahedron"},{"floor":25,"key":"Red Mask"},{"floor":26,"key":"Ninja Scroll"},{"floor":30,"key":"Torii"}],"event_choices":[{"damage_healed":0.0,"max_hp_gain":0.0,"max_hp_loss":0.0,"gold_gain":0.0,"event_name":"The Woman in Blue","player_choice":"Bought 1 Potion","floor":11.0,"gold_loss":0.0,"damage_taken":0.0},{"damage_healed":0,"gold_gain":0,"player_choice":"Fought Bandits","damage_taken":0,"max_hp_gain":0,"max_hp_loss":0,"event_name":"Masked Bandits","floor":25,"gold_loss":0},{"damage_healed":0,"gold_gain":0,"cards_transformed":["Strike_G","Strike_G"],"player_choice":"Became Test Subject","damage_taken":0,"max_hp_gain":0,"max_hp_loss":0,"event_name":"Drug Dealer","floor":29,"gold_loss":0,"cards_obtained":["Dagger Spray","Die Die Die"]}],"is_beta":true,"boss_relics":[{"not_picked":["White Beast Statue","Runic Pyramid"],"picked":"Fusion Hammer"}],"items_purged_floors":[19],"is_endless":false,"potions_floor_spawned":[10,14,18,22,27,31],"killed_by":"Collector","ascension_level":20}