{"gold_per_floor":[114,114,130,130,130,157,82,101,182,195,195,212,212,222,222,317,367,381,381,480,480,495,495,495],"floor_reached":24,"playtime":778,"items_purged":["Strike_R"],"score":343,"play_id":"8143e942-be44-413e-a65e-843deca5fe8a","local_time":"20190822060339","is_ascension_mode":true,"campfire_choices":[{"data":"Whirlwind","floor":13,"key":"SMITH"},{"data":"Disarm","floor":15,"key":"SMITH"},{"data":"Entrench","floor":23,"key":"SMITH"}],"neow_cost":"NONE","seed_source_timestamp":4795726159200,"circlet_count":0,"master_deck":["AscendersBane","Strike_R","Strike_R","Strike_R","Defend_R+1","Defend_R","Defend_R+1","Defend_R","Bash+1","Power Through+1","Disarm+1","Exhume","Whirlwind+1","Entrench+1","Sever Soul+1","Juggernaut","Wild Strike+1","Corruption","Brutality"],"relics":["Burning Blood","NeowsBlessing","Shuriken","War Paint","Turnip","Molten Egg 2","Tiny House","Enchiridion"],"potions_floor_usage":[10,16,16],"damage_taken":[{"damage":0,"enemies":"Small Slimes","floor":1,"turns":1},{"damage":0,"enemies":"2 Louse","floor":3,"turns":1},{"damage":0,"enemies":"Lagavulin","floor":6,"turns":1},{"damage":7,"enemies":"Jaw Worm","floor":8,"turns":5},{"damage":19,"enemies":"Exordium Wildlife","floor":10,"turns":4},{"damage":8,"enemies":"3 Louse","floor":12,"turns":2},{"damage":40,"enemies":"Large Slime","floor":14,"turns":7},{"damage":22,"enemies":"Hexaghost","floor":16,"turns":17},{"damage":4,"enemies":"3 Byrds","floor":18,"turns":5},{"damage":26,"enemies":"Shell Parasite","floor":22,"turns":6},{"damage":45,"enemies":"Snecko","floor":24,"turns":5}],"seed_played":"-1533393276383083127","potions_obtained":[{"floor":3,"key":"Poison Potion"},{"floor":12,"key":"Block Potion"},{"floor":14,"key":"Swift Potion"},{"floor":16,"key":"Ancient Potion"},{"floor":17,"key":"Regen Potion"}],"is_trial":false,"path_per_floor":["M","?","M","?","T","E","$","M","T","M","$","M","R","M","R","B",null,"M","?","?","?","M","R","M"],"character_chosen":"IRONCLAD","items_purchased":[],"campfire_rested":0,"item_purchase_floors":[],"current_hp_per_floor":[78,75,80,80,80,80,80,79,79,66,66,64,64,30,30,14,69,71,55,55,55,35,35,0],"gold":495,"neow_bonus":"THREE_ENEMY_KILL","is_prod":false,"is_daily":false,"chose_seed":false,"campfire_upgraded":3,"win_rate":0,"timestamp":1566421419,"path_taken":["M","?","M","?","?","E","$","?","T","M","$","M","R","M","R","BOSS","M","?","?","?","M","R","?"],"build_version":"2019-07-17","purchased_purges":1,"victory":false,"max_hp_per_floor":[80,80,80,80,80,80,80,80,80,80,80,80,80,80,80,80,85,85,85,85,85,85,85,85],"card_choices":[{"not_picked":["Body Slam","Perfected Strike"],"picked":"Power Through","floor":1},{"not_picked":["Cleave","Body Slam"],"picked":"Disarm","floor":3},{"not_picked":["Iron Wave","Warcry"],"picked":"Exhume","floor":6},{"not_picked":["Anger","Perfected Strike"],"picked":"Whirlwind","floor":8},{"not_picked":["Flex","Rupture"],"picked":"Entrench","floor":10},{"not_picked":["Sword Boomerang+1","Thunderclap+1","Hemokinesis+1"],"picked":"SKIP","floor":12},{"not_picked":["Dropkick+1","Evolve"],"picked":"Sever Soul+1","floor":14},{"not_picked":["Dark Embrace","Demon Form"],"picked":"Juggernaut","floor":16},{"not_picked":["Spot Weakness","Anger+1"],"picked":"Wild Strike+1","floor":17},{"not_picked":["Sever Soul+1","Thunderclap+1"],"picked":"Corruption","floor":18},{"not_picked":["Sword Boomerang+1","Headbutt+1","Flex"],"picked":"SKIP","floor":22}],"player_experience":165312,"relics_obtained":[{"floor":5,"key":"War Paint"},{"floor":6,"key":"Turnip"},{"floor":9,"key":"Molten Egg 2"},{"floor":19,"key":"Enchiridion"}],"event_choices":[{"damage_healed":0,"gold_gain":0,"player_choice":"Success","damage_taken":3,"relics_obtained":["Shuriken"],"max_hp_gain":0,"max_hp_loss":0,"event_name":"Scrap Ooze","floor":2,"gold_loss":0},{"damage_healed":0,"gold_gain":0,"player_choice":"Grow","damage_taken":0,"max_hp_gain":0,"max_hp_loss":0,"event_name":"Living Wall","floor":4,"gold_loss":0,"cards_upgraded":["Bash"]},{"damage_healed":0,"gold_gain":0,"player_choice":"Obtained Book","damage_taken":16,"max_hp_gain":0,"max_hp_loss":0,"event_name":"Cursed Tome","floor":19,"gold_loss":0},{"damage_healed":0,"gold_gain":99,"player_choice":"Stole From Cult","damage_taken":0,"max_hp_gain":0,"max_hp_loss":0,"event_name":"Nest","floor":20,"gold_loss":0},{"damage_healed":0,"gold_gain":0,"cards_transformed":["Strike_R"],"player_choice":"Transformed","damage_taken":0,"max_hp_gain":0,"max_hp_loss":0,"event_name":"Transmorgrifier","floor":21,"gold_loss":0,"cards_obtained":["Brutality"]}],"is_beta":false,"boss_relics":[{"not_picked":["Runic Dome","Runic Pyramid"],"picked":"Tiny House"}],"items_purged_floors":[7],"is_endless":false,"potions_floor_spawned":[3,12,14,16],"killed_by":"Snecko","ascension_level":11}