{"gold_per_floor":[117,267,267,34,48,81,81,5,59,59,59,70,70,95,95,169,169,109,9,9,9,9,9,9,9,9,9,9,9,9,9,9,9],"floor_reached":33,"playtime":1624,"items_purged":["Doubt","Pain"],"score":642,"play_id":"fd6c6adb-fa15-4e4c-9511-c5a901c93d66","local_time":"20190103231043","is_ascension_mode":true,"campfire_choices":[{"data":"Quick Slash","floor":7,"key":"SMITH"},{"data":"Malaise","floor":10,"key":"SMITH"},{"floor":13,"key":"REST"},{"data":"Footwork","floor":15,"key":"SMITH"},{"data":"Well Laid Plans","floor":23,"key":"SMITH"},{"floor":25,"key":"REST"},{"floor":32,"key":"REST"}],"neow_cost":"NONE","seed_source_timestamp":0,"circlet_count":0,"master_deck":["AscendersBane","Defend_G","Defend_G","Defend_G","Defend_G","Defend_G","Strike_G","Strike_G","Strike_G","Strike_G","Strike_G","Survivor","Neutralize","Quick Slash+1","Quick Slash+1","Malaise+1","Well Laid Plans+1","Footwork+1","Glass Knife","Deadly Poison","Predator","Dodge and Roll","Caltrops","Catalyst"],"special_seed":0,"relics":["Ring of the Snake","Orichalcum","Happy Flower","Juzu Bracelet","WarpedTongs","Centennial Puzzle","Ectoplasm","Art of War"],"potions_floor_usage":[14,28,31],"damage_taken":[{"damage":6,"enemies":"Jaw Worm","floor":1,"turns":8},{"damage":1,"enemies":"Small Slimes","floor":5,"turns":4},{"damage":32,"enemies":"Gremlin Nob","floor":6,"turns":5},{"damage":1,"enemies":"Cultist","floor":12,"turns":4},{"damage":13,"enemies":"Lagavulin","floor":14,"turns":7},{"damage":10,"enemies":"The Guardian","floor":16,"turns":14},{"damage":16,"enemies":"2 Thieves","floor":18,"turns":4},{"damage":0,"enemies":"Shell Parasite","floor":20,"turns":5},{"damage":0,"enemies":"Snecko","floor":21,"turns":5},{"damage":5,"enemies":"3 Cultists","floor":22,"turns":6},{"damage":5,"enemies":"Centurion and Healer","floor":24,"turns":8},{"damage":32,"enemies":"Slavers","floor":28,"turns":6},{"damage":13,"enemies":"Colosseum Slavers","floor":31,"turns":4},{"damage":55,"enemies":"Champ","floor":33,"turns":15}],"seed_played":"1419366135988609108","potions_obtained":[{"floor":0,"key":"Dexterity Potion"},{"floor":0,"key":"Explosive Potion"},{"floor":16,"key":"Energy Potion"},{"floor":21,"key":"Swift Potion"}],"is_trial":false,"path_per_floor":["M","?","?","$","M","E","R","$","T","R","?","M","R","E","R","B",null,"M","$","M","M","M","R","M","R","T","?","E","?","$","?","R","B"],"character_chosen":"THE_SILENT","items_purchased":["Orichalcum","Well Laid Plans"],"campfire_rested":3,"item_purchase_floors":[4,8],"current_hp_per_floor":[53,53,53,53,52,20,20,20,20,20,20,19,38,25,25,15,53,37,37,37,37,32,32,27,46,46,46,14,14,14,1,20,0],"gold":9,"neow_bonus":"THREE_SMALL_POTIONS","is_prod":false,"is_daily":false,"chose_seed":false,"campfire_upgraded":4,"win_rate":0,"timestamp":1546557043,"path_taken":["M","?","?","$","M","E","R","?","T","R","?","M","R","E","R","BOSS","M","$","M","M","M","R","M","R","T","?","E","?","$","?","R","BOSS"],"build_version":"2019-01-02","purchased_purges":2,"victory":false,"max_hp_per_floor":[66,66,66,66,66,66,66,66,66,66,66,66,66,66,66,66,66,66,66,66,66,66,66,66,66,66,66,66,66,66,66,66,66],"card_choices":[{"not_picked":["Terror","Calculated Gamble"],"picked":"Quick Slash","floor":1},{"not_picked":["Tactician","Cloak And Dagger"],"picked":"Quick Slash","floor":5},{"not_picked":["Deadly Poison","Infinite Blades"],"picked":"Malaise","floor":6},{"not_picked":["Quick Slash","Blade Dance","Outmaneuver"],"picked":"SKIP","floor":12},{"not_picked":["Sucker Punch","Blade Dance"],"picked":"Footwork","floor":14},{"not_picked":["After Image","Unload"],"picked":"Glass Knife","floor":16},{"not_picked":["Endless Agony+1","Dagger Spray"],"picked":"Deadly Poison","floor":18},{"not_picked":["Distraction","Calculated Gamble"],"picked":"Predator","floor":20},{"not_picked":["Prepared","Tactician"],"picked":"Dodge and Roll","floor":21},{"not_picked":["Backstab","Underhanded Strike"],"picked":"Caltrops","floor":22},{"not_picked":["Skewer","Flechettes"],"picked":"Catalyst","floor":24},{"not_picked":["Bane","Accuracy","Dagger Throw+1"],"picked":"SKIP","floor":28}],"player_experience":1729304,"relics_obtained":[{"floor":6,"key":"Happy Flower"},{"floor":9,"key":"Juzu Bracelet"},{"floor":14,"key":"Centennial Puzzle"},{"floor":28,"key":"Art of War"}],"event_choices":[{"damage_healed":0,"gold_gain":150,"player_choice":"AGREE","damage_taken":0,"max_hp_gain":0,"max_hp_loss":0,"event_name":"Liars Game","floor":2,"gold_loss":0,"cards_obtained":["Doubt"]},{"damage_healed":0,"gold_gain":0,"player_choice":"Grow","damage_taken":0,"max_hp_gain":0,"max_hp_loss":0,"event_name":"Living Wall","floor":3,"gold_loss":0,"cards_upgraded":["Quick Slash"]},{"damage_healed":0,"gold_gain":0,"player_choice":"Rummage","damage_taken":0,"relics_obtained":["WarpedTongs"],"max_hp_gain":0,"max_hp_loss":0,"event_name":"Accursed Blacksmith","floor":11,"gold_loss":0,"cards_obtained":["Pain"]},{"damage_healed":0,"gold_gain":0,"player_choice":"Ignored","damage_taken":0,"max_hp_gain":0,"max_hp_loss":0,"event_name":"Ghosts","floor":27,"gold_loss":0},{"damage_healed":0,"gold_gain":50,"player_choice":"Stole From Cult","damage_taken":0,"max_hp_gain":0,"max_hp_loss":0,"event_name":"Nest","floor":29,"gold_loss":0},{"damage_healed":0,"gold_gain":0,"player_choice":"Fight","damage_taken":0,"max_hp_gain":0,"max_hp_loss":0,"event_name":"Colosseum","floor":31,"gold_loss":0},{"damage_healed":0,"gold_gain":0,"player_choice":"Fled From Nobs","damage_taken":0,"max_hp_gain":0,"max_hp_loss":0,"event_name":"Colosseum","floor":31,"gold_loss":0}],"is_beta":true,"boss_relics":[{"not_picked":["Empty Cage","White Beast Statue"],"picked":"Ectoplasm"}],"items_purged_floors":[4,19],"is_endless":false,"potions_floor_spawned":[5,16,18,21,31],"killed_by":"Champ","ascension_level":20}