{"gold_per_floor":[119,137,137,151,167,202,218,236,236,68,68,97,115,77,77,176,176,187,207,132,232,157,187,187,187,234,234,291,308,321,171,171,274,274,290,290,307,318,22,22,49,59,105,105,117,137,137,182,182,182,182,182,2,27,27],"floor_reached":55,"playtime":3728,"items_purged":["Strike_B"],"score":804,"play_id":"ffaa3dd7-af7b-4185-a43e-c9f8bce47457","local_time":"20190630015914","is_ascension_mode":false,"campfire_choices":[{"data":"Chill","floor":11,"key":"SMITH"},{"floor":15,"key":"RECALL"},{"data":"Coolheaded","floor":24,"key":"SMITH"},{"data":"Biased Cognition","floor":27,"key":"SMITH"},{"data":"Consume","floor":32,"key":"SMITH"},{"data":"Echo Form","floor":40,"key":"SMITH"},{"data":"Machine Learning","floor":47,"key":"SMITH"},{"floor":49,"key":"REST"},{"data":"Reboot","floor":52,"key":"SMITH"}],"neow_cost":"PERCENT_DAMAGE","seed_source_timestamp":314440802835200,"circlet_count":0,"master_deck":["Strike_B+1","Strike_B+1","Defend_B","Defend_B","Zap","Dualcast","Biased Cognition+1","Chill+1","Glacier","Chill","Ball Lightning","Echo Form+1","Ball Lightning","Ball Lightning","Electrodynamics","Ball Lightning","Melter","Tempest","Glacier+1","Core Surge","Coolheaded+1","Double Energy+1","Hyperbeam+1","Electrodynamics","Consume+1","Conserve Battery","Reboot+1","Biased Cognition","Hologram","Machine Learning+1","Recycle","Conserve Battery+1","White Noise","FTL+1","Stack","Blizzard+1"],"relics":["Cracked Core","FaceOfCleric","PreservedInsect","Mercury Hourglass","Whetstone","Sozu","Thread and Needle","Molten Egg 2","Meat on the Bone","Tiny Chest","Lizard Tail","War Paint","Bronze Scales","Pocketwatch","Bag of Marbles","Ice Cream","Happy Flower"],"potions_floor_usage":[16,41,55],"damage_taken":[{"damage":6,"enemies":"Jaw Worm","floor":1,"turns":4},{"damage":6,"enemies":"Cultist","floor":2,"turns":3},{"damage":0,"enemies":"2 Louse","floor":4,"turns":2},{"damage":3,"enemies":"2 Fungi Beasts","floor":5,"turns":3},{"damage":10,"enemies":"3 Sentries","floor":6,"turns":6},{"damage":0,"enemies":"Exordium Wildlife","floor":7,"turns":2},{"damage":5,"enemies":"3 Louse","floor":8,"turns":3},{"damage":0,"enemies":"Lagavulin","floor":12,"turns":3},{"damage":1,"enemies":"Looter","floor":13,"turns":2},{"damage":26,"enemies":"Hexaghost","floor":16,"turns":8},{"damage":8,"enemies":"3 Byrds","floor":18,"turns":4},{"damage":0,"enemies":"Spheric Guardian","floor":19,"turns":3},{"damage":0,"enemies":"Colosseum Slavers","floor":21,"turns":3},{"damage":12,"enemies":"Colosseum Nobs","floor":21,"turns":3},{"damage":0,"enemies":"Gremlin Leader","floor":23,"turns":4},{"damage":0,"enemies":"Centurion and Healer","floor":29,"turns":3},{"damage":0,"enemies":"3 Cultists","floor":30,"turns":2},{"damage":11,"enemies":"Collector","floor":33,"turns":8},{"damage":3,"enemies":"3 Shapes","floor":35,"turns":2},{"damage":0,"enemies":"3 Darklings","floor":37,"turns":2},{"damage":29,"enemies":"4 Shapes","floor":38,"turns":3},{"damage":35,"enemies":"Giant Head","floor":41,"turns":7},{"damage":0,"enemies":"Sphere and 2 Shapes","floor":42,"turns":3},{"damage":31,"enemies":"Writhing Mass","floor":45,"turns":6},{"damage":0,"enemies":"Jaw Worm Horde","floor":46,"turns":2},{"damage":8,"enemies":"2 Orb Walkers","floor":48,"turns":3},{"damage":40,"enemies":"Donu and Deca","floor":50,"turns":9},{"damage":42,"enemies":"Shield and Spear","floor":54,"turns":5},{"damage":116,"enemies":"The Heart","floor":55,"turns":9}],"seed_played":"-1253197145618879657","potions_obtained":[{"floor":1,"key":"Dexterity Potion"},{"floor":2,"key":"Weak Potion"},{"floor":4,"key":"PowerPotion"},{"floor":8,"key":"EssenceOfSteel"}],"is_trial":false,"path_per_floor":["M","M","?","M","M","E","M","M","T","$","R","E","M","$","R","B",null,"M","M","?","?","$","E","R","?","T","R","T","M","M","$","R","B",null,"M","$","M","M","$","R","E","M","T","?","M","M","R","?","R","B",null,"R","$","E","B"],"character_chosen":"DEFECT","items_purchased":["Electrodynamics","Ball Lightning","Glacier","Reboot","War Paint","Bronze Scales","White Noise","FTL+1","Stack"],"campfire_rested":1,"item_purchase_floors":[10,10,14,31,39,39,53,53,53],"current_hp_per_floor":[48,42,42,43,41,32,33,29,29,29,29,30,30,30,30,5,83,76,77,77,67,67,68,68,68,68,68,68,69,70,70,70,60,91,89,89,90,62,62,62,40,53,53,53,35,48,48,53,82,55,100,100,100,59,0],"gold":27,"neow_bonus":"THREE_RARE_CARDS","is_prod":false,"is_daily":false,"chose_seed":false,"campfire_upgraded":7,"win_rate":0,"timestamp":1561827554,"path_taken":["M","M","?","M","?","E","M","M","T","$","R","E","M","$","R","BOSS","M","M","?","?","?","E","R","?","T","R","?","M","M","$","R","BOSS","M","$","M","M","$","R","E","M","T","?","M","?","R","?","R","BOSS","R","$","E","BOSS"],"build_version":"2019-01-23","purchased_purges":1,"victory":false,"max_hp_per_floor":[75,75,75,76,77,78,79,80,80,80,80,81,82,82,82,83,83,84,85,85,87,87,88,88,88,88,88,88,89,90,90,90,91,91,92,92,93,94,94,94,95,96,96,96,97,98,98,99,99,100,100,100,100,101,101],"card_choices":[{"not_picked":["Reboot","Core Surge"],"picked":"Biased Cognition","floor":0},{"not_picked":["Compile Driver","Beam Cell"],"picked":"Chill","floor":1},{"not_picked":["Go for the Eyes","Coolheaded"],"picked":"Glacier","floor":2},{"not_picked":["Compile Driver","Redo"],"picked":"Chill","floor":4},{"not_picked":["Compile Driver","Heatsinks"],"picked":"Ball Lightning","floor":5},{"not_picked":["Reprogram","Hello World"],"picked":"Echo Form","floor":6},{"not_picked":["Beam Cell","Stack"],"picked":"Ball Lightning","floor":7},{"not_picked":["Streamline","Cold Snap"],"picked":"Ball Lightning","floor":8},{"not_picked":["Recycle","Streamline"],"picked":"Melter","floor":12},{"not_picked":["Beam Cell","Stack"],"picked":"Tempest","floor":13},{"not_picked":["Electrodynamics","Buffer"],"picked":"Core Surge","floor":16},{"not_picked":["Cold Snap","Reprogram"],"picked":"Coolheaded","floor":18},{"not_picked":["Heatsinks","Darkness","Turbo+1"],"picked":"SKIP","floor":19},{"not_picked":["Steam Power+1","Steam"],"picked":"Double Energy","floor":23},{"not_picked":["Blizzard+1","Hologram+1"],"picked":"Consume","floor":29},{"not_picked":["Streamline+1","Go for the Eyes+1"],"picked":"Conserve Battery","floor":30},{"not_picked":["Reboot","Buffer"],"picked":"Biased Cognition","floor":33},{"not_picked":["Compile Driver+1","Turbo","Doom and Gloom+1"],"picked":"SKIP","floor":35},{"not_picked":["Sweeping Beam+1","Redo+1"],"picked":"Hologram","floor":37},{"not_picked":["Turbo+1","Streamline+1","Go for the Eyes+1"],"picked":"SKIP","floor":38},{"not_picked":["Rebound+1","Rip and Tear+1","Heatsinks"],"picked":"SKIP","floor":41},{"not_picked":["Barrage+1","Beam Cell+1","Scrape+1"],"picked":"SKIP","floor":42},{"not_picked":["Beam Cell+1","Steam"],"picked":"Machine Learning","floor":45},{"not_picked":["Stack","Self Repair"],"picked":"Recycle","floor":46},{"not_picked":["Redo","Sweeping Beam+1"],"picked":"Conserve Battery+1","floor":48},{"not_picked":["Sweeping Beam+1","Go for the Eyes+1"],"picked":"Blizzard+1","floor":54}],"player_experience":65284,"relics_obtained":[{"floor":6,"key":"PreservedInsect"},{"floor":9,"key":"Mercury Hourglass"},{"floor":12,"key":"Whetstone"},{"floor":21,"key":"Thread and Needle"},{"floor":21,"key":"Molten Egg 2"},{"floor":23,"key":"Meat on the Bone"},{"floor":28,"key":"Tiny Chest"},{"floor":41,"key":"Pocketwatch"},{"floor":43,"key":"Bag of Marbles"},{"floor":48,"key":"Ice Cream"},{"floor":54,"key":"Happy Flower"}],"event_choices":[{"damage_healed":0,"gold_gain":0,"player_choice":"Trade","damage_taken":0,"relics_obtained":["FaceOfCleric"],"max_hp_gain":0,"max_hp_loss":0,"event_name":"FaceTrader","floor":3,"gold_loss":0},{"cards_removed":["Strike_B"],"damage_healed":0,"gold_gain":0,"player_choice":"Gave Gold","damage_taken":0,"max_hp_gain":0,"max_hp_loss":0,"event_name":"Beggar","floor":20,"gold_loss":75},{"damage_healed":0,"gold_gain":0,"player_choice":"Fight","damage_taken":0,"max_hp_gain":0,"max_hp_loss":0,"event_name":"Colosseum","floor":21,"gold_loss":0},{"damage_healed":0,"gold_gain":0,"player_choice":"Fought Nobs","damage_taken":0,"max_hp_gain":0,"max_hp_loss":0,"event_name":"Colosseum","floor":21,"gold_loss":0},{"damage_healed":0,"gold_gain":0,"cards_transformed":["Defend_B","Defend_B"],"player_choice":"Became Test Subject","damage_taken":0,"max_hp_gain":0,"max_hp_loss":0,"event_name":"Drug Dealer","floor":25,"gold_loss":0,"cards_obtained":["Hyperbeam","Electrodynamics"]},{"damage_healed":0,"gold_gain":0,"player_choice":"Bought 0 Potions","damage_taken":0,"max_hp_gain":0,"max_hp_loss":0,"event_name":"The Woman in Blue","floor":44,"gold_loss":0},{"damage_healed":0,"gold_gain":0,"player_choice":"Fight","damage_taken":0,"max_hp_gain":0,"max_hp_loss":0,"event_name":"Mysterious Sphere","floor":48,"gold_loss":0}],"is_beta":false,"boss_relics":[{"not_picked":["Pandora\u0027s Box","Astrolabe"],"picked":"Sozu"},{"not_picked":["FrozenCore","Busted Crown"],"picked":"Lizard Tail"}],"items_purged_floors":[22],"is_endless":false,"potions_floor_spawned":[1,2,4,8,12,18,29,30,37,38,42,48],"killed_by":"The Heart","ascension_level":0}