{"gold_per_floor":[116,116,291,310,57,74,92,125,125,125,144,69,69,85,85,184,184,195,195,206,217,232,232],"floor_reached":23,"playtime":1093,"items_purged":["Doubt"],"score":245,"play_id":"aeed4326-3cd7-4c03-a0bf-c3fd72516177","local_time":"20190628235658","is_ascension_mode":false,"campfire_choices":[{"data":"Feed","floor":10,"key":"SMITH"},{"floor":13,"key":"RECALL"},{"data":"Inflame","floor":15,"key":"SMITH"}],"neow_cost":"NONE","seed_source_timestamp":223342191528300,"circlet_count":0,"master_deck":["Strike_R","Strike_R","Strike_R","Strike_R","Strike_R","Defend_R","Defend_R","Defend_R","Defend_R","Bash","Anger+1","Inflame+1","Clash","Flex","Feed+1","Sword Boomerang","Heavy Blade","Double Tap","Inflame","Uppercut","Seeing Red","Whirlwind","Heavy Blade","Headbutt+1","Inflame","Cleave","Inflame+1"],"relics":["Burning Blood","Matryoshka","Bag of Marbles","Oddly Smooth Stone","Orrery"],"potions_floor_usage":[16,22,22,23],"damage_taken":[{"damage":0,"enemies":"Small Slimes","floor":1,"turns":3},{"damage":10,"enemies":"Jaw Worm","floor":4,"turns":4},{"damage":4,"enemies":"2 Louse","floor":6,"turns":3},{"damage":7,"enemies":"Looter","floor":7,"turns":5},{"damage":47,"enemies":"3 Sentries","floor":8,"turns":10},{"damage":9,"enemies":"Red Slaver","floor":11,"turns":3},{"damage":6,"enemies":"Large Slime","floor":14,"turns":7},{"damage":8,"enemies":"Slime Boss","floor":16,"turns":6},{"damage":27,"enemies":"2 Thieves","floor":18,"turns":3},{"damage":20,"enemies":"Shell Parasite","floor":20,"turns":4},{"damage":34,"enemies":"Centurion and Healer","floor":21,"turns":4},{"damage":27,"enemies":"Shelled Parasite and Fungi","floor":22,"turns":5},{"damage":21,"enemies":"Chosen and Byrds","floor":23,"turns":3}],"seed_played":"-8766527601243101919","potions_obtained":[{"floor":7,"key":"BloodPotion"},{"floor":8,"key":"Energy Potion"},{"floor":14,"key":"SkillPotion"},{"floor":16,"key":"Strength Potion"}],"is_trial":false,"path_per_floor":["M","?","?","M","$","M","M","E","T","R","M","$","R","M","R","B",null,"M","?","M","M","M","M"],"character_chosen":"IRONCLAD","items_purchased":["Matryoshka"],"campfire_rested":0,"item_purchase_floors":[5],"current_hp_per_floor":[88,88,88,84,84,86,85,44,44,44,45,45,45,49,49,51,100,83,67,53,25,14,0],"gold":232,"neow_bonus":"TEN_PERCENT_HP_BONUS","is_prod":false,"is_daily":false,"chose_seed":false,"campfire_upgraded":2,"win_rate":0,"timestamp":1561733818,"path_taken":["M","?","?","M","$","M","M","E","T","R","M","$","R","M","R","BOSS","M","?","M","M","M","M"],"build_version":"2019-01-23","purchased_purges":1,"victory":false,"max_hp_per_floor":[88,88,88,88,88,88,88,88,88,88,92,92,92,96,96,100,100,104,104,104,104,104,104],"card_choices":[{"not_picked":["Shrug It Off","Rupture"],"picked":"Anger","floor":1},{"not_picked":["Shockwave","Sword Boomerang"],"picked":"Inflame","floor":4},{"not_picked":["Iron Wave","Flex"],"picked":"Clash","floor":6},{"not_picked":["Thunderclap","Anger"],"picked":"Flex","floor":7},{"not_picked":["Spot Weakness","Clash"],"picked":"Feed","floor":8},{"not_picked":["Warcry","Shrug It Off"],"picked":"Sword Boomerang","floor":11},{"not_picked":["Clothesline","Headbutt"],"picked":"Heavy Blade","floor":14},{"not_picked":["Dark Embrace","Impervious"],"picked":"Double Tap","floor":16},{"not_picked":["Burning Pact","Sever Soul"],"picked":"Inflame","floor":17},{"not_picked":["Searing Blow","Entrench"],"picked":"Uppercut","floor":17},{"not_picked":["Blood for Blood","Flex"],"picked":"Seeing Red","floor":17},{"not_picked":["Flame Barrier","True Grit"],"picked":"Whirlwind","floor":17},{"not_picked":["Carnage","Reckless Charge"],"picked":"Heavy Blade","floor":17},{"not_picked":["Twin Strike","Brutality"],"picked":"Headbutt+1","floor":18},{"not_picked":["Cleave","True Grit"],"picked":"Inflame","floor":20},{"not_picked":["True Grit+1","Body Slam"],"picked":"Cleave","floor":21},{"not_picked":["Warcry","Sever Soul+1"],"picked":"Inflame+1","floor":22}],"player_experience":29604,"relics_obtained":[{"floor":8,"key":"Bag of Marbles"},{"floor":9,"key":"Oddly Smooth Stone"}],"event_choices":[{"damage_healed":0,"gold_gain":0,"player_choice":"Grow","damage_taken":0,"max_hp_gain":0,"max_hp_loss":0,"event_name":"Living Wall","floor":2,"gold_loss":0,"cards_upgraded":["Anger"]},{"damage_healed":0,"gold_gain":175,"player_choice":"AGREE","damage_taken":0,"max_hp_gain":0,"max_hp_loss":0,"event_name":"Liars Game","floor":3,"gold_loss":0,"cards_obtained":["Doubt"]},{"damage_healed":0,"gold_gain":0,"player_choice":"Obtained Book","damage_taken":16,"max_hp_gain":0,"max_hp_loss":0,"event_name":"Cursed Tome","floor":19,"gold_loss":0}],"is_beta":false,"boss_relics":[{"not_picked":["Black Blood","Mark of Pain"],"picked":"Orrery"}],"items_purged_floors":[12],"is_endless":false,"potions_floor_spawned":[7,8,14,16,21],"killed_by":"Chosen and Byrds","ascension_level":0}