{"gold_per_floor":[10,10,10,29,54,54,73,109,109,109,129,129,152,167,167,295,295,308,351,329,345,147,187,102,117,190,190,224,323,339,0,0,0],"floor_reached":33,"playtime":3343,"items_purged":[],"score":328,"play_id":"82f29fd0-266e-4664-b029-337b39e4b7eb","local_time":"20190725210430","is_ascension_mode":true,"campfire_choices":[{"data":"Berserk","floor":6,"key":"SMITH"},{"data":"Armaments","floor":10,"key":"SMITH"},{"data":"Armaments","floor":12,"key":"SMITH"},{"data":"Dual Wield","floor":15,"key":"SMITH"},{"floor":27,"key":"REST"},{"data":"Apotheosis","floor":32,"key":"SMITH"}],"neow_cost":"NO_GOLD","seed_source_timestamp":1237398716256000,"circlet_count":0,"master_deck":["Strike_R","Strike_R","Strike_R","Strike_R","Strike_R","Defend_R","Defend_R","Defend_R","Defend_R","Bash","Berserk+1","Metallicize","Headbutt","Corruption","Armaments+1","Rage+1","Armaments+1","Dual Wield+1","Battle Trance","Demon Form","Disarm","Inflame","Twin Strike+1","Rage","Rampage+1","Flex+1","Juggernaut","Apotheosis+1"],"relics":["Burning Blood","Golden Idol","Letter Opener","Mango","Turnip","Runic Cube","Red Mask","Lee\u0027s Waffle","Happy Flower","Vajra","Meat on the Bone","War Paint","Anchor"],"potions_floor_usage":[16,16,16,20,33],"damage_taken":[{"damage":6,"enemies":"2 Louse","floor":1,"turns":3},{"damage":10,"enemies":"Jaw Worm","floor":4,"turns":5},{"damage":2,"enemies":"Small Slimes","floor":5,"turns":3},{"damage":10,"enemies":"Looter","floor":7,"turns":3},{"damage":31,"enemies":"Lagavulin","floor":8,"turns":7},{"damage":16,"enemies":"Large Slime","floor":11,"turns":10},{"damage":4,"enemies":"Blue Slaver","floor":13,"turns":5},{"damage":1,"enemies":"Exordium Wildlife","floor":14,"turns":5},{"damage":22,"enemies":"Slime Boss","floor":16,"turns":9},{"damage":23,"enemies":"3 Byrds","floor":18,"turns":7},{"damage":52,"enemies":"Masked Bandits","floor":19,"turns":5},{"damage":15,"enemies":"2 Thieves","floor":20,"turns":5},{"damage":8,"enemies":"Centurion and Healer","floor":21,"turns":6},{"damage":43,"enemies":"Gremlin Leader","floor":23,"turns":5},{"damage":37,"enemies":"3 Cultists","floor":25,"turns":7},{"damage":17,"enemies":"Book of Stabbing","floor":28,"turns":6},{"damage":41,"enemies":"Sentry and Sphere","floor":30,"turns":6},{"damage":57,"enemies":"Automaton","floor":33,"turns":6}],"seed_played":"-4179794973754274215","potions_obtained":[{"floor":4,"key":"Swift Potion"},{"floor":8,"key":"Explosive Potion"},{"floor":11,"key":"EssenceOfSteel"},{"floor":18,"key":"Poison Potion"},{"floor":19,"key":"FearPotion"},{"floor":23,"key":"FearPotion"},{"floor":30,"key":"GamblersBrew"}],"is_trial":false,"path_per_floor":["M","?","?","M","M","R","M","E","T","R","M","R","M","M","R","B",null,"M","?","M","M","$","E","?","M","T","R","E","?","M","$","R","B"],"character_chosen":"IRONCLAD","items_purchased":["Lee\u0027s Waffle","Apotheosis","Anchor"],"campfire_rested":1,"item_purchase_floors":[22,31,31],"current_hp_per_floor":[80,60,48,44,48,48,44,33,33,33,23,23,25,30,30,14,94,77,31,22,20,101,64,64,33,33,63,64,64,41,41,41,0],"gold":0,"neow_bonus":"THREE_RARE_CARDS","is_prod":false,"is_daily":false,"chose_seed":false,"campfire_upgraded":5,"win_rate":0,"timestamp":1564077870,"path_taken":["M","?","?","M","M","R","M","E","T","R","M","R","M","M","R","BOSS","M","?","M","M","$","E","?","M","T","R","E","?","M","?","R","BOSS"],"build_version":"2019-07-17","purchased_purges":0,"victory":false,"max_hp_per_floor":[80,80,80,80,80,80,80,94,94,94,94,94,94,94,94,94,94,94,94,94,94,101,101,101,101,101,101,101,101,101,101,101,101],"card_choices":[{"not_picked":["Bludgeon","Fiend Fire"],"picked":"Berserk","floor":0},{"not_picked":["Armaments","Reckless Charge"],"picked":"Metallicize","floor":1},{"not_picked":["Dual Wield","Iron Wave"],"picked":"Headbutt","floor":4},{"not_picked":["Shrug It Off","Thunderclap"],"picked":"Corruption","floor":5},{"not_picked":["Seeing Red","Heavy Blade"],"picked":"Armaments","floor":7},{"not_picked":["Iron Wave","Disarm"],"picked":"Rage","floor":8},{"not_picked":["Sever Soul","Anger"],"picked":"Armaments","floor":11},{"not_picked":["Bludgeon","Clothesline"],"picked":"Dual Wield","floor":13},{"not_picked":["Pommel Strike","Shrug It Off"],"picked":"Battle Trance","floor":14},{"not_picked":["Reaper","Fiend Fire"],"picked":"Demon Form","floor":16},{"not_picked":["Wild Strike+1","Burning Pact+1"],"picked":"Disarm","floor":18},{"not_picked":["Second Wind","Warcry"],"picked":"Inflame","floor":19},{"not_picked":["True Grit","Clothesline"],"picked":"Twin Strike+1","floor":20},{"not_picked":["Wild Strike","Shrug It Off"],"picked":"Rage","floor":21},{"not_picked":["Flex","Seeing Red"],"picked":"Rampage+1","floor":23},{"not_picked":["True Grit","Thunderclap+1"],"picked":"Flex","floor":25},{"not_picked":["Hemokinesis+1","Sword Boomerang+1"],"picked":"Juggernaut","floor":28},{"not_picked":["Intimidate","Pommel Strike","Reckless Charge"],"picked":"SKIP","floor":30}],"player_experience":116595,"relics_obtained":[{"floor":8,"key":"Mango"},{"floor":9,"key":"Turnip"},{"floor":19,"key":"Red Mask"},{"floor":23,"key":"Happy Flower"},{"floor":26,"key":"Meat on the Bone"},{"floor":28,"key":"War Paint"}],"event_choices":[{"damage_healed":0,"gold_gain":0,"player_choice":"Take Damage","damage_taken":20,"relics_obtained":["Golden Idol"],"max_hp_gain":0,"max_hp_loss":0,"event_name":"Golden Idol","floor":2,"gold_loss":0},{"damage_healed":0,"gold_gain":0,"player_choice":"Success","damage_taken":12,"relics_obtained":["Letter Opener"],"max_hp_gain":0,"max_hp_loss":0,"event_name":"Scrap Ooze","floor":3,"gold_loss":0},{"damage_healed":0,"gold_gain":0,"player_choice":"Fought Bandits","damage_taken":0,"max_hp_gain":0,"max_hp_loss":0,"event_name":"Masked Bandits","floor":19,"gold_loss":0},{"damage_healed":0,"gold_gain":0,"player_choice":"Obtained Relic","damage_taken":0,"relics_obtained":["Vajra"],"max_hp_gain":0,"max_hp_loss":0,"event_name":"Addict","floor":24,"gold_loss":85},{"damage_healed":0,"gold_gain":99,"player_choice":"Stole From Cult","damage_taken":0,"max_hp_gain":0,"max_hp_loss":0,"event_name":"Nest","floor":29,"gold_loss":0}],"is_beta":false,"boss_relics":[{"not_picked":["Cursed Key","Lizard Tail"],"picked":"Runic Cube"}],"items_purged_floors":[],"is_endless":false,"potions_floor_spawned":[4,8,11,18,19,23,30],"killed_by":"Automaton","ascension_level":1}