{"gold_per_floor":[114,114,127,145,19,53,53,80,80,80,92,106,124,124,124,223,223,237,237,237,252,272,303,303,303],"floor_reached":25,"playtime":2520,"items_purged":[],"score":256,"play_id":"cc18b416-1542-413e-8341-5b49f71afe4f","local_time":"20190725214711","is_ascension_mode":true,"campfire_choices":[{"data":"Uppercut","floor":7,"key":"SMITH"},{"floor":10,"key":"REST"},{"data":"Thunderclap","floor":15,"key":"SMITH"},{"data":"Double Tap","floor":24,"key":"SMITH"}],"neow_cost":"NONE","seed_source_timestamp":1240769491281920,"circlet_count":0,"master_deck":["Strike_R","Strike_R","Strike_R","Strike_R","Defend_R","Defend_R","Defend_R","Defend_R","Bash","Cleave","Shrug It Off","Feel No Pain","Shrug It Off","Evolve","Uppercut+1","Heavy Blade","Fire Breathing+1","Thunderclap+1","Double Tap+1","Sword Boomerang+1","Headbutt","Flame Barrier+1","Iron Wave"],"relics":["Burning Blood","Bag of Preparation","Ornamental Fan","Frozen Egg 2","Velvet Choker","Art of War"],"potions_floor_usage":[6,8,16,25,25],"damage_taken":[{"damage":24,"enemies":"Jaw Worm","floor":1,"turns":6},{"damage":6,"enemies":"Cultist","floor":3,"turns":3},{"damage":0,"enemies":"2 Louse","floor":4,"turns":2},{"damage":44,"enemies":"Gremlin Nob","floor":6,"turns":5},{"damage":24,"enemies":"3 Sentries","floor":8,"turns":7},{"damage":3,"enemies":"Looter","floor":11,"turns":3},{"damage":12,"enemies":"Exordium Wildlife","floor":12,"turns":5},{"damage":4,"enemies":"Lots of Slimes","floor":13,"turns":3},{"damage":43,"enemies":"Hexaghost","floor":16,"turns":12},{"damage":15,"enemies":"Shell Parasite","floor":18,"turns":7},{"damage":3,"enemies":"3 Byrds","floor":21,"turns":3},{"damage":35,"enemies":"Snake Plant","floor":22,"turns":5},{"damage":13,"enemies":"Gremlin Leader","floor":23,"turns":5},{"damage":55,"enemies":"Slavers","floor":25,"turns":3}],"seed_played":"-8947909755843285212","potions_obtained":[{"floor":4,"key":"Energy Potion"},{"floor":6,"key":"Strength Potion"},{"floor":8,"key":"FearPotion"},{"floor":12,"key":"PowerPotion"},{"floor":13,"key":"SteroidPotion"},{"floor":18,"key":"LiquidBronze"},{"floor":22,"key":"PowerPotion"}],"is_trial":false,"path_per_floor":["M","?","M","M","$","E","R","E","T","R","M","M","M","?","R","B",null,"M","?","?","M","M","E","R","E"],"character_chosen":"IRONCLAD","items_purchased":["Shrug It Off","Evolve"],"campfire_rested":1,"item_purchase_floors":[5,5],"current_hp_per_floor":[62,80,80,80,80,42,42,24,24,48,51,45,47,73,73,36,80,71,71,80,80,51,44,44,0],"gold":303,"neow_bonus":"TRANSFORM_CARD","is_prod":false,"is_daily":false,"chose_seed":false,"campfire_upgraded":3,"win_rate":0,"timestamp":1564080431,"path_taken":["M","?","M","M","?","E","R","E","T","R","M","M","?","?","R","BOSS","M","?","?","?","M","E","R","E"],"build_version":"2019-07-17","purchased_purges":0,"victory":false,"max_hp_per_floor":[80,80,80,80,80,80,80,80,80,80,80,80,80,80,80,80,80,80,80,80,80,80,80,80,80],"card_choices":[{"not_picked":["Clothesline","Clash"],"picked":"Cleave","floor":1},{"not_picked":["Thunderclap","Armaments"],"picked":"Shrug It Off","floor":3},{"not_picked":["Blood for Blood","Combust"],"picked":"Feel No Pain","floor":4},{"not_picked":["Twin Strike","Brutality"],"picked":"Uppercut","floor":6},{"not_picked":["Seeing Red","Carnage","Wild Strike"],"picked":"SKIP","floor":8},{"not_picked":["Pommel Strike","Spot Weakness"],"picked":"Heavy Blade","floor":11},{"not_picked":["Second Wind","Pommel Strike"],"picked":"Fire Breathing+1","floor":12},{"not_picked":["Anger","Infernal Blade"],"picked":"Thunderclap","floor":13},{"not_picked":["Feed","Offering"],"picked":"Double Tap","floor":16},{"not_picked":["Thunderclap","Wild Strike"],"picked":"Sword Boomerang+1","floor":18},{"not_picked":["Battle Trance+1","Entrench"],"picked":"Headbutt","floor":21},{"not_picked":["Cleave","Twin Strike"],"picked":"Flame Barrier+1","floor":22},{"not_picked":["Feed","Twin Strike+1"],"picked":"Iron Wave","floor":23}],"player_experience":119938,"relics_obtained":[{"floor":6,"key":"Bag of Preparation"},{"floor":8,"key":"Ornamental Fan"},{"floor":9,"key":"Frozen Egg 2"},{"floor":23,"key":"Art of War"}],"event_choices":[{"cards_removed":["Shockwave"],"damage_healed":18,"gold_gain":0,"player_choice":"Offered Uncommon","damage_taken":0,"max_hp_gain":0,"max_hp_loss":0,"event_name":"Bonfire Elementals","floor":2,"gold_loss":0},{"damage_healed":26,"gold_gain":0,"player_choice":"Banana","damage_taken":0,"max_hp_gain":0,"max_hp_loss":0,"event_name":"Big Fish","floor":14,"gold_loss":0},{"damage_healed":0,"gold_gain":0,"player_choice":"Ignored","damage_taken":0,"max_hp_gain":0,"max_hp_loss":0,"event_name":"Ghosts","floor":19,"gold_loss":0},{"damage_healed":9,"gold_gain":0,"player_choice":"Full Heal","damage_taken":0,"max_hp_gain":0,"max_hp_loss":0,"event_name":"Wheel of Change","floor":20,"gold_loss":0}],"is_beta":false,"boss_relics":[{"not_picked":["Fusion Hammer","Snecko Eye"],"picked":"Velvet Choker"}],"items_purged_floors":[],"is_endless":false,"potions_floor_spawned":[4,6,8,12,13,18,22],"killed_by":"Slavers","ascension_level":2}