{"gold_per_floor":[219,230,230,241,256,289,464,464,491,518,298,298,308,337,337,437,437,447,372,358,32,46,76,76,107,142,204,244,256,288,319,331,444,456,486,514,526,52,67,67,81,115,115,115,115,12,44,95,95,95],"floor_reached":51,"playtime":4455,"items_purged":["Doubt","Strike_R"],"score":872,"play_id":"8b7e0eca-461b-42a6-8686-0aa7fe57b1ae","local_time":"20190815205618","is_ascension_mode":true,"campfire_choices":[{"floor":8.0,"key":"REST"},{"floor":12.0,"key":"REST"},{"floor":15.0,"key":"REST"},{"data":"Limit Break","floor":24.0,"key":"SMITH"},{"data":"Whirlwind","floor":29.0,"key":"SMITH"},{"data":"Pommel Strike","floor":32.0,"key":"SMITH"},{"data":"1","floor":40,"key":"LIFT"},{"data":"2","floor":44,"key":"LIFT"},{"data":"Demon Form","floor":49,"key":"SMITH"}],"neow_cost":"NONE","seed_source_timestamp":0,"circlet_count":0,"master_deck":["Strike_R","Strike_R","Defend_R","Defend_R","Defend_R","Defend_R+1","Bash","Heavy Blade","Perfected Strike","Warcry","Shockwave","Whirlwind+1","Metallicize","Immolate","Anger","Infernal Blade","Metallicize","Power Through+1","Limit Break+1","Twin Strike","Inflame","Entrench","Spot Weakness","Combust+1","Shrug It Off+1","Infernal Blade+1","Flex","Blood for Blood+1","Pommel Strike+1","Bludgeon","Heavy Blade+1","Shrug It Off","Demon Form+1","Armaments+1","Flame Barrier+1","Writhe","Intimidate+1"],"special_seed":0,"relics":["Burning Blood","Dream Catcher","Ancient Tea Set","Oddly Smooth Stone","Boot","Mark of Pain","War Paint","Matryoshka","MawBank","Potion Belt","Juzu Bracelet","PreservedInsect","Coffee Dripper","Girya","Centennial Puzzle","Blood Vial","Darkstone Periapt","Letter Opener","Happy Flower","Champion Belt"],"potions_floor_usage":[39,48,50],"damage_taken":[{"damage":1.0,"enemies":"Cultist","floor":1.0,"turns":4.0},{"damage":6.0,"enemies":"Jaw Worm","floor":2.0,"turns":4.0},{"damage":0.0,"enemies":"Small Slimes","floor":4.0,"turns":3.0},{"damage":8.0,"enemies":"Gremlin Gang","floor":5.0,"turns":3.0},{"damage":54.0,"enemies":"Lagavulin","floor":6.0,"turns":7.0},{"damage":38.0,"enemies":"3 Sentries","floor":10.0,"turns":8.0},{"damage":7.0,"enemies":"Looter","floor":13.0,"turns":2.0},{"damage":25.0,"enemies":"Gremlin Nob","floor":14.0,"turns":4.0},{"damage":24.0,"enemies":"Hexaghost","floor":16.0,"turns":10.0},{"damage":5.0,"enemies":"Shell Parasite","floor":18.0,"turns":7.0},{"damage":10.0,"enemies":"2 Thieves","floor":20.0,"turns":4.0},{"damage":6.0,"enemies":"Snake Plant","floor":22.0,"turns":4.0},{"damage":14.0,"enemies":"Book of Stabbing","floor":23.0,"turns":5.0},{"damage":2.0,"enemies":"Gremlin Leader","floor":25.0,"turns":4.0},{"damage":33.0,"enemies":"Book of Stabbing","floor":28.0,"turns":5.0},{"damage":0.0,"enemies":"3 Cultists","floor":30.0,"turns":4.0},{"damage":11.0,"enemies":"Chosen and Byrds","floor":31.0,"turns":5.0},{"damage":39.0,"enemies":"Champ","floor":33.0,"turns":10.0},{"damage":15,"enemies":"3 Shapes","floor":35,"turns":12},{"damage":13,"enemies":"Orb Walker","floor":36,"turns":4},{"damage":6,"enemies":"Sphere and 2 Shapes","floor":39,"turns":5},{"damage":16,"enemies":"Spire Growth","floor":41,"turns":4},{"damage":24,"enemies":"Reptomancer","floor":42,"turns":5},{"damage":3,"enemies":"Giant Head","floor":47,"turns":5},{"damage":23,"enemies":"2 Orb Walkers","floor":48,"turns":4},{"damage":38,"enemies":"Donu and Deca","floor":50,"turns":8}],"seed_played":"-6733595878960814055","potions_obtained":[{"floor":1.0,"key":"Ancient Potion"},{"floor":4.0,"key":"AttackPotion"},{"floor":6.0,"key":"Explosive Potion"},{"floor":13.0,"key":"Ancient Potion"},{"floor":18.0,"key":"Weak Potion"},{"floor":22.0,"key":"Strength Potion"},{"floor":25.0,"key":"FearPotion"},{"floor":36,"key":"Fire Potion"},{"floor":41,"key":"Block Potion"},{"floor":47,"key":"SkillPotion"}],"is_trial":false,"path_per_floor":["M","M","?","M","M","E","?","R","T","E","$","R","M","E","R","B",null,"M","?","M","$","M","E","R","E","T","?","E","R","M","M","R","B",null,"M","M","?","$","M","R","M","E","T","R","?","?","E","?","R","B",null],"character_chosen":"IRONCLAD","items_purchased":["Immolate","Entrench","Spot Weakness","Combust","War Paint","Demon Form","Girya"],"campfire_rested":3,"item_purchase_floors":[11,21,21,21,21,38,38],"current_hp_per_floor":[80,80,80,80,78,30,30,54,54,22,22,46,45,26,50,32,80,80,80,76,76,76,68,68,72,72,72,45,45,51,46,46,13,80,71,64,64,64,64,64,54,36,36,36,62,62,67,52,52,22],"gold":95,"neow_bonus":"HUNDRED_GOLD","is_prod":false,"is_daily":false,"chose_seed":false,"campfire_upgraded":4,"win_rate":0,"timestamp":1565927778,"path_taken":["M","M","?","M","M","E","?","R","T","E","$","R","M","E","R","BOSS","M","?","M","$","M","E","R","E","T","?","E","R","M","M","R","BOSS","M","M","?","?","M","R","M","E","T","R","?","?","E","?","R","BOSS"],"build_version":"2019-07-17","purchased_purges":2,"victory":true,"max_hp_per_floor":[80,80,80,80,80,80,80,80,80,80,80,80,80,80,80,80,80,80,80,80,80,80,80,80,80,80,80,80,80,80,80,80,80,80,80,80,80,80,80,80,80,80,80,80,86,86,86,86,86,86],"card_choices":[{"not_picked":["Searing Blow","Wild Strike","Clash"],"picked":"SKIP","floor":1.0},{"not_picked":["Corruption","Searing Blow"],"picked":"Heavy Blade","floor":2.0},{"not_picked":["Heavy Blade","Burning Pact"],"picked":"Perfected Strike","floor":4.0},{"not_picked":["Perfected Strike","Bloodletting"],"picked":"Warcry","floor":5.0},{"not_picked":["Headbutt","Sword Boomerang"],"picked":"Shockwave","floor":6.0},{"not_picked":["Flex","Evolve"],"picked":"Whirlwind","floor":8.0},{"not_picked":["Second Wind","Corruption"],"picked":"Metallicize","floor":10.0},{"not_picked":["Wild Strike","Body Slam"],"picked":"Anger","floor":12.0},{"not_picked":["Hemokinesis","Juggernaut"],"picked":"Infernal Blade","floor":13.0},{"not_picked":["Heavy Blade","Body Slam"],"picked":"Metallicize","floor":14.0},{"not_picked":["Reckless Charge","Havoc"],"picked":"Power Through","floor":15.0},{"not_picked":["Fiend Fire","Exhume"],"picked":"Limit Break","floor":16.0},{"not_picked":["Wild Strike","Shockwave"],"picked":"Twin Strike","floor":18.0},{"not_picked":["Rage+1","True Grit"],"picked":"Inflame","floor":20.0},{"not_picked":["Clothesline","Armaments+1"],"picked":"Shrug It Off+1","floor":22.0},{"not_picked":["True Grit","Feel No Pain"],"picked":"Infernal Blade+1","floor":23.0},{"not_picked":["Clash","Flex","Whirlwind"],"picked":"SKIP","floor":25.0},{"not_picked":["Sever Soul","Disarm"],"picked":"Flex","floor":28.0},{"not_picked":["Searing Blow","Entrench+1"],"picked":"Blood for Blood+1","floor":30.0},{"not_picked":["Body Slam","Searing Blow"],"picked":"Pommel Strike","floor":31.0},{"not_picked":["Double Tap","Reaper"],"picked":"Bludgeon","floor":33.0},{"not_picked":["Twin Strike+1","Clothesline"],"picked":"Heavy Blade+1","floor":35},{"not_picked":["Clash+1","Headbutt"],"picked":"Shrug It Off","floor":36},{"not_picked":["Thunderclap","Iron Wave","Heavy Blade+1"],"picked":"SKIP","floor":39},{"not_picked":["Warcry+1","Seeing Red+1"],"picked":"Armaments+1","floor":41},{"not_picked":["Clash","Armaments+1"],"picked":"Flame Barrier+1","floor":42},{"not_picked":["Spot Weakness","Infernal Blade","Body Slam"],"picked":"SKIP","floor":47},{"not_picked":["Headbutt","Pummel"],"picked":"Intimidate+1","floor":48}],"player_experience":119769,"relics_obtained":[{"floor":6.0,"key":"Dream Catcher"},{"floor":9.0,"key":"Ancient Tea Set"},{"floor":10.0,"key":"Oddly Smooth Stone"},{"floor":14.0,"key":"Boot"},{"floor":23.0,"key":"Matryoshka"},{"floor":25.0,"key":"MawBank"},{"floor":26.0,"key":"Potion Belt"},{"floor":26.0,"key":"Juzu Bracelet"},{"floor":28.0,"key":"PreservedInsect"},{"floor":42,"key":"Centennial Puzzle"},{"floor":43,"key":"Blood Vial"},{"floor":43,"key":"Darkstone Periapt"},{"floor":47,"key":"Happy Flower"},{"floor":48,"key":"Champion Belt"}],"event_choices":[{"cards_removed":["Strike_R"],"damage_healed":0.0,"max_hp_gain":0.0,"max_hp_loss":0.0,"gold_gain":0.0,"event_name":"Living Wall","player_choice":"Forget","floor":3.0,"gold_loss":0.0,"damage_taken":0.0},{"damage_healed":0.0,"max_hp_gain":0.0,"max_hp_loss":0.0,"gold_gain":175.0,"event_name":"Liars Game","player_choice":"AGREE","floor":7.0,"gold_loss":0.0,"damage_taken":0.0,"cards_obtained":["Doubt"]},{"cards_removed":["Strike_R"],"damage_healed":0.0,"max_hp_gain":0.0,"max_hp_loss":0.0,"gold_gain":0.0,"event_name":"Beggar","player_choice":"Gave Gold","floor":19.0,"gold_loss":75.0,"damage_taken":0.0},{"damage_healed":0.0,"max_hp_gain":0.0,"max_hp_loss":0.0,"gold_gain":100.0,"event_name":"The Joust","player_choice":"Bet on Murderer","floor":27.0,"gold_loss":50.0,"damage_taken":0.0},{"damage_healed":0,"gold_gain":0,"player_choice":"Upgraded","damage_taken":0,"max_hp_gain":0,"max_hp_loss":0,"event_name":"Upgrade Shrine","floor":37,"gold_loss":0,"cards_upgraded":["Combust"]},{"damage_healed":20,"gold_gain":0,"player_choice":"Writhe","damage_taken":0,"max_hp_gain":0,"max_hp_loss":0,"event_name":"Winding Halls","floor":45,"gold_loss":0,"cards_obtained":["Writhe"]},{"damage_healed":0,"gold_gain":0,"player_choice":"Paid Gold","damage_taken":0,"relics_obtained":["Letter Opener"],"max_hp_gain":0,"max_hp_loss":0,"event_name":"WeMeetAgain","floor":46,"gold_loss":103},{"damage_healed":0,"gold_gain":0,"player_choice":"Fight","damage_taken":0,"max_hp_gain":0,"max_hp_loss":0,"event_name":"Mysterious Sphere","floor":48,"gold_loss":0}],"is_beta":false,"boss_relics":[{"not_picked":["White Beast Statue","Runic Dome"],"picked":"Mark of Pain"},{"not_picked":["Eternal Feather","Busted Crown"],"picked":"Coffee Dripper"}],"items_purged_floors":[11,38],"is_endless":false,"potions_floor_spawned":[1,4,6,13,18,22,25,36,41,47],"ascension_level":1}