{"gold_per_floor":[116,116,291,309,321,321,356,431,431,39,68,87,87,106,106,201,201,217,236,256,272,284,284,284],"floor_reached":24,"playtime":1150,"items_purged":["Doubt"],"score":326,"play_id":"9c870eea-0214-4cdd-9af0-6bf2102363ee","local_time":"20190816183926","is_ascension_mode":true,"campfire_choices":[{"data":"Barrage","floor":6,"key":"SMITH"},{"floor":13,"key":"REST"},{"data":"Zap","floor":15,"key":"SMITH"},{"floor":23,"key":"REST"}],"neow_cost":"NONE","seed_source_timestamp":262879193819502,"circlet_count":0,"master_deck":["AscendersBane","Strike_B","Strike_B","Strike_B","Defend_B","Defend_B","Defend_B","Defend_B","Zap+1","Dualcast","Conserve Battery","Compile Driver","Chaos","Barrage+1","Core Surge","Leap+1","Ball Lightning+1","Redo+1","Electrodynamics","Amplify+1","Cold Snap+1","Fission+1","Capacitor+1","Coolheaded+1"],"relics":["Cracked Core","NeowsBlessing","Gremlin Horn","Toxic Egg 2","Dead Branch","Molten Egg 2","Fusion Hammer"],"potions_floor_usage":[12,21,24],"damage_taken":[{"damage":0,"enemies":"2 Louse","floor":1,"turns":1},{"damage":0,"enemies":"Jaw Worm","floor":4,"turns":1},{"damage":0,"enemies":"Small Slimes","floor":5,"turns":1},{"damage":19,"enemies":"Lagavulin","floor":7,"turns":7},{"damage":17,"enemies":"3 Sentries","floor":11,"turns":6},{"damage":1,"enemies":"Blue Slaver","floor":12,"turns":3},{"damage":4,"enemies":"Lots of Slimes","floor":14,"turns":2},{"damage":7,"enemies":"The Guardian","floor":16,"turns":6},{"damage":17,"enemies":"2 Thieves","floor":18,"turns":2},{"damage":12,"enemies":"Chosen","floor":19,"turns":4},{"damage":14,"enemies":"Centurion and Healer","floor":20,"turns":4},{"damage":1,"enemies":"Sentry and Sphere","floor":21,"turns":3},{"damage":24,"enemies":"Snake Plant","floor":22,"turns":4},{"damage":26,"enemies":"Slavers","floor":24,"turns":3}],"seed_played":"-3534070481493386294","potions_obtained":[{"floor":4,"key":"Energy Potion"},{"floor":11,"key":"Fruit Juice"},{"floor":12,"key":"LiquidBronze"},{"floor":20,"key":"EssenceOfSteel"}],"is_trial":false,"path_per_floor":["M","?","?","M","M","R","E","?","T","$","E","M","R","M","R","B",null,"M","M","M","M","M","R","E"],"character_chosen":"DEFECT","items_purchased":["Dead Branch","Leap+1"],"campfire_rested":2,"item_purchase_floors":[10,10],"current_hp_per_floor":[68,68,68,68,68,68,49,38,38,38,21,25,49,45,45,38,70,53,41,27,26,2,26,0],"gold":284,"neow_bonus":"THREE_ENEMY_KILL","is_prod":false,"is_daily":false,"chose_seed":false,"campfire_upgraded":2,"win_rate":0,"timestamp":1566005966,"path_taken":["M","?","?","M","M","R","E","?","T","?","E","M","R","M","R","BOSS","M","M","?","?","M","R","E"],"build_version":"2019-07-17","purchased_purges":1,"victory":false,"max_hp_per_floor":[75,75,75,75,75,75,75,75,75,75,75,80,80,80,80,80,80,80,80,80,80,80,80,80],"card_choices":[{"not_picked":["Heatsinks","Steam"],"picked":"Conserve Battery","floor":1},{"not_picked":["Leap","Conserve Battery"],"picked":"Chaos","floor":4},{"not_picked":["Sweeping Beam","Redo"],"picked":"Barrage","floor":5},{"not_picked":["Blizzard","Leap"],"picked":"Core Surge","floor":7},{"not_picked":["Barrage","Static Discharge"],"picked":"Ball Lightning","floor":11},{"not_picked":["Barrage+1","Conserve Battery+1"],"picked":"Redo+1","floor":12},{"not_picked":["Genetic Algorithm+1","Turbo+1"],"picked":"Electrodynamics","floor":14},{"not_picked":["Reboot+1","Seek+1"],"picked":"Amplify+1","floor":16},{"not_picked":["BootSequence+1","Leap+1","Gash+1"],"picked":"SKIP","floor":18},{"not_picked":["Gash+1","Redo+1"],"picked":"Cold Snap+1","floor":19},{"not_picked":["Conserve Battery+1","Leap+1"],"picked":"Fission+1","floor":20},{"not_picked":["Reinforced Body+1","Steam+1"],"picked":"Capacitor+1","floor":21},{"not_picked":["Hello World","Chaos+1"],"picked":"Coolheaded+1","floor":22}],"player_experience":619616,"relics_obtained":[{"floor":7,"key":"Gremlin Horn"},{"floor":9,"key":"Toxic Egg 2"},{"floor":11,"key":"Molten Egg 2"}],"event_choices":[{"damage_healed":0,"gold_gain":0,"cards_transformed":["Strike_B"],"player_choice":"Change","damage_taken":0,"max_hp_gain":0,"max_hp_loss":0,"event_name":"Living Wall","floor":2,"gold_loss":0,"cards_obtained":["Compile Driver"]},{"damage_healed":0,"gold_gain":175,"player_choice":"AGREE","damage_taken":0,"max_hp_gain":0,"max_hp_loss":0,"event_name":"Liars Game","floor":3,"gold_loss":0,"cards_obtained":["Doubt"]},{"damage_healed":0,"gold_gain":75,"player_choice":"Gather Gold","damage_taken":11,"max_hp_gain":0,"max_hp_loss":0,"event_name":"World of Goop","floor":8,"gold_loss":0}],"is_beta":false,"boss_relics":[{"not_picked":["Inserter","Pandora\u0027s Box"],"picked":"Fusion Hammer"}],"items_purged_floors":[10],"is_endless":false,"potions_floor_spawned":[4,11,12,19,20],"killed_by":"Slavers","ascension_level":11}