{"path_per_floor":["M","M","M","M","M","R","M","M","T","R","E","R","E","?","R","B",null,"M","?","?","$","?","$","R","M","T","R","M","M","R","M","R","B",null,"M","M","$","?","M","R","E","?","T","M","M","?","R","M","R","B"],"character_chosen":"IRONCLAD","items_purchased":["Peace Pipe","Block Potion","Metallicize"],"gold_per_floor":[119,136,152,171,181,181,194,210,210,210,244,244,271,271,271,345,345,359,359,359,4,4,4,4,21,21,21,40,55,55,69,69,142,142,154,166,23,23,37,37,63,63,63,78,97,97,97,116,116,116],"floor_reached":51,"campfire_rested":1,"playtime":2679,"item_purchase_floors":[],"current_hp_per_floor":[75,76,80,80,80,80,79,80,80,80,55,55,53,53,53,35,69,59,59,44,44,44,44,44,50,50,50,52,54,54,56,56,10,66,72,74,74,74,76,84,35,24,24,26,28,28,36,15,49,11],"items_purged":["Strike_R"],"gold":116,"score":1108,"play_id":"6f30304d-ce2b-44a5-a916-fcd5f121e463","local_time":"20180526213132","is_prod":false,"is_daily":false,"chose_seed":false,"is_ascension_mode":true,"campfire_upgraded":5,"win_rate":0,"timestamp":1527366692,"campfire_choices":[{"data":"Armaments","floor":6.0,"key":"SMITH"},{"data":"True Grit","floor":10.0,"key":"SMITH"},{"data":"Uppercut","floor":12.0,"key":"SMITH"},{"data":"Juggernaut","floor":15.0,"key":"SMITH"},{"data":"Strike_R","floor":24.0,"key":"PURGE"},{"data":"Decay","floor":27.0,"key":"PURGE"},{"data":"Bash","floor":30.0,"key":"PURGE"},{"data":"Strike_R","floor":32.0,"key":"PURGE"},{"data":"Strike_R","floor":40,"key":"PURGE"},{"data":"Body Slam","floor":47,"key":"SMITH"},{"floor":49,"key":"REST"}],"path_taken":["M","M","M","M","M","R","M","M","T","R","E","R","E","?","R","BOSS","M","?","?","$","?","$","R","M","T","R","M","M","R","M","R","BOSS","M","M","$","?","M","R","E","?","T","M","?","?","R","M","R","BOSS"],"build_version":"2018-05-25","seed_source_timestamp":0,"purchased_purges":1,"victory":true,"master_deck":["Defend_R","Defend_R","Defend_R","Defend_R","AscendersBane","True Grit+1","Pommel Strike+1","Armaments+1","Carnage","Evolve","Juggernaut+1","Body Slam+1","Uppercut+1","Offering+1","Spot Weakness+1","Battle Trance+1","True Grit+1","Feed+1","Metallicize","Madness+1","Madness+1","Shrug It Off+1","Limit Break+1"],"max_hp_per_floor":[80,80,80,80,80,80,80,80,80,80,80,80,80,80,80,80,80,80,80,85,85,85,85,85,85,85,85,85,85,85,85,85,85,85,89,89,89,89,89,89,89,89,89,89,89,89,89,89,89,93],"relics":["Burning Blood","Bronze Scales","Letter Opener","Toxic Egg 2","Oddly Smooth Stone","Cursed Key","Peace Pipe","Molten Egg 2","Eternal Feather","Lantern"],"card_choices":[{"not_picked":["Anger","Whirlwind"],"picked":"True Grit","floor":1.0},{"not_picked":["Perfected Strike","Pummel"],"picked":"Pommel Strike","floor":2.0},{"not_picked":["Perfected Strike","Body Slam"],"picked":"Armaments","floor":3.0},{"not_picked":["Pommel Strike","Infernal Blade"],"picked":"Carnage","floor":4.0},{"not_picked":["Perfected Strike","Warcry"],"picked":"Evolve","floor":5.0},{"not_picked":["Warcry","Armaments"],"picked":"Juggernaut","floor":7.0},{"not_picked":["Sword Boomerang","Rupture"],"picked":"Body Slam","floor":8.0},{"not_picked":["Clothesline","Bloodletting"],"picked":"Uppercut","floor":11.0},{"not_picked":["Searing Blow","Havoc+1","Clash"],"picked":"SKIP","floor":13.0},{"not_picked":["Fiend Fire","Double Tap+1"],"picked":"Offering+1","floor":16.0},{"not_picked":["Heavy Blade+1","Cleave+1"],"picked":"Spot Weakness+1","floor":18.0},{"not_picked":["Second Wind+1","Sword Boomerang+1","Twin Strike"],"picked":"SKIP","floor":25.0},{"not_picked":["Shrug It Off+1","Burning Pact+1"],"picked":"Battle Trance+1","floor":28.0},{"not_picked":["Rampage+1","Wild Strike+1"],"picked":"True Grit+1","floor":29.0},{"not_picked":["Thunderclap+1","Heavy Blade+1","Uppercut+1"],"picked":"SKIP","floor":31.0},{"not_picked":["Fiend Fire+1","Brutality"],"picked":"Feed+1","floor":33},{"not_picked":["Iron Wave+1","Clash+1","Perfected Strike+1"],"picked":"SKIP","floor":35},{"not_picked":["Rampage+1","Cleave+1"],"picked":"Reckless Charge+1","floor":36},{"not_picked":["Corruption+1","Rage+1","Armaments+1"],"picked":"SKIP","floor":39},{"not_picked":["Cleave+1","Pommel Strike+1","Sever Soul+1"],"picked":"SKIP","floor":41},{"not_picked":["Corruption","Heavy Blade+1"],"picked":"Shrug It Off+1","floor":44},{"not_picked":["Heavy Blade+1","Combust+1"],"picked":"Limit Break+1","floor":45},{"not_picked":["Rupture","Uppercut+1","Shockwave+1"],"picked":"SKIP","floor":48}],"player_experience":625267,"potions_floor_usage":[33,33,36,41,48,50,50],"damage_taken":[{"damage":3.0,"enemies":"Jaw Worm","floor":1.0,"turns":4.0},{"damage":5.0,"enemies":"Cultist","floor":2.0,"turns":5.0},{"damage":1.0,"enemies":"2 Louse","floor":3.0,"turns":2.0},{"damage":5.0,"enemies":"Exordium Wildlife","floor":4.0,"turns":4.0},{"damage":4.0,"enemies":"3 Louse","floor":5.0,"turns":3.0},{"damage":7.0,"enemies":"Large Slime","floor":7.0,"turns":6.0},{"damage":5.0,"enemies":"Red Slaver","floor":8.0,"turns":5.0},{"damage":31.0,"enemies":"Lagavulin","floor":11.0,"turns":9.0},{"damage":8.0,"enemies":"Gremlin Nob","floor":13.0,"turns":4.0},{"damage":24.0,"enemies":"Hexaghost","floor":16.0,"turns":10.0},{"damage":16.0,"enemies":"2 Thieves","floor":18.0,"turns":3.0},{"damage":0.0,"enemies":"Spheric Guardian","floor":25.0,"turns":3.0},{"damage":4.0,"enemies":"Snake Plant","floor":28.0,"turns":2.0},{"damage":4.0,"enemies":"Centurion and Healer","floor":29.0,"turns":3.0},{"damage":4.0,"enemies":"Snecko","floor":31.0,"turns":3.0},{"damage":60,"enemies":"Collector","floor":33,"turns":10},{"damage":4,"enemies":"3 Shapes","floor":35,"turns":2},{"damage":4,"enemies":"3 Darklings","floor":36,"turns":4},{"damage":4,"enemies":"Spire Growth","floor":39,"turns":5},{"damage":55,"enemies":"Nemesis","floor":41,"turns":9},{"damage":4,"enemies":"Transient","floor":44,"turns":5},{"damage":4,"enemies":"Maw","floor":45,"turns":6},{"damage":27,"enemies":"3 Darklings","floor":48,"turns":4},{"damage":48,"enemies":"Donu and Deca","floor":50,"turns":10}],"relics_obtained":[{"floor":9.0,"key":"Letter Opener"},{"floor":11.0,"key":"Toxic Egg 2"},{"floor":13.0,"key":"Oddly Smooth Stone"},{"floor":26.0,"key":"Molten Egg 2"},{"floor":41,"key":"Lantern"}],"event_choices":[{"event_name":"The Woman in Blue","player_choice":"Bought 0 Potions","floor":14.0,"damage_taken":0.0},{"event_name":"Drug Dealer","player_choice":"Ignored","floor":19.0,"damage_taken":0.0},{"event_name":"Forgotten Altar","player_choice":"Shed Blood","floor":20.0,"damage_taken":0.0},{"event_name":"Bonfire Elementals","player_choice":"BASIC","floor":22.0,"damage_taken":0.0},{"event_name":"Winding Halls","player_choice":"Embrace Madness","floor":42,"damage_taken":0},{"event_name":"Upgrade Shrine","player_choice":"Upgraded","floor":46,"damage_taken":0}],"boss_relics":[{"not_picked":["White Beast Statue","Runic Dome"],"picked":"Eternal Feather"}],"items_purged_floors":[37],"potions_floor_spawned":[4,5,7,11,13,18,28,33,39,41,45,48],"seed_played":"-2836243441848224575","ascension_level":13,"potions_obtained":[{"floor":4.0,"key":"Block Potion"},{"floor":5.0,"key":"BloodPotion"},{"floor":7.0,"key":"LiquidBronze"},{"floor":11.0,"key":"Weak Potion"},{"floor":13.0,"key":"AttackPotion"},{"floor":18.0,"key":"Energy Potion"},{"floor":28.0,"key":"Poison Potion"},{"floor":33,"key":"FearPotion"},{"floor":39,"key":"Weak Potion"},{"floor":41,"key":"AttackPotion"},{"floor":45,"key":"Energy Potion"},{"floor":48,"key":"Poison Potion"}],"is_trial":false}