{"gold_per_floor":[115,115,135,150,168,168,168,168,168,193,268,297,297,310,310,410,410,420,420,420,207,207,226,237,237,237,251,271,284,284],"floor_reached":30,"playtime":1686,"items_purged":[],"score":267,"play_id":"77b4a0a5-5df1-4141-a991-10ef174ce6be","local_time":"20190629084200","is_ascension_mode":false,"campfire_choices":[{"floor":6,"key":"RECALL"},{"data":"Loop","floor":13,"key":"SMITH"},{"data":"Go for the Eyes","floor":15,"key":"SMITH"},{"floor":25,"key":"REST"}],"neow_cost":"NONE","seed_source_timestamp":254250595196600,"circlet_count":0,"master_deck":["Strike_B+1","Strike_B+1","Strike_B+1","Defend_B+1","Defend_B+1","Defend_B+1","Defend_B+1","Zap+1","Dualcast","Go for the Eyes+1","BootSequence","Go for the Eyes","Hologram","Loop+1","Conserve Battery","Ball Lightning+1","Seek","Defragment","Capacitor","Apotheosis","Go for the Eyes+1","Leap","Loop","Ball Lightning+1","Go for the Eyes+1"],"relics":["Cracked Core","NeowsBlessing","Darkstone Periapt","Molten Egg 2","Meat on the Bone","Question Card","Eternal Feather","Bottled Lightning"],"potions_floor_usage":[10,29],"damage_taken":[{"damage":0,"enemies":"Cultist","floor":1,"turns":1},{"damage":0,"enemies":"Jaw Worm","floor":3,"turns":1},{"damage":0,"enemies":"2 Louse","floor":4,"turns":1},{"damage":0,"enemies":"2 Fungi Beasts","floor":5,"turns":3},{"damage":15,"enemies":"3 Sentries","floor":10,"turns":6},{"damage":15,"enemies":"Gremlin Nob","floor":12,"turns":5},{"damage":0,"enemies":"3 Louse","floor":14,"turns":3},{"damage":44,"enemies":"The Guardian","floor":16,"turns":12},{"damage":14,"enemies":"Shell Parasite","floor":18,"turns":5},{"damage":10,"enemies":"3 Byrds","floor":23,"turns":5},{"damage":42,"enemies":"3 Cultists","floor":24,"turns":5},{"damage":23,"enemies":"Sentry and Sphere","floor":27,"turns":5},{"damage":1,"enemies":"Snecko","floor":28,"turns":5},{"damage":7,"enemies":"Centurion and Healer","floor":29,"turns":5},{"damage":51,"enemies":"3 Cultists","floor":30,"turns":5}],"seed_played":"-1640752554999371607","potions_obtained":[{"floor":3,"key":"Explosive Potion"},{"floor":14,"key":"SpeedPotion"},{"floor":24,"key":"SmokeBomb"},{"floor":28,"key":"AttackPotion"}],"is_trial":false,"path_per_floor":["M","?","M","M","M","R","?","?","T","E","?","E","R","M","R","B",null,"M","?","?","$","T","M","M","R","T","M","M","M","M"],"character_chosen":"DEFECT","items_purchased":["Capacitor","Apotheosis"],"campfire_rested":1,"item_purchase_floors":[21,21],"current_hp_per_floor":[75,75,75,75,75,75,68,65,65,50,39,36,36,48,48,16,75,61,61,61,61,61,51,21,55,55,44,43,48,0],"gold":284,"neow_bonus":"THREE_ENEMY_KILL","is_prod":false,"is_daily":false,"chose_seed":false,"campfire_upgraded":2,"win_rate":0,"timestamp":1561765320,"path_taken":["M","?","M","M","M","R","?","?","T","E","?","E","R","M","R","BOSS","M","?","?","$","?","M","M","R","T","M","?","M","M"],"build_version":"2019-01-23","purchased_purges":0,"victory":false,"max_hp_per_floor":[75,75,75,75,75,75,75,75,75,75,75,75,75,75,75,75,75,75,75,75,75,75,75,75,75,75,75,75,75,75],"card_choices":[{"not_picked":["Cold Snap","Stack"],"picked":"Go for the Eyes","floor":1},{"not_picked":["Streamline","Coolheaded"],"picked":"BootSequence","floor":3},{"not_picked":["Turbo","Coolheaded"],"picked":"Go for the Eyes","floor":4},{"not_picked":["Blizzard","Rebound"],"picked":"Hologram","floor":5},{"not_picked":["Turbo","Barrage+1"],"picked":"Loop","floor":10},{"not_picked":["Coolheaded","Gash+1"],"picked":"Conserve Battery","floor":12},{"not_picked":["Turbo","Barrage+1","Auto Shields"],"picked":"Ball Lightning+1","floor":14},{"not_picked":["Electrodynamics","Multi-Cast","Biased Cognition"],"picked":"Seek","floor":16},{"not_picked":["Skim","Steam","Self Repair"],"picked":"Defragment","floor":18},{"not_picked":["Heatsinks","Force Field","Rebound+1"],"picked":"Go for the Eyes+1","floor":23},{"not_picked":["Turbo","Heatsinks","Sweeping Beam+1"],"picked":"Leap","floor":24},{"not_picked":["Hologram","Heatsinks","Barrage+1"],"picked":"Loop","floor":27},{"not_picked":["Lockon+1","Beam Cell+1","Turbo+1"],"picked":"Ball Lightning+1","floor":28},{"not_picked":["Compile Driver+1","Meteor Strike+1","Steam"],"picked":"Go for the Eyes+1","floor":29}],"player_experience":55607,"relics_obtained":[{"floor":9,"key":"Molten Egg 2"},{"floor":10,"key":"Meat on the Bone"},{"floor":12,"key":"Question Card"},{"floor":22,"key":"Bottled Lightning"}],"event_choices":[{"damage_healed":0,"gold_gain":0,"player_choice":"Grow","damage_taken":0,"max_hp_gain":0,"max_hp_loss":0,"event_name":"Living Wall","floor":2,"gold_loss":0,"cards_upgraded":["Zap"]},{"cards_removed":["Strike_B"],"damage_healed":0,"gold_gain":0,"player_choice":"Card Removal","damage_taken":7,"max_hp_gain":0,"max_hp_loss":0,"event_name":"Golden Wing","floor":7,"gold_loss":0},{"damage_healed":0,"gold_gain":0,"player_choice":"Success","damage_taken":3,"relics_obtained":["Darkstone Periapt"],"max_hp_gain":0,"max_hp_loss":0,"event_name":"Scrap Ooze","floor":8,"gold_loss":0},{"damage_healed":0,"gold_gain":75,"player_choice":"Gather Gold","damage_taken":11,"max_hp_gain":0,"max_hp_loss":0,"event_name":"World of Goop","floor":11,"gold_loss":0},{"damage_healed":0,"gold_gain":0,"player_choice":"Simplicity","damage_taken":0,"max_hp_gain":0,"max_hp_loss":0,"event_name":"Back to Basics","floor":19,"gold_loss":0,"cards_upgraded":["Strike_B","Strike_B","Strike_B","Defend_B","Defend_B","Defend_B","Defend_B"]},{"damage_healed":0,"gold_gain":0,"player_choice":"Ignored","damage_taken":0,"max_hp_gain":0,"max_hp_loss":0,"event_name":"Vampires","floor":20,"gold_loss":0}],"is_beta":false,"boss_relics":[{"not_picked":["Snecko Eye","Ectoplasm"],"picked":"Eternal Feather"}],"items_purged_floors":[],"is_endless":false,"potions_floor_spawned":[3,14,24,28],"killed_by":"3 Cultists","ascension_level":0}