{"gold_per_floor":[212,212,230,245,170,170,205,205,230,230,256,267,292,306,306,384,384,403,13,26,44,144,144,171,171],"floor_reached":25,"playtime":1692,"items_purged":["Strike_G"],"score":442,"play_id":"53d20d11-5d79-4fce-8689-babaf24dd1ec","local_time":"20190525133629","is_ascension_mode":true,"campfire_choices":[{"data":"Riddle With Holes","floor":6,"key":"SMITH"},{"data":"Envenom","floor":8,"key":"SMITH"},{"data":"Neutralize","floor":10,"key":"SMITH"},{"floor":15,"key":"REST"},{"data":"Wraith Form v2","floor":23,"key":"SMITH"}],"neow_cost":"NONE","seed_source_timestamp":114747477919165,"circlet_count":0,"master_deck":["AscendersBane","Strike_G+1","Strike_G+1","Strike_G","Defend_G","Defend_G","Defend_G","Defend_G","Survivor","Neutralize+1","PiercingWail","Riddle With Holes+1","Envenom+1","Footwork","Crippling Poison","PiercingWail","PiercingWail","Wraith Form v2+1","Quick Slash","Footwork","Dash","Backflip"],"relics":["Ring of the Snake","Art of War","Vajra","Whetstone","The Courier","Velvet Choker","Membership Card","Mummified Hand","FossilizedHelix","Shuriken","Red Mask"],"potions_floor_usage":[7,7,13,22,22,25],"damage_taken":[{"damage":2,"enemies":"Jaw Worm","floor":1,"turns":6},{"damage":1,"enemies":"Cultist","floor":3,"turns":4},{"damage":0,"enemies":"2 Louse","floor":4,"turns":3},{"damage":13,"enemies":"3 Sentries","floor":7,"turns":9},{"damage":12,"enemies":"Lagavulin","floor":11,"turns":6},{"damage":6,"enemies":"2 Fungi Beasts","floor":12,"turns":3},{"damage":14,"enemies":"3 Sentries","floor":13,"turns":10},{"damage":0,"enemies":"Looter","floor":14,"turns":4},{"damage":3,"enemies":"The Guardian","floor":16,"turns":11},{"damage":18,"enemies":"Spheric Guardian","floor":18,"turns":6},{"damage":6,"enemies":"Shell Parasite","floor":20,"turns":5},{"damage":4,"enemies":"Snake Plant","floor":21,"turns":5},{"damage":4,"enemies":"Colosseum Slavers","floor":22,"turns":4},{"damage":0,"enemies":"Colosseum Nobs","floor":22,"turns":7},{"damage":1,"enemies":"Masked Bandits","floor":24,"turns":5},{"damage":22,"enemies":"Slavers","floor":25,"turns":5}],"seed_played":"6179190349667541810","potions_obtained":[{"floor":1,"key":"Fire Potion"},{"floor":3,"key":"Energy Potion"},{"floor":11,"key":"Dexterity Potion"},{"floor":13,"key":"SneckoOil"},{"floor":16,"key":"PowerPotion"},{"floor":21,"key":"AttackPotion"},{"floor":24,"key":"Fire Potion"}],"is_trial":false,"path_per_floor":["M","?","M","M","?","R","E","R","T","R","E","M","E","M","R","B",null,"M","$","M","M","?","R","?","E"],"character_chosen":"THE_SILENT","items_purchased":["Membership Card","Mummified Hand","Footwork","Dash"],"campfire_rested":1,"item_purchase_floors":[19,19,19,19],"current_hp_per_floor":[57,50,49,49,49,49,36,36,36,36,24,18,4,4,23,20,55,37,37,31,27,23,23,22,0],"gold":171,"neow_bonus":"HUNDRED_GOLD","is_prod":false,"is_daily":false,"chose_seed":false,"campfire_upgraded":4,"win_rate":0,"timestamp":1558787789,"path_taken":["M","?","M","M","?","R","E","R","T","R","E","?","E","M","R","BOSS","M","$","M","?","?","R","?","E"],"build_version":"2019-05-24v2","purchased_purges":1,"victory":false,"max_hp_per_floor":[66,66,66,66,66,66,66,66,66,66,66,66,66,66,66,66,66,66,66,66,66,66,66,66,66],"card_choices":[{"not_picked":["Infinite Blades","Setup"],"picked":"PiercingWail","floor":1},{"not_picked":["Expertise","Tactician","Catalyst"],"picked":"SKIP","floor":3},{"not_picked":["Backflip","Infinite Blades"],"picked":"Riddle With Holes","floor":4},{"not_picked":["Dagger Spray","Deflect"],"picked":"Envenom","floor":7},{"not_picked":["Slice","Calculated Gamble"],"picked":"Footwork","floor":11},{"not_picked":["Escape Plan","Deadly Poison"],"picked":"Crippling Poison","floor":12},{"not_picked":["Outmaneuver","Deflect"],"picked":"PiercingWail","floor":13},{"not_picked":["Blade Dance","Tactician"],"picked":"PiercingWail","floor":14},{"not_picked":["Phantasmal Killer","Grand Finale"],"picked":"Wraith Form v2","floor":16},{"not_picked":["Heel Hook","Blade Dance"],"picked":"Quick Slash","floor":18},{"not_picked":["Flying Knee","Dodge and Roll"],"picked":"Backflip","floor":20},{"not_picked":["Blade Dance","Deadly Poison","Bane"],"picked":"SKIP","floor":21}],"player_experience":2071128,"relics_obtained":[{"floor":7,"key":"Art of War"},{"floor":9,"key":"Vajra"},{"floor":11,"key":"Whetstone"},{"floor":13,"key":"The Courier"},{"floor":22,"key":"FossilizedHelix"},{"floor":22,"key":"Shuriken"},{"floor":24,"key":"Red Mask"}],"event_choices":[{"cards_removed":["Defend_G"],"damage_healed":0,"gold_gain":0,"player_choice":"Card Removal","damage_taken":7,"max_hp_gain":0,"max_hp_loss":0,"event_name":"Golden Wing","floor":2,"gold_loss":0},{"cards_removed":["Strike_G"],"damage_healed":0,"gold_gain":0,"player_choice":"Card Removal","damage_taken":0,"max_hp_gain":0,"max_hp_loss":0,"event_name":"The Cleric","floor":5,"gold_loss":75},{"damage_healed":0,"gold_gain":0,"player_choice":"Fight","damage_taken":0,"max_hp_gain":0,"max_hp_loss":0,"event_name":"Colosseum","floor":22,"gold_loss":0},{"damage_healed":0,"gold_gain":0,"player_choice":"Fought Nobs","damage_taken":0,"max_hp_gain":0,"max_hp_loss":0,"event_name":"Colosseum","floor":22,"gold_loss":0},{"damage_healed":0,"gold_gain":0,"player_choice":"Fought Bandits","damage_taken":0,"max_hp_gain":0,"max_hp_loss":0,"event_name":"Masked Bandits","floor":24,"gold_loss":0}],"is_beta":true,"boss_relics":[{"not_picked":["Ectoplasm","Tiny House"],"picked":"Velvet Choker"}],"items_purged_floors":[19],"is_endless":false,"potions_floor_spawned":[1,3,11,13,16,21,22,24],"killed_by":"Slavers","ascension_level":20}