{"path_per_floor":["M","?","?","?","M","R","E","M","T","?","$","R","?","E","R","B",null,"M","?","?","M","?","R","M","E","T","M","$","?","R","?","R"],"character_chosen":"IRONCLAD","items_purchased":["Armaments","Swift Potion","True Grit","Metallicize"],"gold_per_floor":[114,114,64,64,83,83,110,124,124,124,20,20,20,51,51,125,125,145,145,145,160,160,160,172,206,206,223,33,33,33,33,33,33],"floor_reached":33,"campfire_rested":1,"playtime":1781,"item_purchase_floors":[],"current_hp_per_floor":[78,78,78,71,77,77,80,80,80,62,62,62,67,58,58,31,72,66,66,66,69,69,69,77,49,49,44,44,44,73,73,73,0],"items_purged":["Normality"],"gold":33,"score":510,"play_id":"b014484a-1907-4329-882b-0910c9800bd6","local_time":"20180523225929","is_prod":false,"is_daily":false,"chose_seed":false,"is_ascension_mode":true,"campfire_upgraded":5,"win_rate":0,"timestamp":1527112769,"campfire_choices":[{"data":"Flame Barrier","floor":6.0,"key":"SMITH"},{"data":"Armaments","floor":12.0,"key":"SMITH"},{"data":"Immolate","floor":15.0,"key":"SMITH"},{"data":"Disarm","floor":23,"key":"SMITH"},{"floor":30,"key":"REST"},{"data":"Metallicize","floor":32,"key":"SMITH"}],"path_taken":["M","?","?","?","M","R","E","?","T","?","$","R","?","E","R","BOSS","M","?","?","M","?","R","?","E","T","M","$","?","R","?","R","BOSS"],"build_version":"2018-05-23","seed_source_timestamp":0,"purchased_purges":1,"victory":false,"master_deck":["Strike_R+1","Strike_R+1","Defend_R","Defend_R","Defend_R","Defend_R","Bash","AscendersBane","Disarm+1","Flame Barrier+1","Shrug It Off","Immolate+1","Armaments+1","Shrug It Off","Feed","Clothesline","Evolve","True Grit+1","Metallicize+1"],"max_hp_per_floor":[80,80,80,80,80,80,80,80,80,80,80,80,85,85,85,85,85,89,89,89,92,92,92,96,99,99,99,99,99,99,99,99,99],"relics":["Burning Blood","NeowsBlessing","Bird Faced Urn","Ginger","Pen Nib","Whetstone","Sozu","Orichalcum","Art of War","Champion Belt"],"card_choices":[{"not_picked":["Iron Wave","Armaments"],"picked":"Disarm","floor":1.0},{"not_picked":["Clash","Iron Wave"],"picked":"Flame Barrier","floor":5.0},{"not_picked":["Heavy Blade","Corruption"],"picked":"Shrug It Off","floor":7.0},{"not_picked":["Whirlwind","Sword Boomerang"],"picked":"Immolate","floor":8.0},{"not_picked":["Blood for Blood","Seeing Red"],"picked":"Shrug It Off","floor":14.0},{"not_picked":["Limit Break","Berserk"],"picked":"Feed","floor":16},{"not_picked":["Armaments","Iron Wave"],"picked":"Clothesline","floor":18},{"not_picked":["Thunderclap","Pommel Strike"],"picked":"Evolve","floor":21},{"not_picked":["Clothesline","Twin Strike","Headbutt+1"],"picked":"SKIP","floor":24},{"not_picked":["Warcry","Dual Wield","Flex"],"picked":"SKIP","floor":25},{"not_picked":["Sword Boomerang","Hemokinesis","Pommel Strike"],"picked":"SKIP","floor":27}],"player_experience":610233,"potions_floor_usage":[16,33],"damage_taken":[{"damage":0.0,"enemies":"2 Louse","floor":1.0,"turns":1.0},{"damage":0.0,"enemies":"Cultist","floor":5.0,"turns":1.0},{"damage":0.0,"enemies":"Lagavulin","floor":7.0,"turns":2.0},{"damage":5.0,"enemies":"Small Slimes","floor":8.0,"turns":4.0},{"damage":15.0,"enemies":"3 Sentries","floor":14.0,"turns":13.0},{"damage":33,"enemies":"Slime Boss","floor":16,"turns":10},{"damage":16,"enemies":"Spheric Guardian","floor":18,"turns":11},{"damage":6,"enemies":"3 Byrds","floor":21,"turns":5},{"damage":4,"enemies":"Centurion and Healer","floor":24,"turns":7},{"damage":39,"enemies":"Slavers","floor":25,"turns":6},{"damage":13,"enemies":"Slaver and Parasite","floor":27,"turns":8},{"damage":93,"enemies":"Champ","floor":33,"turns":16}],"relics_obtained":[{"floor":7.0,"key":"Bird Faced Urn"},{"floor":9.0,"key":"Ginger"},{"floor":14.0,"key":"Whetstone"},{"floor":25,"key":"Art of War"},{"floor":26,"key":"Champion Belt"}],"event_choices":[{"event_name":"Liars Game","player_choice":"disagreed","floor":2.0,"damage_taken":0.0},{"event_name":"The Cleric","player_choice":"Card Removal","floor":3.0,"damage_taken":0.0},{"event_name":"Golden Wing","player_choice":"Card Removal","floor":4.0,"damage_taken":0.0},{"event_name":"Scrap Ooze","player_choice":"success","floor":10.0,"damage_taken":18.0},{"event_name":"Big Fish","player_choice":"Donut","floor":13.0,"damage_taken":0.0},{"event_name":"Back to Basics","player_choice":"Elegance","floor":19,"damage_taken":0},{"event_name":"Accursed Blacksmith","player_choice":"Rummage","floor":20,"damage_taken":0},{"event_name":"Drug Dealer","player_choice":"Ignored","floor":22,"damage_taken":0},{"event_name":"Upgrade Shrine","player_choice":"Upgraded","floor":29,"damage_taken":0},{"event_name":"Beggar","player_choice":"Ignored","floor":31,"damage_taken":0}],"boss_relics":[{"not_picked":["Astrolabe","Black Blood"],"picked":"Sozu"}],"items_purged_floors":[28],"potions_floor_spawned":[1,8,14,25],"seed_played":"-4127359491042853155","killed_by":"Champ","ascension_level":13,"potions_obtained":[{"floor":1.0,"key":"BloodPotion"},{"floor":8.0,"key":"SkillPotion"},{"floor":14.0,"key":"Ancient Potion"}],"is_trial":false}