{"gold_per_floor":[139,139,152,175,187,221,221,247,247,247,0,17,52,64,64,140,140,159,174,174,193,204,204,218,247,247,247,266,280,280,296,296,296],"floor_reached":33,"playtime":1872,"items_purged":["Strike_G"],"score":582,"play_id":"a18fb50b-4bbf-47e8-b008-f4e402cce7f6","local_time":"20190816153549","is_ascension_mode":true,"campfire_choices":[{"floor":7.0,"key":"REST"},{"floor":10.0,"key":"REST"},{"floor":15.0,"key":"REST"},{"floor":23.0,"key":"REST"},{"data":"A Thousand Cuts","floor":27.0,"key":"SMITH"},{"floor":30.0,"key":"REST"},{"floor":32.0,"key":"REST"}],"neow_cost":"NONE","seed_source_timestamp":0,"circlet_count":0,"master_deck":["AscendersBane","Strike_G","Strike_G+1","Strike_G","Defend_G","Defend_G","Defend_G","Defend_G+1","Defend_G","Survivor","Neutralize","Terror","Poisoned Stab","Footwork","A Thousand Cuts+1","Caltrops","Poisoned Stab","Deflect","Crippling Poison","Adrenaline","All Out Attack","Footwork","Footwork","Acrobatics","PiercingWail","Noxious Fumes","Bouncing Flask"],"special_seed":0,"relics":["Ring of the Snake","Tiny Chest","Lantern","Snake Skull","Regal Pillow","Bag of Preparation","Velvet Choker","Nunchaku","Matryoshka"],"potions_floor_usage":[33],"damage_taken":[{"damage":4.0,"enemies":"Jaw Worm","floor":1.0,"turns":9.0},{"damage":0.0,"enemies":"Cultist","floor":3.0,"turns":2.0},{"damage":4.0,"enemies":"Small Slimes","floor":5.0,"turns":3.0},{"damage":28.0,"enemies":"Lagavulin","floor":6.0,"turns":8.0},{"damage":12.0,"enemies":"3 Sentries","floor":8.0,"turns":12.0},{"damage":12.0,"enemies":"Gremlin Gang","floor":12.0,"turns":4.0},{"damage":21.0,"enemies":"Gremlin Nob","floor":13.0,"turns":4.0},{"damage":15.0,"enemies":"Exordium Thugs","floor":14.0,"turns":6.0},{"damage":41.0,"enemies":"Slime Boss","floor":16.0,"turns":13.0},{"damage":9.0,"enemies":"Shell Parasite","floor":18.0,"turns":6.0},{"damage":5.0,"enemies":"Chosen","floor":19.0,"turns":4.0},{"damage":9.0,"enemies":"3 Cultists","floor":21.0,"turns":5.0},{"damage":19.0,"enemies":"Chosen and Byrds","floor":22.0,"turns":8.0},{"damage":6.0,"enemies":"Snake Plant","floor":24.0,"turns":4.0},{"damage":7.0,"enemies":"Book of Stabbing","floor":25.0,"turns":6.0},{"damage":23.0,"enemies":"Centurion and Healer","floor":28.0,"turns":10.0},{"damage":4.0,"enemies":"Shelled Parasite and Fungi","floor":29.0,"turns":5.0},{"damage":1.0,"enemies":"Snecko","floor":31.0,"turns":5.0},{"damage":73,"enemies":"Collector","floor":33,"turns":7}],"seed_played":"-2142444067688563804","potions_obtained":[{"floor":5.0,"key":"Poison Potion"},{"floor":6.0,"key":"Block Potion"},{"floor":13.0,"key":"AttackPotion"},{"floor":16.0,"key":"SkillPotion"},{"floor":18.0,"key":"PowerPotion"},{"floor":21.0,"key":"EntropicBrew"},{"floor":29.0,"key":"LiquidBronze"},{"floor":31.0,"key":"Ancient Potion"}],"is_trial":false,"path_per_floor":["M","?","M","T","M","E","R","E","T","R","$","M","E","M","R","B",null,"M","M","?","M","M","R","M","E","T","R","M","M","R","M","R","B"],"character_chosen":"THE_SILENT","items_purchased":["Regen Potion","Caltrops","Poisoned Stab"],"campfire_rested":6,"item_purchase_floors":[11,11,11],"current_hp_per_floor":[55,35,35,35,31,3,22,10,10,44,44,32,11,11,45,4,51,42,37,37,28,9,43,37,30,30,30,7,3,37,36,66,0],"gold":296,"neow_bonus":"RANDOM_COMMON_RELIC","is_prod":false,"is_daily":false,"chose_seed":false,"campfire_upgraded":1,"win_rate":0,"timestamp":1565966149,"path_taken":["M","?","M","?","?","E","R","E","T","R","$","M","E","M","R","BOSS","M","M","?","?","M","R","M","E","T","R","M","M","R","M","R","BOSS"],"build_version":"2019-08-15","purchased_purges":1,"victory":false,"max_hp_per_floor":[66,66,66,66,66,66,66,66,66,66,66,66,66,66,66,66,66,66,66,66,66,66,66,66,66,66,66,66,66,66,66,66,66],"card_choices":[{"not_picked":["Slice","Catalyst"],"picked":"Terror","floor":1.0},{"not_picked":["Outmaneuver","Sucker Punch","Choke"],"picked":"SKIP","floor":3.0},{"not_picked":["Flying Knee","Outmaneuver"],"picked":"Poisoned Stab","floor":5.0},{"not_picked":["Night Terror","Endless Agony"],"picked":"Footwork","floor":6.0},{"not_picked":["Riddle With Holes","Deflect"],"picked":"A Thousand Cuts","floor":8.0},{"not_picked":["Acrobatics","Backflip","Blade Dance"],"picked":"SKIP","floor":12.0},{"not_picked":["Eviscerate","Outmaneuver"],"picked":"Deflect","floor":13.0},{"not_picked":["Backflip","Blade Dance"],"picked":"Crippling Poison","floor":14.0},{"not_picked":["Grand Finale","Tools of the Trade"],"picked":"Adrenaline","floor":16.0},{"not_picked":["Slice+1","Heel Hook"],"picked":"All Out Attack","floor":18.0},{"not_picked":["Dodge and Roll","Sucker Punch"],"picked":"Footwork","floor":19.0},{"not_picked":["Flying Knee","Deflect","Dagger Spray"],"picked":"SKIP","floor":21.0},{"not_picked":["Escape Plan","Poisoned Stab"],"picked":"Footwork","floor":22.0},{"not_picked":["Acrobatics","Distraction","Slice+1"],"picked":"SKIP","floor":24.0},{"not_picked":["Distraction","Slice+1"],"picked":"Acrobatics","floor":24.0},{"not_picked":["Doppelganger","Blade Dance","Setup"],"picked":"SKIP","floor":25.0},{"not_picked":["Deadly Poison","Underhanded Strike"],"picked":"PiercingWail","floor":28.0},{"not_picked":["Outmaneuver","Acrobatics"],"picked":"Noxious Fumes","floor":29.0},{"not_picked":["Backstab","Flying Knee+1"],"picked":"Bouncing Flask","floor":31.0}],"player_experience":2321852,"relics_obtained":[{"floor":4.0,"key":"Lantern"},{"floor":6.0,"key":"Snake Skull"},{"floor":8.0,"key":"Regal Pillow"},{"floor":13.0,"key":"Bag of Preparation"},{"floor":25.0,"key":"Nunchaku"},{"floor":26.0,"key":"Matryoshka"}],"event_choices":[{"damage_healed":0.0,"max_hp_gain":0.0,"max_hp_loss":0.0,"gold_gain":0.0,"event_name":"Shining Light","player_choice":"Entered Light","floor":2.0,"gold_loss":0.0,"damage_taken":20.0,"cards_upgraded":["Strike_G","Defend_G"]},{"cards_removed":["Strike_G"],"damage_healed":0.0,"max_hp_gain":0.0,"max_hp_loss":0.0,"gold_gain":0.0,"event_name":"Purifier","player_choice":"Purged","floor":20.0,"gold_loss":0.0,"damage_taken":0.0}],"is_beta":true,"boss_relics":[{"not_picked":["Orrery","Philosopher\u0027s Stone"],"picked":"Velvet Choker"}],"items_purged_floors":[11],"is_endless":false,"potions_floor_spawned":[5,6,13,16,18,21,29,31],"killed_by":"Collector","ascension_level":20}