{"gold_per_floor":[109,123,140,150,162,174,29,29,79,79,93,93,21,41,41,138,138,148,11,11,26,36,63,63,89,140,159,172,47,47],"floor_reached":30,"playtime":2986,"items_purged":["Strike_G","Strike_G","Strike_G"],"score":320,"play_id":"2cf37a4a-3d7d-499c-8191-06af2a855a05","local_time":"20190815201842","is_ascension_mode":true,"campfire_choices":[{"data":"After Image","floor":10,"key":"SMITH"},{"data":"Corpse Explosion","floor":12,"key":"SMITH"},{"data":"Infinite Blades","floor":15,"key":"SMITH"},{"floor":24,"key":"REST"}],"neow_cost":"TEN_PERCENT_HP_LOSS","seed_source_timestamp":26543457612065,"circlet_count":0,"master_deck":["Strike_G","Defend_G+1","Defend_G","Defend_G+1","Defend_G","Survivor","Neutralize","Corpse Explosion+1","Dagger Throw","Backstab","After Image+1","Backflip","Backstab","Neutralize","Blade Dance","Well Laid Plans","Infinite Blades+1","Doppelganger+1","Noxious Fumes","Dagger Throw","Poisoned Stab+1","Tools of the Trade","Blur","Prepared+1"],"relics":["Ring of the Snake","War Paint","Empty Cage","Question Card","Paper Crane"],"potions_floor_usage":[5,16,16,22,22,25,30],"damage_taken":[{"damage":1,"enemies":"Cultist","floor":1,"turns":5},{"damage":4,"enemies":"Jaw Worm","floor":2,"turns":4},{"damage":0,"enemies":"2 Louse","floor":3,"turns":2},{"damage":5,"enemies":"2 Fungi Beasts","floor":4,"turns":2},{"damage":0,"enemies":"Large Slime","floor":5,"turns":3},{"damage":3,"enemies":"Red Slaver","floor":6,"turns":3},{"damage":4,"enemies":"Exordium Wildlife","floor":11,"turns":4},{"damage":0,"enemies":"2 Fungi Beasts","floor":14,"turns":3},{"damage":4,"enemies":"The Guardian","floor":16,"turns":9},{"damage":2,"enemies":"Chosen","floor":18,"turns":5},{"damage":12,"enemies":"2 Thieves","floor":21,"turns":3},{"damage":0,"enemies":"Cultist and Chosen","floor":22,"turns":5},{"damage":25,"enemies":"Book of Stabbing","floor":23,"turns":7},{"damage":27,"enemies":"Slavers","floor":25,"turns":4},{"damage":6,"enemies":"Snake Plant","floor":27,"turns":4},{"damage":10,"enemies":"Centurion and Healer","floor":28,"turns":5},{"damage":13,"enemies":"Gremlin Leader","floor":30,"turns":4}],"seed_played":"-7334923235289321627","potions_obtained":[{"floor":1,"key":"FearPotion"},{"floor":5,"key":"SpeedPotion"},{"floor":11,"key":"Regen Potion"},{"floor":14,"key":"Weak Potion"},{"floor":16,"key":"Ancient Potion"},{"floor":23,"key":"Block Potion"},{"floor":25,"key":"SteroidPotion"},{"floor":28,"key":"SteroidPotion"}],"is_trial":false,"path_per_floor":["M","M","M","M","M","M","$","?","T","R","M","R","$","M","R","B",null,"M","$","?","M","M","E","R","E","T","M","M","$","E"],"character_chosen":"THE_SILENT","items_purchased":["Backstab","Well Laid Plans","Noxious Fumes"],"campfire_rested":1,"item_purchase_floors":[7,13,19],"current_hp_per_floor":[62,58,58,53,53,50,50,50,50,50,46,46,46,46,46,42,63,61,61,61,49,63,38,56,29,29,23,13,13,0],"gold":47,"neow_bonus":"THREE_RARE_CARDS","is_prod":false,"is_daily":false,"chose_seed":false,"campfire_upgraded":3,"win_rate":0,"timestamp":1565925522,"path_taken":["M","M","M","?","M","M","$","?","T","R","M","R","?","M","R","BOSS","M","$","?","M","?","E","R","E","T","?","M","$","E"],"build_version":"2019-07-17","purchased_purges":3,"victory":false,"max_hp_per_floor":[63,63,63,63,63,63,63,63,63,63,63,63,63,63,63,63,63,63,63,63,63,63,63,63,63,63,63,63,63,63],"card_choices":[{"not_picked":["Unload","Glass Knife"],"picked":"Corpse Explosion","floor":0},{"not_picked":["Riddle With Holes","Flechettes","PiercingWail"],"picked":"SKIP","floor":1},{"not_picked":["Quick Slash","Slice"],"picked":"Dagger Throw","floor":2},{"not_picked":["Crippling Poison","Deflect"],"picked":"Backstab","floor":3},{"not_picked":["Endless Agony","Dodge and Roll"],"picked":"After Image","floor":4},{"not_picked":["Acrobatics","Deadly Poison","Dagger Spray"],"picked":"SKIP","floor":5},{"not_picked":["Slice","Deflect"],"picked":"Backflip","floor":6},{"not_picked":["Deadly Poison","Deflect"],"picked":"Blade Dance","floor":11},{"not_picked":["Deflect","Poisoned Stab"],"picked":"Infinite Blades","floor":14},{"not_picked":["Glass Knife","Tools of the Trade"],"picked":"Doppelganger","floor":16},{"not_picked":["Underhanded Strike","Well Laid Plans+1","Dash+1"],"picked":"SKIP","floor":18},{"not_picked":["Deadly Poison","Well Laid Plans"],"picked":"Dagger Throw","floor":21},{"not_picked":["Reflex","PiercingWail+1"],"picked":"Poisoned Stab+1","floor":22},{"not_picked":["Leg Sweep","Unload"],"picked":"Tools of the Trade","floor":23},{"not_picked":["Night Terror","Heel Hook","Footwork","Endless Agony"],"picked":"SKIP","floor":25},{"not_picked":["Dagger Throw","Acrobatics+1","Well Laid Plans"],"picked":"Blur","floor":27},{"not_picked":["Caltrops","Poisoned Stab","Deflect"],"picked":"Prepared+1","floor":28}],"player_experience":111683,"relics_obtained":[{"floor":9,"key":"War Paint"},{"floor":23,"key":"Question Card"},{"floor":25,"key":"Paper Crane"}],"event_choices":[{"damage_healed":0,"gold_gain":0,"player_choice":"1 cards matched","damage_taken":0,"max_hp_gain":0,"max_hp_loss":0,"event_name":"Match and Keep!","floor":8,"gold_loss":0,"cards_obtained":["Neutralize"]},{"damage_healed":0,"gold_gain":0,"player_choice":"Forge","damage_taken":0,"max_hp_gain":0,"max_hp_loss":0,"event_name":"Accursed Blacksmith","floor":20,"gold_loss":0,"cards_upgraded":["Doppelganger"]}],"is_beta":false,"boss_relics":[{"not_picked":["Velvet Choker","White Beast Statue"],"picked":"Empty Cage"}],"items_purged_floors":[7,19,29],"is_endless":false,"potions_floor_spawned":[1,5,11,14,16,23,25,28],"killed_by":"Gremlin Leader","ascension_level":2}