{"gold_per_floor":[111,123,123,123,137,137,156,156,205,8,8,43,66,107,107,237,237,251,271,3,3,3,3,67,67,141,141,164,164,164],"floor_reached":30,"playtime":1806,"items_purged":["Strike_B"],"score":246,"play_id":"42749a77-004a-4487-a406-dc1702321506","local_time":"20190818012443","is_ascension_mode":false,"campfire_choices":[{"data":"Fusion","floor":6,"key":"SMITH"},{"data":"Deep Breath","floor":8,"key":"SMITH"},{"data":"Tempest","floor":11,"key":"SMITH"},{"data":"Rainbow","floor":15,"key":"SMITH"},{"data":"Echo Form","floor":23,"key":"SMITH"},{"floor":27,"key":"REST"},{"data":"Mayhem","floor":29,"key":"SMITH"}],"neow_cost":"NONE","seed_source_timestamp":134643537978745,"circlet_count":0,"master_deck":["Strike_B","Strike_B","Defend_B","Defend_B","Defend_B","Zap","Dualcast","Fusion+1","Deep Breath+1","Tempest+1","Conserve Battery","Reinforced Body","Rainbow+1","Tempest","Echo Form+1","Skim","Mayhem+1","Blizzard","Chaos","White Noise"],"relics":["Cracked Core","NeowsBlessing","Golden Idol","Happy Flower","Odd Mushroom","Bronze Scales","Inserter","Tiny Chest","Sundial","Bottled Tornado"],"potions_floor_usage":[12,12,12,13,18,19,28,30],"damage_taken":[{"damage":0,"enemies":"2 Louse","floor":1,"turns":1},{"damage":0,"enemies":"Cultist","floor":2,"turns":1},{"damage":0,"enemies":"Small Slimes","floor":5,"turns":1},{"damage":16,"enemies":"Exordium Thugs","floor":7,"turns":4},{"damage":0,"enemies":"The Mushroom Lair","floor":12,"turns":2},{"damage":0,"enemies":"Large Slime","floor":13,"turns":4},{"damage":19,"enemies":"Gremlin Nob","floor":14,"turns":4},{"damage":38,"enemies":"Hexaghost","floor":16,"turns":9},{"damage":1,"enemies":"3 Byrds","floor":18,"turns":4},{"damage":9,"enemies":"Chosen","floor":19,"turns":6},{"damage":50,"enemies":"Slavers","floor":24,"turns":6},{"damage":14,"enemies":"Snake Plant","floor":28,"turns":5},{"damage":30,"enemies":"3 Cultists","floor":30,"turns":4}],"seed_played":"7414650854196715983","potions_obtained":[{"floor":5,"key":"Explosive Potion"},{"floor":7,"key":"AttackPotion"},{"floor":12,"key":"Fruit Juice"},{"floor":16,"key":"Dexterity Potion"},{"floor":18,"key":"AttackPotion"},{"floor":24,"key":"SkillPotion"},{"floor":28,"key":"Swift Potion"}],"is_trial":false,"path_per_floor":["M","M","?","?","M","R","M","R","T","$","R","?","M","E","R","B",null,"M","M","$","?","?","R","E","T","T","R","M","R","M"],"character_chosen":"DEFECT","items_purchased":["Happy Flower","Swift Potion","Mayhem"],"campfire_rested":1,"item_purchase_floors":[10,10,20],"current_hp_per_floor":[75,75,69,69,69,69,53,53,53,53,53,53,58,39,39,1,74,73,64,64,64,64,64,14,14,14,36,22,22,0],"gold":164,"neow_bonus":"THREE_ENEMY_KILL","is_prod":false,"is_daily":false,"chose_seed":false,"campfire_upgraded":6,"win_rate":0,"timestamp":1566116683,"path_taken":["M","M","?","?","?","R","M","R","T","$","R","?","M","E","R","BOSS","M","M","$","?","?","R","E","?","T","R","M","R","M"],"build_version":"2019-07-17","purchased_purges":1,"victory":false,"max_hp_per_floor":[75,75,69,69,69,69,69,69,69,69,69,69,74,74,74,74,74,74,74,74,74,74,74,74,74,74,74,74,74,74],"card_choices":[{"not_picked":["Stack","Loop","Leap"],"picked":"SKIP","floor":1},{"not_picked":["Cold Snap","Sunder","Streamline"],"picked":"SKIP","floor":2},{"not_picked":["Go for the Eyes","Defragment"],"picked":"Tempest","floor":5},{"not_picked":["Stack","Coolheaded"],"picked":"Conserve Battery","floor":7},{"not_picked":["Coolheaded","Gash"],"picked":"Reinforced Body","floor":12},{"not_picked":["Barrage","Compile Driver"],"picked":"Rainbow","floor":13},{"not_picked":["Aggregate","Beam Cell"],"picked":"Tempest","floor":14},{"not_picked":["Thunder Strike","Core Surge"],"picked":"Echo Form","floor":16},{"not_picked":["Rip and Tear","Loop","Chaos"],"picked":"SKIP","floor":18},{"not_picked":["Cold Snap","Fusion"],"picked":"Skim","floor":19},{"not_picked":["Skim","Undo+1","Steam Power+1"],"picked":"SKIP","floor":24},{"not_picked":["Leap","Coolheaded"],"picked":"White Noise","floor":28}],"player_experience":151052,"relics_obtained":[{"floor":12,"key":"Odd Mushroom"},{"floor":14,"key":"Bronze Scales"},{"floor":24,"key":"Tiny Chest"},{"floor":25,"key":"Sundial"},{"floor":26,"key":"Bottled Tornado"}],"event_choices":[{"damage_healed":0,"gold_gain":0,"player_choice":"Lose Max HP","damage_taken":0,"relics_obtained":["Golden Idol"],"max_hp_gain":0,"max_hp_loss":6,"event_name":"Golden Idol","floor":3,"gold_loss":0},{"damage_healed":0,"gold_gain":0,"player_choice":"2 cards matched","damage_taken":0,"max_hp_gain":0,"max_hp_loss":0,"event_name":"Match and Keep!","floor":4,"gold_loss":0,"cards_obtained":["Fusion","Deep Breath"]},{"damage_healed":0,"gold_gain":0,"player_choice":"Fought Mushrooms","damage_taken":0,"max_hp_gain":0,"max_hp_loss":0,"event_name":"Mushrooms","floor":12,"gold_loss":0},{"damage_healed":0,"gold_gain":0,"cards_transformed":["Defend_B","Strike_B"],"player_choice":"Became Test Subject","damage_taken":0,"max_hp_gain":0,"max_hp_loss":0,"event_name":"Drug Dealer","floor":21,"gold_loss":0,"cards_obtained":["Blizzard","Chaos"]}],"is_beta":false,"boss_relics":[{"not_picked":["Cursed Key","Runic Pyramid"],"picked":"Inserter"}],"items_purged_floors":[20],"is_endless":false,"potions_floor_spawned":[5,7,12,16,18,24,28],"killed_by":"3 Cultists","ascension_level":0}