{"gold_per_floor":[113,133,133,144,159,159,185,185,209,209,209,209,234,234,234,234],"floor_reached":16,"playtime":576,"items_purged":[],"score":113,"play_id":"232eff0c-9f4b-40bc-baeb-a9be429f835d","local_time":"20190628221520","is_ascension_mode":true,"campfire_choices":[{"floor":6,"key":"RECALL"},{"data":"Blade Dance","floor":8,"key":"SMITH"},{"data":"Blade Dance","floor":11,"key":"SMITH"},{"floor":15,"key":"REST"}],"neow_cost":"NONE","seed_source_timestamp":217761920244900,"circlet_count":0,"master_deck":["Defend_G","Defend_G","Defend_G","Defend_G","Defend_G","Strike_G","Strike_G","Strike_G+1","Strike_G","Strike_G+1","Survivor","Neutralize","Blade Dance+1","Blade Dance+1","Finisher","Backstab","Prepared","Blade Dance"],"relics":["Ring of the Snake","Whetstone","Juzu Bracelet","Regal Pillow","Ninja Scroll"],"potions_floor_usage":[13,16],"damage_taken":[{"damage":1,"enemies":"Cultist","floor":1,"turns":4},{"damage":0,"enemies":"2 Louse","floor":2,"turns":3},{"damage":3,"enemies":"Jaw Worm","floor":4,"turns":3},{"damage":14,"enemies":"Blue Slaver","floor":5,"turns":4},{"damage":22,"enemies":"3 Sentries","floor":7,"turns":8},{"damage":11,"enemies":"Lagavulin","floor":13,"turns":5},{"damage":65,"enemies":"The Guardian","floor":16,"turns":10}],"seed_played":"-5989193806027266334","potions_obtained":[{"floor":1,"key":"Ancient Potion"},{"floor":7,"key":"SteroidPotion"},{"floor":13,"key":"Dexterity Potion"}],"is_trial":false,"path_per_floor":["M","M","?","M","M","R","E","R","T","$","R","?","E","T","R","B"],"character_chosen":"THE_SILENT","items_purchased":[],"campfire_rested":1,"item_purchase_floors":[],"current_hp_per_floor":[76,76,76,73,59,59,37,37,37,37,37,37,26,26,64,0],"gold":234,"neow_bonus":"TEN_PERCENT_HP_BONUS","is_prod":false,"is_daily":false,"chose_seed":false,"campfire_upgraded":2,"win_rate":0,"timestamp":1561727720,"path_taken":["M","?","?","M","M","R","E","R","T","$","R","?","E","?","R","BOSS"],"build_version":"2019-01-23","purchased_purges":0,"victory":false,"max_hp_per_floor":[77,77,77,77,77,77,77,77,77,77,77,77,77,77,77,77],"card_choices":[{"not_picked":["Choke","Riddle With Holes"],"picked":"Blade Dance","floor":1},{"not_picked":["Cloak And Dagger","Dodge and Roll"],"picked":"Blade Dance","floor":2},{"not_picked":["Slice","Dagger Spray"],"picked":"Finisher","floor":4},{"not_picked":["All Out Attack","Skewer"],"picked":"Backstab","floor":5},{"not_picked":["Underhanded Strike","Acrobatics"],"picked":"Prepared","floor":7},{"not_picked":["Dagger Spray","Deadly Poison"],"picked":"Blade Dance","floor":13}],"player_experience":24127,"relics_obtained":[{"floor":7,"key":"Whetstone"},{"floor":9,"key":"Juzu Bracelet"},{"floor":13,"key":"Regal Pillow"},{"floor":14,"key":"Ninja Scroll"}],"event_choices":[{"damage_healed":0,"gold_gain":0,"player_choice":"Ignored","damage_taken":0,"max_hp_gain":0,"max_hp_loss":0,"event_name":"Golden Wing","floor":3,"gold_loss":0},{"damage_healed":0,"gold_gain":0,"player_choice":"Leave","damage_taken":0,"max_hp_gain":0,"max_hp_loss":0,"event_name":"The Cleric","floor":12,"gold_loss":0}],"is_beta":false,"boss_relics":[],"items_purged_floors":[],"is_endless":false,"potions_floor_spawned":[1,7,13],"killed_by":"The Guardian","ascension_level":1}