{"path_per_floor":["M","M","T","?","M","R","?","R","T","?","E","$","E","$","R"],"character_chosen":"IRONCLAD","items_purchased":["Clothesline","Weak Potion"],"gold_per_floor":[117,133,133,133,143,143,143,143,143,143,176,3,43,43,43,43],"floor_reached":16,"campfire_rested":1,"playtime":1024,"item_purchase_floors":[],"current_hp_per_floor":[73,68,68,57,63,63,63,63,63,37,22,22,12,12,34,0],"items_purged":["Strike_R"],"gold":43,"score":186,"play_id":"ecaf69c9-7d06-4393-a8cb-ff69f2db912f","local_time":"20180529013252","is_prod":false,"is_daily":false,"chose_seed":false,"is_ascension_mode":true,"campfire_upgraded":2,"win_rate":0,"timestamp":1527553972,"campfire_choices":[{"data":"True Grit","floor":6.0,"key":"SMITH"},{"data":"Disarm","floor":8.0,"key":"SMITH"},{"floor":15.0,"key":"REST"}],"path_taken":["M","M","?","?","M","R","?","R","T","?","E","$","E","$","R","BOSS"],"build_version":"2018-05-27","seed_source_timestamp":0,"purchased_purges":1,"victory":false,"master_deck":["Strike_R","Strike_R+1","Strike_R","Strike_R+1","Defend_R","Defend_R","Defend_R","Defend_R","Bash","AscendersBane","Hemokinesis","Disarm+1","True Grit+1","Rampage","Clothesline","Power Through"],"max_hp_per_floor":[75,75,75,75,75,75,75,75,75,75,75,75,75,75,75,75],"relics":["Burning Blood","Whetstone","Kunai","Bag of Marbles","Ornamental Fan","Golden Idol","Prayer Wheel","Lantern"],"card_choices":[{"not_picked":["Sword Boomerang","Sever Soul"],"picked":"Hemokinesis","floor":1.0},{"not_picked":["Shrug It Off","Heavy Blade"],"picked":"Disarm","floor":2.0},{"not_picked":["Clothesline","Flex"],"picked":"True Grit","floor":5.0},{"not_picked":["Sword Boomerang","Corruption"],"picked":"Rampage","floor":11.0},{"not_picked":["Wild Strike","Perfected Strike"],"picked":"Power Through","floor":13.0}],"player_experience":644080,"potions_floor_usage":[16],"damage_taken":[{"damage":1.0,"enemies":"Cultist","floor":1.0,"turns":3.0},{"damage":11.0,"enemies":"Jaw Worm","floor":2.0,"turns":5.0},{"damage":0.0,"enemies":"2 Louse","floor":5.0,"turns":3.0},{"damage":21.0,"enemies":"Lagavulin","floor":11.0,"turns":10.0},{"damage":16.0,"enemies":"3 Sentries","floor":13.0,"turns":11.0},{"damage":36,"enemies":"Hexaghost","floor":16,"turns":11}],"relics_obtained":[{"floor":3.0,"key":"Kunai"},{"floor":9.0,"key":"Ornamental Fan"},{"floor":11.0,"key":"Prayer Wheel"},{"floor":13.0,"key":"Lantern"}],"event_choices":[{"event_name":"Scrap Ooze","player_choice":"success","floor":4.0,"damage_taken":11.0},{"event_name":"The Lab","player_choice":"Got Potions","floor":7.0,"damage_taken":0.0},{"event_name":"Golden Idol","player_choice":"Take Damage","floor":10.0,"damage_taken":0.0}],"boss_relics":[],"items_purged_floors":[],"potions_floor_spawned":[1,5],"seed_played":"-5773092056628888693","killed_by":"Hexaghost","ascension_level":15,"potions_obtained":[{"floor":1.0,"key":"SpeedPotion"},{"floor":5.0,"key":"AttackPotion"},{"floor":7.0,"key":"EssenceOfSteel"}],"is_trial":false}