{"gold_per_floor":[119,138,63,63,63,106,106,122,122,122,141,141,172,191,191,287,287,308,324,324,324,42,42,78,78,153,194,218,218,258,272,272,361,361,384,384,20,40,40,40,84,84,111,111,125,141,160,493,493,493,493,493,493,3,37,37],"floor_reached":57,"playtime":3503,"items_purged":["Strike_G","Writhe","Grand Finale","Phantasmal Killer"],"score":3050,"play_id":"151f1b11-fda2-4417-9abc-c30c5da8e77c","local_time":"20190206030311","is_ascension_mode":true,"campfire_choices":[{"data":"Glass Knife","floor":7.0,"key":"SMITH"},{"data":"Neutralize","floor":10.0,"key":"SMITH"},{"data":"Dagger Throw","floor":12.0,"key":"SMITH"},{"data":"Noxious Fumes","floor":15.0,"key":"SMITH"},{"data":"Well Laid Plans","floor":23.0,"key":"SMITH"},{"data":"Corpse Explosion","floor":25.0,"key":"SMITH"},{"data":"Footwork","floor":29.0,"key":"SMITH"},{"data":"Crippling Poison","floor":32.0,"key":"SMITH"},{"floor":40.0,"key":"RECALL"},{"data":"Catalyst","floor":42,"key":"SMITH"},{"floor":44,"key":"REST"},{"floor":49,"key":"REST"},{"data":"Burst","floor":53,"key":"SMITH"}],"neow_cost":"NONE","seed_source_timestamp":0,"circlet_count":0,"master_deck":["AscendersBane","Survivor","Neutralize+1","PiercingWail","Glass Knife+1","Well Laid Plans+1","Dagger Throw+1","Noxious Fumes+1","Backflip","Corpse Explosion+1","PiercingWail","Dodge and Roll","Footwork+1","Dodge and Roll","Crippling Poison+1","Catalyst+1","Envenom+1","Die Die Die","Burst+1","Dash","A Thousand Cuts+1","Calculated Gamble","PiercingWail","Blur+1","Wraith Form v2+1","Noxious Fumes+1","Well Laid Plans+1"],"special_seed":0,"relics":["Ring of the Snake","NeowsBlessing","CultistMask","Paper Crane","Sundial","Gambling Chip","Philosopher\u0027s Stone","PreservedInsect","Oddly Smooth Stone","Shuriken","The Courier","Dodecahedron","Frozen Egg 2","Pandora\u0027s Box","Anchor","Happy Flower","Pantograph","Dead Branch","Torii"],"potions_floor_usage":[56,56],"damage_taken":[{"damage":0.0,"enemies":"Cultist","floor":1.0,"turns":1.0},{"damage":0.0,"enemies":"2 Louse","floor":2.0,"turns":1.0},{"damage":0.0,"enemies":"3 Sentries","floor":6.0,"turns":2.0},{"damage":0.0,"enemies":"Jaw Worm","floor":8.0,"turns":3.0},{"damage":2.0,"enemies":"Large Slime","floor":11.0,"turns":8.0},{"damage":2.0,"enemies":"Gremlin Nob","floor":13.0,"turns":4.0},{"damage":0.0,"enemies":"Exordium Thugs","floor":14.0,"turns":4.0},{"damage":31.0,"enemies":"Slime Boss","floor":16.0,"turns":11.0},{"damage":2.0,"enemies":"Chosen","floor":18.0,"turns":5.0},{"damage":7.0,"enemies":"Shell Parasite","floor":19.0,"turns":6.0},{"damage":0.0,"enemies":"Gremlin Leader","floor":24.0,"turns":5.0},{"damage":0.0,"enemies":"Slavers","floor":27.0,"turns":1.0},{"damage":0.0,"enemies":"Snake Plant","floor":28.0,"turns":4.0},{"damage":6.0,"enemies":"Book of Stabbing","floor":30.0,"turns":5.0},{"damage":0.0,"enemies":"Centurion and Healer","floor":31.0,"turns":4.0},{"damage":0.0,"enemies":"Collector","floor":33.0,"turns":8.0},{"damage":0.0,"enemies":"Orb Walker","floor":35.0,"turns":4.0},{"damage":15.0,"enemies":"3 Darklings","floor":38.0,"turns":4.0},{"damage":0.0,"enemies":"Jaw Worm Horde","floor":39.0,"turns":2.0},{"damage":19,"enemies":"Reptomancer","floor":41,"turns":7},{"damage":7,"enemies":"Sphere and 2 Shapes","floor":45,"turns":4},{"damage":0,"enemies":"3 Darklings","floor":46,"turns":3},{"damage":12,"enemies":"Spire Growth","floor":47,"turns":6},{"damage":0,"enemies":"Time Eater","floor":50,"turns":7},{"damage":15,"enemies":"Donu and Deca","floor":51,"turns":6},{"damage":18,"enemies":"Shield and Spear","floor":55,"turns":6},{"damage":43,"enemies":"The Heart","floor":56,"turns":10}],"seed_played":"4623618256635013272","potions_obtained":[{"floor":1.0,"key":"Ancient Potion"},{"floor":6.0,"key":"EssenceOfSteel"},{"floor":13.0,"key":"Block Potion"},{"floor":18.0,"key":"Swift Potion"},{"floor":24.0,"key":"Block Potion"},{"floor":27.0,"key":"GhostInAJar"},{"floor":31.0,"key":"Regen Potion"},{"floor":38.0,"key":"SmokeBomb"},{"floor":41,"key":"Strength Potion"}],"is_trial":false,"path_per_floor":["M","M","$","?","?","E","R","M","T","R","M","R","E","M","R","B",null,"M","M","?","?","$","R","E","R","T","E","M","R","E","M","R","B",null,"M","?","$","M","M","R","E","R","T","R","M","M","M","?","R","B","B",null,"R","$","E","B",null],"character_chosen":"THE_SILENT","items_purchased":["Oddly Smooth Stone","Dodge and Roll","Anchor","Happy Flower","Dead Branch","Noxious Fumes+1","Well Laid Plans+1"],"campfire_rested":2,"item_purchase_floors":[22,22,37,37,54,54,54],"current_hp_per_floor":[59,59,59,59,59,59,59,59,59,59,57,57,55,55,55,24,51,49,42,42,42,42,42,42,42,42,42,42,42,36,36,36,51,58,58,58,58,43,43,43,24,24,24,42,35,35,23,23,41,60,45,56,56,56,38,17],"gold":37,"neow_bonus":"THREE_ENEMY_KILL","is_prod":false,"is_daily":false,"chose_seed":false,"campfire_upgraded":10,"win_rate":0,"timestamp":1549422191,"path_taken":["M","M","$","?","?","E","R","?","T","R","?","R","E","M","R","BOSS","M","?","?","?","$","R","E","R","T","E","M","R","E","M","R","BOSS","M","?","$","M","M","R","E","R","T","R","M","M","M","?","R","BOSS","BOSS","R","$","E","BOSS"],"build_version":"2019-01-23","purchased_purges":4,"victory":true,"max_hp_per_floor":[66,66,66,60,60,60,60,60,60,60,60,60,60,60,60,60,60,60,60,60,60,60,60,60,60,60,60,60,60,60,60,60,60,60,60,60,60,60,60,60,60,60,60,60,60,60,60,60,60,60,60,60,60,60,60,60],"card_choices":[{"not_picked":["Reflex","Acrobatics","Blade Dance"],"picked":"SKIP","floor":1.0},{"not_picked":["Slice","Expertise"],"picked":"PiercingWail","floor":2.0},{"not_picked":["Slice","Backflip"],"picked":"Glass Knife","floor":6.0},{"not_picked":["Poisoned Stab","Outmaneuver"],"picked":"Well Laid Plans","floor":8.0},{"not_picked":["Skewer","Leg Sweep"],"picked":"Dagger Throw","floor":11.0},{"not_picked":["Flechettes","Flying Knee"],"picked":"Noxious Fumes","floor":13.0},{"not_picked":["Slice","Heel Hook"],"picked":"Backflip","floor":14.0},{"not_picked":["Glass Knife","Grand Finale"],"picked":"Corpse Explosion","floor":16.0},{"not_picked":["Distraction","Prepared","Dagger Throw"],"picked":"SKIP","floor":18.0},{"not_picked":["Masterful Stab","Quick Slash","Cloak And Dagger"],"picked":"SKIP","floor":19.0},{"not_picked":["Dash","Bane","Acrobatics"],"picked":"SKIP","floor":24.0},{"not_picked":["Poisoned Stab+1","Backflip"],"picked":"Footwork","floor":27.0},{"not_picked":["Slice","Blade Dance","Unload"],"picked":"SKIP","floor":28.0},{"not_picked":["Dash","Underhanded Strike"],"picked":"Dodge and Roll","floor":30.0},{"not_picked":["Finisher","Backflip"],"picked":"Crippling Poison","floor":31.0},{"not_picked":["Distraction+1","Poisoned Stab","Backstab"],"picked":"SKIP","floor":35.0},{"not_picked":["Endless Agony","Dagger Throw"],"picked":"PiercingWail","floor":38.0},{"not_picked":["Sucker Punch","Endless Agony","PiercingWail"],"picked":"SKIP","floor":41},{"not_picked":["Outmaneuver","Deadly Poison+1","All Out Attack+1"],"picked":"SKIP","floor":45},{"not_picked":["Deflect","Slice+1"],"picked":"Blur+1","floor":46},{"not_picked":["Cloak And Dagger+1","Acrobatics"],"picked":"Wraith Form v2+1","floor":47},{"not_picked":["Bane+1","All Out Attack","Quick Slash"],"picked":"SKIP","floor":55}],"player_experience":1829593,"relics_obtained":[{"floor":6.0,"key":"Paper Crane"},{"floor":9.0,"key":"Sundial"},{"floor":13.0,"key":"Gambling Chip"},{"floor":24.0,"key":"Shuriken"},{"floor":26.0,"key":"The Courier"},{"floor":27.0,"key":"Dodecahedron"},{"floor":30.0,"key":"Frozen Egg 2"},{"floor":41,"key":"Pantograph"},{"floor":55,"key":"Torii"}],"event_choices":[{"damage_healed":0.0,"max_hp_gain":0.0,"max_hp_loss":6.0,"gold_gain":0.0,"event_name":"Golden Idol","player_choice":"Lose Max HP","floor":4.0,"gold_loss":0.0,"damage_taken":0.0,"relics_obtained":["Golden Idol"]},{"damage_healed":0.0,"max_hp_gain":0.0,"max_hp_loss":0.0,"gold_gain":0.0,"event_name":"FaceTrader","player_choice":"Trade","floor":5.0,"gold_loss":0.0,"damage_taken":0.0,"relics_obtained":["CultistMask"]},{"damage_healed":0.0,"max_hp_gain":0.0,"max_hp_loss":0.0,"gold_gain":0.0,"event_name":"The Library","player_choice":"Read","floor":20.0,"gold_loss":0.0,"damage_taken":0.0,"cards_obtained":["PiercingWail"]},{"damage_healed":0.0,"max_hp_gain":0.0,"max_hp_loss":0.0,"gold_gain":0.0,"event_name":"The Mausoleum","player_choice":"Opened","floor":21.0,"gold_loss":0.0,"damage_taken":0.0,"relics_obtained":["PreservedInsect"],"cards_obtained":["Writhe"]},{"damage_healed":0.0,"max_hp_gain":0.0,"max_hp_loss":0.0,"gold_gain":0.0,"event_name":"Tomb of Lord Red Mask","player_choice":"Ignored","floor":36.0,"gold_loss":0.0,"damage_taken":0.0},{"damage_healed":0,"gold_gain":333,"player_choice":"Gave Idol","damage_taken":0,"max_hp_gain":0,"max_hp_loss":0,"event_name":"The Moai Head","floor":48,"relics_lost":["Golden Idol"],"gold_loss":0}],"is_beta":true,"boss_relics":[{"not_picked":["Runic Pyramid","HoveringKite"],"picked":"Philosopher\u0027s Stone"},{"not_picked":["Velvet Choker","Cursed Key"],"picked":"Pandora\u0027s Box"}],"items_purged_floors":[3,22,37,54],"is_endless":false,"potions_floor_spawned":[1,6,13,14,18,24,27,31,38,41,45,46,55],"ascension_level":20}