{"gold_per_floor":[116,131,131,149,149,177,30,30,55,55,10,10,36,50,50,145,145,157,157,176,101,117,148,165,200,200,200,160,175,175,192,192,296,296,309,309,357,369,385,419,419,419,419,419,448,156,156,189,189,189],"floor_reached":50,"playtime":4943,"items_purged":["Strike_B","Strike_B+1"],"score":656,"play_id":"f82e1988-ca92-4e9c-af95-070612cd924d","local_time":"20190815233116","is_ascension_mode":true,"campfire_choices":[{"data":"Leap","floor":8.0,"key":"SMITH"},{"floor":10.0,"key":"REST"},{"data":"Hello World","floor":15.0,"key":"SMITH"},{"floor":30.0,"key":"REST"},{"data":"Electrodynamics","floor":32.0,"key":"SMITH"},{"data":"Machine Learning","floor":42.0,"key":"SMITH"},{"floor":44.0,"key":"RECALL"},{"floor":47.0,"key":"REST"},{"data":"Defragment","floor":49.0,"key":"SMITH"}],"neow_cost":"NONE","seed_source_timestamp":0,"circlet_count":0,"master_deck":["Strike_B+1","Defend_B+1","Defend_B+1","Defend_B+1","Zap+1","Dualcast","Ball Lightning+1","Doom and Gloom+1","Go for the Eyes+1","Leap+1","Steam","Hello World+1","Steam","Electrodynamics+1","Gash","Sunder","Cold Snap+1","Gash+1","Auto Shields+1","Coolheaded","Self Repair","Undo+1","All For One","Loop+1","Conserve Battery","Gash","Stack+1","Machine Learning+1","Gash+1","Force Field","Defragment","Melter+1","Enlightenment","Defragment+1"],"special_seed":0,"relics":["Cracked Core","Whetstone","Omamori","Letter Opener","Black Star","Anchor","Regal Pillow","Orichalcum","Nunchaku","Kunai","Runic Pyramid","Prayer Wheel","Strawberry","Ornamental Fan","Pantograph","Pocketwatch","Molten Egg 2","Juzu Bracelet","Sundial"],"potions_floor_usage":[],"damage_taken":[{"damage":1.0,"enemies":"Jaw Worm","floor":1.0,"turns":4.0},{"damage":4.0,"enemies":"Small Slimes","floor":2.0,"turns":3.0},{"damage":0.0,"enemies":"Cultist","floor":4.0,"turns":2.0},{"damage":13.0,"enemies":"Gremlin Nob","floor":6.0,"turns":3.0},{"damage":4.0,"enemies":"Lagavulin","floor":13.0,"turns":6.0},{"damage":2.0,"enemies":"Blue Slaver","floor":14.0,"turns":3.0},{"damage":4.0,"enemies":"Slime Boss","floor":16.0,"turns":8.0},{"damage":2.0,"enemies":"Shell Parasite","floor":18.0,"turns":5.0},{"damage":9.0,"enemies":"2 Thieves","floor":20.0,"turns":4.0},{"damage":12.0,"enemies":"3 Cultists","floor":22.0,"turns":3.0},{"damage":0.0,"enemies":"Gremlin Leader","floor":23.0,"turns":5.0},{"damage":0.0,"enemies":"Chosen and Byrds","floor":24.0,"turns":4.0},{"damage":37.0,"enemies":"Book of Stabbing","floor":25.0,"turns":7.0},{"damage":2.0,"enemies":"Centurion and Healer","floor":29.0,"turns":7.0},{"damage":13.0,"enemies":"Snake Plant","floor":31.0,"turns":4.0},{"damage":49.0,"enemies":"Automaton","floor":33.0,"turns":9.0},{"damage":1.0,"enemies":"3 Darklings","floor":35.0,"turns":5.0},{"damage":27.0,"enemies":"2 Orb Walkers","floor":37.0,"turns":5.0},{"damage":0.0,"enemies":"3 Shapes","floor":38.0,"turns":3.0},{"damage":6.0,"enemies":"Jaw Worm Horde","floor":39.0,"turns":4.0},{"damage":11.0,"enemies":"Nemesis","floor":40.0,"turns":9.0},{"damage":62.0,"enemies":"Giant Head","floor":45.0,"turns":12.0},{"damage":9.0,"enemies":"Nemesis","floor":48.0,"turns":9.0},{"damage":94,"enemies":"Awakened One","floor":50,"turns":8}],"seed_played":"-5312901104161317254","potions_obtained":[{"floor":6.0,"key":"PowerPotion"},{"floor":13.0,"key":"Ancient Potion"},{"floor":14.0,"key":"Regen Potion"},{"floor":16.0,"key":"FearPotion"},{"floor":24.0,"key":"LiquidBronze"},{"floor":29.0,"key":"FearPotion"},{"floor":35.0,"key":"Explosive Potion"},{"floor":37.0,"key":"Weak Potion"},{"floor":38.0,"key":"EssenceOfSteel"},{"floor":40.0,"key":"Regen Potion"}],"is_trial":false,"path_per_floor":["M","M","?","M","?","E","$","R","T","R","$","?","E","M","R","B",null,"M","?","M","?","M","E","M","E","T","T","$","M","R","M","R","B",null,"M","?","?","M","M","E","?","R","T","R","E","$","R","E","R","B"],"character_chosen":"DEFECT","items_purchased":["Skim","Steam","Self Repair","Defragment","Melter+1","Enlightenment"],"campfire_rested":3,"item_purchase_floors":[7,11,28,46,46,46],"current_hp_per_floor":[81,77,77,77,61,48,48,48,48,72,72,65,61,59,59,55,82,80,80,71,71,59,59,59,34,34,34,34,39,78,65,65,16,82,81,81,61,68,69,72,72,72,72,72,32,32,72,63,63,0],"gold":189,"neow_bonus":"TEN_PERCENT_HP_BONUS","is_prod":false,"is_daily":false,"chose_seed":false,"campfire_upgraded":5,"win_rate":0,"timestamp":1565937076,"path_taken":["M","M","?","M","?","E","$","R","T","R","$","?","E","?","R","BOSS","M","?","M","?","M","E","M","E","T","?","$","M","R","?","R","BOSS","M","?","?","M","?","E","?","R","T","R","E","$","R","E","R","BOSS"],"build_version":"2019-07-17","purchased_purges":2,"victory":false,"max_hp_per_floor":[82,82,82,82,82,82,82,82,82,82,82,82,82,82,82,82,82,82,82,82,82,82,82,82,82,82,82,82,82,82,82,82,82,82,82,82,82,82,82,89,85,85,85,85,85,85,85,85,85,85],"card_choices":[{"not_picked":["Steam","Sweeping Beam"],"picked":"Ball Lightning","floor":1.0},{"not_picked":["Recycle","Rebound"],"picked":"Doom and Gloom","floor":2.0},{"not_picked":["Coolheaded","Leap"],"picked":"Go for the Eyes","floor":4.0},{"not_picked":["Ball Lightning","Redo"],"picked":"Leap","floor":6.0},{"not_picked":["Skim","Turbo"],"picked":"Hello World","floor":13.0},{"not_picked":["Streamline","Redo"],"picked":"Steam","floor":14.0},{"not_picked":["Reboot","Creative AI"],"picked":"Electrodynamics","floor":16.0},{"not_picked":["Sweeping Beam","Go for the Eyes"],"picked":"Gash","floor":18.0},{"not_picked":["Ball Lightning","Beam Cell+1"],"picked":"Sunder","floor":20.0},{"not_picked":["Hello World+1","Blizzard"],"picked":"Cold Snap+1","floor":22.0},{"not_picked":["Ball Lightning","BootSequence"],"picked":"Gash+1","floor":23.0},{"not_picked":["Sunder","Cold Snap"],"picked":"Auto Shields+1","floor":24.0},{"not_picked":["Heatsinks","Sweeping Beam+1"],"picked":"Coolheaded","floor":25.0},{"not_picked":["Barrage","Glacier+1"],"picked":"Undo+1","floor":29.0},{"not_picked":["Sweeping Beam","Amplify","Beam Cell"],"picked":"SKIP","floor":31.0},{"not_picked":["Machine Learning","Rainbow"],"picked":"All For One","floor":33.0},{"not_picked":["Conserve Battery","Blizzard"],"picked":"Loop+1","floor":35.0},{"not_picked":["Self Repair","Ball Lightning"],"picked":"Conserve Battery","floor":37.0},{"not_picked":["Darkness","Coolheaded+1"],"picked":"Gash","floor":38.0},{"not_picked":["Fusion+1","Rebound","Aggregate"],"picked":"SKIP","floor":38.0},{"not_picked":["Reprogram","Leap"],"picked":"Stack+1","floor":39.0},{"not_picked":["Coolheaded","Beam Cell"],"picked":"Machine Learning","floor":39.0},{"not_picked":["Coolheaded","Aggregate+1"],"picked":"Gash+1","floor":40.0},{"not_picked":["Tempest","Static Discharge+1"],"picked":"Force Field","floor":45.0},{"not_picked":["Rebound+1","Barrage+1"],"picked":"Defragment","floor":48.0}],"player_experience":127128,"relics_obtained":[{"floor":6.0,"key":"Whetstone"},{"floor":9.0,"key":"Omamori"},{"floor":13.0,"key":"Letter Opener"},{"floor":23.0,"key":"Anchor"},{"floor":23.0,"key":"Regal Pillow"},{"floor":25.0,"key":"Orichalcum"},{"floor":25.0,"key":"Nunchaku"},{"floor":27.0,"key":"Kunai"},{"floor":37.0,"key":"Prayer Wheel"},{"floor":40.0,"key":"Strawberry"},{"floor":40.0,"key":"Ornamental Fan"},{"floor":43.0,"key":"Pantograph"},{"floor":45.0,"key":"Pocketwatch"},{"floor":45.0,"key":"Molten Egg 2"},{"floor":48.0,"key":"Juzu Bracelet"},{"floor":48.0,"key":"Sundial"}],"event_choices":[{"damage_healed":0.0,"max_hp_gain":0.0,"max_hp_loss":0.0,"gold_gain":0.0,"event_name":"Living Wall","player_choice":"Grow","floor":3.0,"gold_loss":0.0,"damage_taken":0.0,"cards_upgraded":["Zap"]},{"damage_healed":0.0,"max_hp_gain":0.0,"max_hp_loss":0.0,"gold_gain":0.0,"event_name":"Shining Light","player_choice":"Entered Light","floor":5.0,"gold_loss":0.0,"damage_taken":16.0,"cards_upgraded":["Strike_B","Doom and Gloom"]},{"cards_removed":["Strike_B"],"damage_healed":0.0,"max_hp_gain":0.0,"max_hp_loss":0.0,"gold_gain":0.0,"event_name":"Golden Wing","player_choice":"Card Removal","floor":12.0,"gold_loss":0.0,"damage_taken":7.0},{"damage_healed":0.0,"max_hp_gain":0.0,"max_hp_loss":0.0,"gold_gain":0.0,"event_name":"Back to Basics","player_choice":"Simplicity","floor":19.0,"gold_loss":0.0,"damage_taken":0.0,"cards_upgraded":["Strike_B","Defend_B","Defend_B","Defend_B","Defend_B"]},{"cards_removed":["Defend_B"],"damage_healed":0.0,"max_hp_gain":0.0,"max_hp_loss":0.0,"gold_gain":0.0,"event_name":"Beggar","player_choice":"Gave Gold","floor":21.0,"gold_loss":75.0,"damage_taken":0.0},{"cards_removed":["Skim"],"damage_healed":0.0,"max_hp_gain":0.0,"max_hp_loss":0.0,"gold_gain":0.0,"event_name":"Falling","player_choice":"Removed Skill","floor":36.0,"gold_loss":0.0,"damage_taken":0.0},{"damage_healed":0.0,"max_hp_gain":0.0,"max_hp_loss":0.0,"gold_gain":0.0,"event_name":"Mysterious Sphere","player_choice":"Fight","floor":37.0,"gold_loss":0.0,"damage_taken":0.0},{"damage_healed":0.0,"max_hp_gain":0.0,"max_hp_loss":4.0,"gold_gain":0.0,"event_name":"Winding Halls","player_choice":"Max HP","floor":41.0,"gold_loss":0.0,"damage_taken":0.0}],"is_beta":false,"boss_relics":[{"not_picked":["Orrery","Pandora\u0027s Box"],"picked":"Black Star"},{"not_picked":["Nuclear Battery","White Beast Statue"],"picked":"Runic Pyramid"}],"items_purged_floors":[7,46],"is_endless":false,"potions_floor_spawned":[6,13,14,16,24,29,35,37,38,40],"killed_by":"Awakened One","ascension_level":1}