{"gold_per_floor":[119,130,74,86,99,134,134,162,162,177,177,202,202,218,218,295,295,215,215,215,215,215,215],"floor_reached":23,"playtime":947,"items_purged":[],"score":622,"play_id":"63954fcb-dd80-4c62-9ccc-d751299b1089","local_time":"20181110184338","is_ascension_mode":true,"campfire_choices":[{"data":"Beam Cell","floor":7,"key":"SMITH"},{"data":"Zap","floor":11,"key":"SMITH"},{"floor":13,"key":"REST"},{"data":"Sweeping Beam","floor":15,"key":"SMITH"}],"neow_cost":"NONE","seed_source_timestamp":0,"circlet_count":0,"master_deck":["AscendersBane","Strike_B","Strike_B","Strike_B","Defend_B","Defend_B","Defend_B","Defend_B","Zap+1","Dualcast","Streamline","Glacier","Beam Cell+1","Compile Driver","Ball Lightning","Sweeping Beam+1","Undo+1","Echo Form","Capacitor","Recycle+1","Steam+1"],"special_seed":0,"relics":["Cracked Core","Pantograph","Kunai","Sundial","Pear","Toxic Egg 2","Ectoplasm"],"potions_floor_usage":[6,23],"damage_taken":[{"damage":8,"enemies":"2 Louse","floor":1,"turns":3},{"damage":1,"enemies":"Cultist","floor":2,"turns":4},{"damage":5,"enemies":"Small Slimes","floor":4,"turns":3},{"damage":1,"enemies":"2 Fungi Beasts","floor":5,"turns":4},{"damage":19,"enemies":"3 Sentries","floor":6,"turns":9},{"damage":4,"enemies":"Gremlin Nob","floor":8,"turns":3},{"damage":0,"enemies":"Exordium Wildlife","floor":10,"turns":2},{"damage":20,"enemies":"3 Sentries","floor":12,"turns":5},{"damage":8,"enemies":"Blue Slaver","floor":14,"turns":3},{"damage":14,"enemies":"The Guardian","floor":16,"turns":9},{"damage":11,"enemies":"2 Thieves","floor":18,"turns":4},{"damage":13,"enemies":"Chosen","floor":20,"turns":4},{"damage":38,"enemies":"Colosseum Slavers","floor":22,"turns":4},{"damage":11,"enemies":"Gremlin Leader","floor":23,"turns":1}],"seed_played":"-1655768661395828481","potions_obtained":[{"floor":2,"key":"Poison Potion"},{"floor":6,"key":"GamblersBrew"},{"floor":14,"key":"LiquidBronze"}],"is_trial":false,"path_per_floor":["M","M","?","M","M","E","R","E","T","M","R","E","R","M","R","B",null,"M","?","M","?","?","E"],"character_chosen":"DEFECT","items_purchased":[],"campfire_rested":1,"item_purchase_floors":[],"current_hp_per_floor":[56,55,55,50,49,30,30,26,36,36,36,16,40,32,32,43,72,61,61,48,48,10,0],"gold":215,"neow_bonus":"REMOVE_CARD","is_prod":false,"is_daily":false,"chose_seed":false,"campfire_upgraded":3,"win_rate":0,"timestamp":1541875418,"path_taken":["M","M","?","M","M","E","R","E","T","M","R","E","R","M","R","BOSS","M","?","M","?","?","E"],"build_version":"2018-11-08","purchased_purges":0,"victory":false,"max_hp_per_floor":[71,71,71,71,71,71,71,71,81,81,81,81,81,81,81,81,81,81,81,81,81,81,81],"card_choices":[{"not_picked":["Barrage","Undo","Reprogram"],"picked":"SKIP","floor":1},{"not_picked":["Loop","Beam Cell"],"picked":"Streamline","floor":2},{"not_picked":["Skim","Leap"],"picked":"Glacier","floor":4},{"not_picked":["Hologram","Rebound"],"picked":"Beam Cell","floor":5},{"not_picked":["Coolheaded","Steam"],"picked":"Compile Driver","floor":6},{"not_picked":["Beam Cell","Meteor Strike"],"picked":"Ball Lightning","floor":8},{"not_picked":["Chill","Redo","Rebound"],"picked":"SKIP","floor":10},{"not_picked":["Streamline","Double Energy"],"picked":"Sweeping Beam","floor":12},{"not_picked":["Beam Cell","Darkness+1"],"picked":"Undo+1","floor":14},{"not_picked":["Buffer","Seek+1"],"picked":"Echo Form","floor":16},{"not_picked":["Glacier+1","Hologram+1"],"picked":"Capacitor","floor":18},{"not_picked":["Hologram+1","Ball Lightning"],"picked":"Steam+1","floor":20}],"player_experience":1640447,"relics_obtained":[{"floor":6,"key":"Kunai"},{"floor":8,"key":"Sundial"},{"floor":9,"key":"Pear"},{"floor":12,"key":"Toxic Egg 2"}],"event_choices":[{"damage_healed":0,"gold_gain":0,"player_choice":"Paid Gold","damage_taken":0,"relics_obtained":["Pantograph"],"max_hp_gain":0,"max_hp_loss":0,"event_name":"WeMeetAgain","floor":3,"gold_loss":56},{"damage_healed":0,"gold_gain":0,"player_choice":"Read","damage_taken":0,"max_hp_gain":0,"max_hp_loss":0,"event_name":"The Library","floor":19,"gold_loss":0,"cards_obtained":["Recycle"]},{"damage_healed":0,"gold_gain":0,"player_choice":"Ignored","damage_taken":0,"max_hp_gain":0,"max_hp_loss":0,"event_name":"The Mausoleum","floor":21,"gold_loss":0},{"damage_healed":0,"gold_gain":0,"player_choice":"Fight","damage_taken":0,"max_hp_gain":0,"max_hp_loss":0,"event_name":"Colosseum","floor":22,"gold_loss":0},{"damage_healed":0,"gold_gain":0,"player_choice":"Fled From Nobs","damage_taken":0,"max_hp_gain":0,"max_hp_loss":0,"event_name":"Colosseum","floor":22,"gold_loss":0}],"is_beta":true,"boss_relics":[{"not_picked":["White Beast Statue","Philosopher\u0027s Stone"],"picked":"Ectoplasm"}],"items_purged_floors":[],"is_endless":false,"potions_floor_spawned":[2,6,14,16],"killed_by":"Gremlin Leader","ascension_level":20}