{"gold_per_floor":[114,114,133,144,191,191,211,242,266,3,3,18,18,28,28,104,104,124,139,159,175,100,100,100,25,25,36,36,63,63,24,24,98,98,115,115,115,115,129,129,29,61,61,74,74,108,108,50,50,50,50],"floor_reached":51,"playtime":2394,"items_purged":["Strike_R","Writhe"],"score":1371,"play_id":"3e6e69c3-1874-400d-bdb7-a0a9d9101d94","local_time":"20180906153708","is_ascension_mode":true,"campfire_choices":[{"data":"Bash","floor":6,"key":"SMITH"},{"data":"Disarm","floor":11,"key":"SMITH"},{"data":"Inflame","floor":15,"key":"SMITH"},{"data":"Limit Break","floor":23,"key":"SMITH"},{"data":"Armaments","floor":30,"key":"SMITH"},{"data":"Feel No Pain","floor":32,"key":"SMITH"},{"floor":40,"key":"REST"},{"floor":47,"key":"REST"},{"data":"Clothesline","floor":49,"key":"SMITH"}],"neow_cost":"NONE","seed_source_timestamp":1701996763403194,"circlet_count":0,"master_deck":["Strike_R","Strike_R","Defend_R","Defend_R","Defend_R","Defend_R","Bash+1","AscendersBane","Metallicize","Disarm+1","Inflame+1","Perfected Strike","Flame Barrier","Cleave","Battle Trance","Shrug It Off","Sword Boomerang","Limit Break+1","True Grit+1","Body Slam+1","Battle Trance","Havoc+1","Armaments+1","Metallicize","Feel No Pain+1","Limit Break","Shockwave","Apotheosis","Pommel Strike+1","Immolate","Clothesline+1"],"relics":["Burning Blood","Bag of Preparation","Art of War","Happy Flower","Pen Nib","Velvet Choker","Matryoshka","Oddly Smooth Stone","Strawberry","Snecko Eye","Potion Belt","PreservedInsect","Bronze Scales","Anchor"],"potions_floor_usage":[7,14,14,21,29,50,51,51],"damage_taken":[{"damage":7,"enemies":"Small Slimes","floor":1,"turns":5},{"damage":7,"enemies":"2 Louse","floor":3,"turns":4},{"damage":4,"enemies":"Cultist","floor":4,"turns":4},{"damage":11,"enemies":"Exordium Thugs","floor":7,"turns":7},{"damage":18,"enemies":"Lagavulin","floor":8,"turns":6},{"damage":5,"enemies":"3 Louse","floor":12,"turns":3},{"damage":0,"enemies":"Gremlin Gang","floor":14,"turns":3},{"damage":10,"enemies":"Hexaghost","floor":16,"turns":9},{"damage":3,"enemies":"Spheric Guardian","floor":18,"turns":3},{"damage":10,"enemies":"2 Thieves","floor":19,"turns":4},{"damage":7,"enemies":"Snake Plant","floor":20,"turns":3},{"damage":6,"enemies":"Centurion and Healer","floor":21,"turns":5},{"damage":5,"enemies":"Chosen and Byrds","floor":27,"turns":4},{"damage":1,"enemies":"Book of Stabbing","floor":29,"turns":4},{"damage":54,"enemies":"Automaton","floor":33,"turns":9},{"damage":36,"enemies":"3 Darklings","floor":35,"turns":4},{"damage":34,"enemies":"3 Shapes","floor":39,"turns":7},{"damage":18,"enemies":"Nemesis","floor":42,"turns":9},{"damage":9,"enemies":"Maw","floor":44,"turns":6},{"damage":11,"enemies":"2 Orb Walkers","floor":46,"turns":3},{"damage":28,"enemies":"Time Eater","floor":50,"turns":13},{"damage":47,"enemies":"Donu and Deca","floor":51,"turns":5}],"seed_played":"-6621480214854334129","potions_obtained":[{"floor":4,"key":"Fire Potion"},{"floor":7,"key":"SpeedPotion"},{"floor":8,"key":"SteroidPotion"},{"floor":12,"key":"EssenceOfSteel"},{"floor":18,"key":"GamblersBrew"},{"floor":20,"key":"SkillPotion"},{"floor":39,"key":"Swift Potion"},{"floor":42,"key":"Explosive Potion"}],"is_trial":false,"path_per_floor":["M","?","M","M","T","R","M","E","T","$","R","M","?","M","R","B",null,"M","M","M","M","?","R","?","$","T","M","?","E","R","$","R","B",null,"M","?","?","?","M","R","$","E","T","M","?","E","R","$","R","B"],"character_chosen":"IRONCLAD","items_purchased":["Battle Trance","Pen Nib","Feel No Pain","Block Potion"],"campfire_rested":2,"item_purchase_floors":[10,10,31,48],"current_hp_per_floor":[67,60,59,61,61,61,56,44,44,44,44,45,45,51,51,47,68,71,67,66,66,66,66,66,66,66,67,67,79,79,79,79,31,69,39,39,67,64,36,55,55,43,43,40,40,35,54,54,54,32,0],"gold":50,"neow_bonus":"THREE_CARDS","is_prod":false,"is_daily":false,"chose_seed":false,"campfire_upgraded":7,"win_rate":0,"timestamp":1536244628,"path_taken":["M","?","M","?","?","R","M","E","T","$","R","M","?","M","R","BOSS","M","M","?","M","?","R","?","?","T","M","?","E","R","$","R","BOSS","M","?","?","?","?","R","?","E","T","?","?","E","R","$","R","BOSS","BOSS"],"build_version":"2018-09-04-v2","purchased_purges":2,"victory":false,"max_hp_per_floor":[75,75,75,75,75,75,75,75,75,75,75,75,75,75,75,75,75,75,75,75,75,75,75,75,75,75,75,75,82,82,82,82,82,82,82,82,67,64,64,64,64,64,64,64,64,64,64,64,64,64,64],"card_choices":[{"not_picked":["Rupture","Headbutt"],"picked":"Metallicize","floor":0},{"not_picked":["Shrug It Off","Reckless Charge"],"picked":"Disarm","floor":1},{"not_picked":["Metallicize","Clash"],"picked":"Inflame","floor":3},{"not_picked":["Havoc","Rage"],"picked":"Perfected Strike","floor":4},{"not_picked":["Power Through","Twin Strike"],"picked":"Flame Barrier","floor":7},{"not_picked":["Fiend Fire","Havoc"],"picked":"Cleave","floor":8},{"not_picked":["Power Through","Dual Wield"],"picked":"Shrug It Off","floor":12},{"not_picked":["Blood for Blood","Thunderclap"],"picked":"Sword Boomerang","floor":14},{"not_picked":["Demon Form","Double Tap"],"picked":"Limit Break","floor":16},{"not_picked":["Warcry","Armaments"],"picked":"True Grit+1","floor":18},{"not_picked":["Burning Pact","Heavy Blade"],"picked":"Body Slam+1","floor":19},{"not_picked":["Spot Weakness","Cleave+1"],"picked":"Battle Trance","floor":20},{"not_picked":["Inflame","Thunderclap"],"picked":"Havoc+1","floor":21},{"not_picked":["Inflame","Sword Boomerang"],"picked":"Armaments","floor":27},{"not_picked":["Perfected Strike","Battle Trance"],"picked":"Metallicize","floor":29},{"not_picked":["Barricade","Immolate"],"picked":"Limit Break","floor":33},{"not_picked":["Pommel Strike","Pummel"],"picked":"Shockwave","floor":35},{"not_picked":["Magnetism","Madness"],"picked":"Apotheosis","floor":36},{"not_picked":["Sword Boomerang","Iron Wave+1"],"picked":"Pommel Strike+1","floor":39},{"not_picked":["Battle Trance","Headbutt"],"picked":"Immolate","floor":42},{"not_picked":["Second Wind","Armaments"],"picked":"Clothesline","floor":44},{"not_picked":["Armaments+1","Rampage+1","Twin Strike+1"],"picked":"SKIP","floor":46}],"player_experience":1264014,"relics_obtained":[{"floor":5,"key":"Bag of Preparation"},{"floor":8,"key":"Art of War"},{"floor":9,"key":"Happy Flower"},{"floor":26,"key":"Matryoshka"},{"floor":29,"key":"Strawberry"},{"floor":42,"key":"Potion Belt"},{"floor":43,"key":"PreservedInsect"},{"floor":43,"key":"Bronze Scales"},{"floor":46,"key":"Anchor"}],"event_choices":[{"event_name":"Golden Wing","player_choice":"Card Removal","floor":2,"damage_taken":0},{"event_name":"Liars Game","player_choice":"disagreed","floor":13,"damage_taken":0},{"event_name":"Beggar","player_choice":"Gave Gold","floor":22,"damage_taken":0},{"event_name":"N\u0027loth","player_choice":"Ignored","floor":24,"damage_taken":0},{"event_name":"The Mausoleum","player_choice":"Yes","floor":28,"damage_taken":0},{"event_name":"SensoryStone","player_choice":"Memory 1","floor":36,"damage_taken":0},{"event_name":"The Moai Head","player_choice":"Heal","floor":37,"damage_taken":0},{"event_name":"Winding Halls","player_choice":"Max HP","floor":38,"damage_taken":0},{"event_name":"Mysterious Sphere","player_choice":"Ignore","floor":45,"damage_taken":0}],"is_beta":true,"boss_relics":[{"not_picked":["Astrolabe","Empty Cage"],"picked":"Velvet Choker"},{"not_picked":["Runic Cube","Black Blood"],"picked":"Snecko Eye"}],"items_purged_floors":[25,41],"is_endless":false,"potions_floor_spawned":[4,7,8,12,18,20,39,42],"killed_by":"Donu and Deca","ascension_level":20}