{"gold_per_floor":[115,115,190,111,111,111,143,154,154,84,98,98,98,98,98,203,203,220,239,0,0,12,46,46,73,73,73,88,88,102,112,112,112],"floor_reached":33,"playtime":2090,"items_purged":[],"score":283,"play_id":"f3b37cba-60d3-412b-9249-00ae759cfcdc","local_time":"20190629070007","is_ascension_mode":false,"campfire_choices":[{"data":"Tools of the Trade","floor":6,"key":"SMITH"},{"floor":15,"key":"RECALL"},{"floor":27,"key":"REST"},{"floor":32,"key":"REST"}],"neow_cost":"NONE","seed_source_timestamp":247734860697500,"circlet_count":0,"master_deck":["Defend_G","Defend_G","Defend_G","Defend_G","Defend_G","Strike_G","Strike_G","Strike_G","Survivor","Neutralize","Backflip","Well Laid Plans","Finesse","Tools of the Trade+1","Crippling Poison","Backstab","Pain","Noxious Fumes","Flying Knee","Prepared","Adrenaline","PiercingWail","Slice+1","Doubt"],"relics":["Cursed Key","Blood Vial","Mercury Hourglass","Busted Crown","MutagenicStrength","Singing Bowl","Orichalcum","Matryoshka"],"potions_floor_usage":[16,16,19,31],"damage_taken":[{"damage":4,"enemies":"Jaw Worm","floor":1,"turns":4},{"damage":17,"enemies":"Lagavulin","floor":7,"turns":10},{"damage":5,"enemies":"2 Louse","floor":8,"turns":3},{"damage":1,"enemies":"Cultist","floor":11,"turns":4},{"damage":22,"enemies":"Hexaghost","floor":16,"turns":11},{"damage":18,"enemies":"Chosen","floor":18,"turns":5},{"damage":18,"enemies":"Spheric Guardian","floor":19,"turns":6},{"damage":3,"enemies":"Centurion and Healer","floor":22,"turns":7},{"damage":12,"enemies":"Slavers","floor":23,"turns":6},{"damage":15,"enemies":"Gremlin Leader","floor":25,"turns":8},{"damage":16,"enemies":"Cultist and Chosen","floor":28,"turns":8},{"damage":19,"enemies":"3 Cultists","floor":30,"turns":6},{"damage":16,"enemies":"Snake Plant","floor":31,"turns":4},{"damage":33,"enemies":"Champ","floor":33,"turns":11}],"seed_played":"4500123852333962416","potions_obtained":[{"floor":7,"key":"Poison Potion"},{"floor":8,"key":"FairyPotion"},{"floor":11,"key":"LiquidBronze"},{"floor":16,"key":"EssenceOfSteel"},{"floor":18,"key":"LiquidBronze"},{"floor":22,"key":"SpeedPotion"}],"is_trial":false,"path_per_floor":["M","?","?","$","?","R","E","M","T","$","M","$","?","?","R","B",null,"M","M","?","?","M","E","$","E","T","R","M","?","M","M","R","B"],"character_chosen":"THE_SILENT","items_purchased":["Well Laid Plans","Noxious Fumes"],"campfire_rested":2,"item_purchase_floors":[4,10],"current_hp_per_floor":[66,59,48,48,48,48,31,28,28,28,29,29,26,26,26,6,70,52,36,36,36,35,25,25,14,14,35,23,23,8,8,31,0],"gold":112,"neow_bonus":"BOSS_RELIC","is_prod":false,"is_daily":false,"chose_seed":false,"campfire_upgraded":1,"win_rate":0,"timestamp":1561759207,"path_taken":["M","?","?","$","?","R","E","?","T","$","M","$","?","?","R","BOSS","M","?","?","?","M","E","?","E","T","R","M","?","M","M","R","BOSS"],"build_version":"2019-01-23","purchased_purges":0,"victory":false,"max_hp_per_floor":[70,70,70,70,70,70,70,70,70,70,70,70,70,70,70,70,70,70,70,70,70,70,70,70,72,72,72,74,74,76,78,78,78],"card_choices":[{"not_picked":["Bane","Deflect"],"picked":"Backflip","floor":1},{"not_picked":["Reflex","Outmaneuver"],"picked":"Crippling Poison","floor":7},{"not_picked":["Slice","Bane"],"picked":"Backstab","floor":8},{"not_picked":["Finisher","All Out Attack"],"picked":"Flying Knee","floor":11},{"not_picked":["Envenom","Tools of the Trade"],"picked":"Adrenaline","floor":16},{"not_picked":[],"picked":"PiercingWail","floor":18},{"not_picked":["Dagger Spray"],"picked":"SKIP","floor":19},{"not_picked":["Outmaneuver"],"picked":"SKIP","floor":22},{"not_picked":[],"picked":"Slice+1","floor":23},{"not_picked":["Calculated Gamble"],"picked":"Singing Bowl","floor":25},{"not_picked":["Deflect"],"picked":"Singing Bowl","floor":28},{"not_picked":["Dagger Spray+1"],"picked":"Singing Bowl","floor":30},{"not_picked":["Eviscerate"],"picked":"Singing Bowl","floor":31}],"player_experience":51544,"relics_obtained":[{"floor":7,"key":"Blood Vial"},{"floor":23,"key":"Singing Bowl"},{"floor":25,"key":"Orichalcum"},{"floor":26,"key":"Matryoshka"}],"event_choices":[{"cards_removed":["Strike_G"],"damage_healed":0,"gold_gain":0,"player_choice":"Card Removal","damage_taken":7,"max_hp_gain":0,"max_hp_loss":0,"event_name":"Golden Wing","floor":2,"gold_loss":0},{"damage_healed":0,"gold_gain":75,"player_choice":"Gather Gold","damage_taken":11,"max_hp_gain":0,"max_hp_loss":0,"event_name":"World of Goop","floor":3,"gold_loss":0},{"damage_healed":0,"gold_gain":0,"player_choice":"2 cards matched","damage_taken":0,"max_hp_gain":0,"max_hp_loss":0,"event_name":"Match and Keep!","floor":5,"gold_loss":0,"cards_obtained":["Finesse","Tools of the Trade"]},{"damage_healed":0,"gold_gain":0,"player_choice":"Success","damage_taken":3,"relics_obtained":["Mercury Hourglass"],"max_hp_gain":0,"max_hp_loss":0,"event_name":"Scrap Ooze","floor":13,"gold_loss":0},{"damage_healed":0,"gold_gain":0,"cards_transformed":["Strike_G"],"player_choice":"Transformed","damage_taken":0,"max_hp_gain":0,"max_hp_loss":0,"event_name":"Transmorgrifier","floor":14,"gold_loss":0,"cards_obtained":["Prepared"]},{"damage_healed":0,"gold_gain":0,"player_choice":"Paid Fearfully","damage_taken":0,"max_hp_gain":0,"max_hp_loss":0,"event_name":"Masked Bandits","floor":20,"gold_loss":239},{"damage_healed":0,"gold_gain":0,"player_choice":"Inject Mutagens","damage_taken":0,"relics_obtained":["MutagenicStrength"],"max_hp_gain":0,"max_hp_loss":0,"event_name":"Drug Dealer","floor":21,"gold_loss":0},{"damage_healed":0,"gold_gain":0,"player_choice":"Ignored","damage_taken":0,"max_hp_gain":0,"max_hp_loss":0,"event_name":"The Mausoleum","floor":29,"gold_loss":0}],"is_beta":false,"boss_relics":[{"not_picked":["HoveringKite","Lizard Tail"],"picked":"Busted Crown"}],"items_purged_floors":[],"is_endless":false,"potions_floor_spawned":[7,8,11,16,18,22,23],"killed_by":"Champ","ascension_level":0}