{"gold_per_floor":[117,136,146,71,71,102,115,115,115,115,144,161,192,5,5,5],"floor_reached":16,"playtime":718,"items_purged":[],"score":240,"play_id":"f9ae9a1e-6252-4903-8286-bb32be7750cc","local_time":"20180929005353","is_ascension_mode":true,"campfire_choices":[{"data":"Disarm","floor":8,"key":"SMITH"},{"floor":10,"key":"REST"},{"data":"True Grit","floor":15,"key":"SMITH"}],"neow_cost":"NONE","seed_source_timestamp":0,"circlet_count":0,"master_deck":["Strike_R","Strike_R","Strike_R","Strike_R","Defend_R","Defend_R","Defend_R","Defend_R+1","Bash+1","AscendersBane","Pommel Strike","Disarm+1","Anger","True Grit+1","Spot Weakness","Armaments","Clothesline","Exhume"],"special_seed":0,"relics":["Burning Blood","Regal Pillow","Bronze Scales","Bottled Lightning","PreservedInsect"],"potions_floor_usage":[13,16],"damage_taken":[{"damage":15.0,"enemies":"Small Slimes","floor":1.0,"turns":4.0},{"damage":8.0,"enemies":"2 Louse","floor":2.0,"turns":4.0},{"damage":10.0,"enemies":"Jaw Worm","floor":3.0,"turns":4.0},{"damage":35.0,"enemies":"3 Sentries","floor":6.0,"turns":9.0},{"damage":7,"enemies":"2 Fungi Beasts","floor":7,"turns":4},{"damage":31,"enemies":"Gremlin Nob","floor":11,"turns":4},{"damage":8,"enemies":"Looter","floor":12,"turns":3},{"damage":20,"enemies":"Lagavulin","floor":13,"turns":8},{"damage":28,"enemies":"The Guardian","floor":16,"turns":2}],"seed_played":"8252287023649552331","potions_obtained":[{"floor":2.0,"key":"AttackPotion"},{"floor":3.0,"key":"Explosive Potion"},{"floor":11,"key":"BloodPotion"},{"floor":13,"key":"BloodPotion"}],"is_trial":false,"path_per_floor":["M","M","M","?","?","E","M","R","T","R","E","M","E","$","R"],"character_chosen":"IRONCLAD","items_purchased":["Exhume"],"campfire_rested":1,"item_purchase_floors":[14],"current_hp_per_floor":[59,57,53,53,30,13,12,12,12,49,24,22,15,15,15,0],"gold":5,"neow_bonus":"THREE_CARDS","is_prod":false,"is_daily":false,"chose_seed":false,"campfire_upgraded":2,"win_rate":0,"timestamp":1538178833,"path_taken":["M","M","M","?","?","E","M","R","T","R","E","?","E","$","R","BOSS"],"build_version":"2018-09-27","purchased_purges":0,"victory":false,"max_hp_per_floor":[75,75,75,75,75,75,75,75,75,75,75,75,75,75,75,75],"card_choices":[{"not_picked":["Shockwave","Armaments"],"picked":"Pommel Strike","floor":0.0},{"not_picked":["Iron Wave","Wild Strike"],"picked":"Disarm","floor":1.0},{"not_picked":["Pommel Strike","Thunderclap"],"picked":"Anger","floor":2.0},{"not_picked":["Clash","Reckless Charge"],"picked":"True Grit","floor":3.0},{"not_picked":["Second Wind","Body Slam"],"picked":"Spot Weakness","floor":6.0},{"not_picked":["Clash","Evolve","Bloodletting"],"picked":"SKIP","floor":7},{"not_picked":["Infernal Blade","Anger","Hemokinesis"],"picked":"SKIP","floor":11},{"not_picked":["Infernal Blade","Anger","Hemokinesis"],"picked":"SKIP","floor":11},{"not_picked":["Pommel Strike","Anger"],"picked":"Armaments","floor":12},{"not_picked":["Headbutt","Sentinel"],"picked":"Clothesline","floor":13}],"player_experience":1353625,"relics_obtained":[{"floor":6.0,"key":"Regal Pillow"},{"floor":9,"key":"Bronze Scales"},{"floor":11,"key":"Bottled Lightning"},{"floor":13,"key":"PreservedInsect"}],"event_choices":[{"event_name":"The Cleric","player_choice":"Card Removal","floor":4.0,"damage_taken":0.0},{"event_name":"Shining Light","player_choice":"Entered Light","floor":5.0,"damage_taken":0.0}],"is_beta":true,"boss_relics":[],"items_purged_floors":[],"is_endless":false,"potions_floor_spawned":[2,3,11,13],"killed_by":"The Guardian","ascension_level":20}