{"gold_per_floor":[112,112,126,144,157,157,185,197,209,221,233,262,286,373,385,500,512,543,555,584,606,696,708,820,849,861,352,362,380,380],"floor_reached":30,"playtime":1326,"items_purged":[],"score":284,"play_id":"354a33a8-f540-41fb-8651-e69af7a764d5","local_time":"20190629072229","is_ascension_mode":false,"campfire_choices":[{"data":"Poisoned Stab","floor":6,"key":"SMITH"},{"floor":8,"key":"RECALL"},{"data":"Deadly Poison","floor":10,"key":"SMITH"},{"data":"Poisoned Stab","floor":15,"key":"SMITH"},{"data":"Wraith Form v2","floor":23,"key":"SMITH"}],"neow_cost":"NONE","seed_source_timestamp":249840378116600,"circlet_count":0,"master_deck":["Defend_G","Defend_G","Defend_G","Defend_G","Defend_G","Strike_G","Strike_G","Strike_G","Strike_G","Survivor","Neutralize","Deadly Poison+1","Adrenaline","Terror","Poisoned Stab+1","Poisoned Stab+1","Deadly Poison","Wraith Form v2+1","Cloak And Dagger","Acrobatics","Master of Strategy","Dagger Spray+1","Deadly Poison+1","Blur"],"relics":["Busted Crown","MawBank","Ninja Scroll","CultistMask","Philosopher\u0027s Stone","Molten Egg 2","Prayer Wheel"],"potions_floor_usage":[18,21,29,29,30],"damage_taken":[{"damage":0,"enemies":"Small Slimes","floor":1,"turns":4},{"damage":0,"enemies":"Cultist","floor":3,"turns":3},{"damage":0,"enemies":"2 Louse","floor":4,"turns":2},{"damage":0,"enemies":"Lots of Slimes","floor":5,"turns":5},{"damage":10,"enemies":"Lagavulin","floor":7,"turns":6},{"damage":0,"enemies":"Looter","floor":12,"turns":1},{"damage":0,"enemies":"2 Fungi Beasts","floor":13,"turns":2},{"damage":0,"enemies":"Slime Boss","floor":16,"turns":6},{"damage":22,"enemies":"Spheric Guardian","floor":18,"turns":4},{"damage":3,"enemies":"Shell Parasite","floor":20,"turns":4},{"damage":15,"enemies":"Shelled Parasite and Fungi","floor":21,"turns":4},{"damage":21,"enemies":"Snake Plant","floor":25,"turns":4},{"damage":12,"enemies":"3 Cultists","floor":28,"turns":6},{"damage":0,"enemies":"Chosen and Byrds","floor":29,"turns":3},{"damage":2,"enemies":"Centurion and Healer","floor":30,"turns":1}],"seed_played":"-1758007870802436153","potions_obtained":[{"floor":1,"key":"Fruit Juice"},{"floor":5,"key":"SkillPotion"},{"floor":7,"key":"Poison Potion"},{"floor":18,"key":"Fire Potion"},{"floor":25,"key":"Explosive Potion"},{"floor":29,"key":"Dexterity Potion"}],"is_trial":false,"path_per_floor":["M","?","M","M","M","R","E","R","T","R","?","M","M","?","R","B",null,"M","?","M","M","T","R","?","M","T","$","M","M","M"],"character_chosen":"THE_SILENT","items_purchased":["Prayer Wheel","Acrobatics","Master of Strategy"],"campfire_rested":0,"item_purchase_floors":[27,27,27],"current_hp_per_floor":[70,70,70,70,70,70,60,60,60,60,60,60,60,49,49,49,70,53,53,50,35,35,35,35,14,14,14,2,2,0],"gold":380,"neow_bonus":"BOSS_RELIC","is_prod":false,"is_daily":false,"chose_seed":false,"campfire_upgraded":4,"win_rate":0,"timestamp":1561760549,"path_taken":["M","?","M","?","M","R","E","R","T","R","?","M","?","?","R","BOSS","M","?","?","M","?","R","?","M","T","$","?","M","M"],"build_version":"2019-01-23","purchased_purges":0,"victory":false,"max_hp_per_floor":[70,70,70,70,70,70,70,70,70,70,70,70,70,70,70,70,70,75,75,75,75,75,75,75,75,75,75,75,75,75],"card_choices":[{"not_picked":[],"picked":"Deadly Poison","floor":1},{"not_picked":[],"picked":"Terror","floor":3},{"not_picked":["Deflect"],"picked":"SKIP","floor":4},{"not_picked":[],"picked":"Poisoned Stab","floor":5},{"not_picked":[],"picked":"Poisoned Stab","floor":7},{"not_picked":[],"picked":"Deadly Poison","floor":12},{"not_picked":["Dodge and Roll"],"picked":"SKIP","floor":13},{"not_picked":[],"picked":"Wraith Form v2","floor":16},{"not_picked":["Dodge and Roll+1"],"picked":"SKIP","floor":18},{"not_picked":[],"picked":"Cloak And Dagger","floor":20},{"not_picked":["All Out Attack"],"picked":"SKIP","floor":21},{"not_picked":["Masterful Stab+1"],"picked":"SKIP","floor":25},{"not_picked":[],"picked":"Dagger Spray+1","floor":28},{"not_picked":[],"picked":"Deadly Poison+1","floor":28},{"not_picked":[],"picked":"Blur","floor":29},{"not_picked":["Tactician+1"],"picked":"SKIP","floor":29}],"player_experience":53634,"relics_obtained":[{"floor":7,"key":"MawBank"},{"floor":9,"key":"Ninja Scroll"},{"floor":22,"key":"Molten Egg 2"}],"event_choices":[{"damage_healed":0,"gold_gain":0,"cards_transformed":["Strike_G"],"player_choice":"Transformed","damage_taken":0,"max_hp_gain":0,"max_hp_loss":0,"event_name":"Transmorgrifier","floor":2,"gold_loss":0,"cards_obtained":["Adrenaline"]},{"damage_healed":0,"gold_gain":0,"player_choice":"Trade","damage_taken":0,"relics_obtained":["CultistMask"],"max_hp_gain":0,"max_hp_loss":0,"event_name":"FaceTrader","floor":11,"gold_loss":0},{"damage_healed":0,"gold_gain":75,"player_choice":"Gather Gold","damage_taken":11,"max_hp_gain":0,"max_hp_loss":0,"event_name":"World of Goop","floor":14,"gold_loss":0},{"damage_healed":0,"gold_gain":0,"player_choice":"Bought 0 Potions","damage_taken":0,"max_hp_gain":0,"max_hp_loss":0,"event_name":"The Woman in Blue","floor":19,"gold_loss":0},{"damage_healed":0,"gold_gain":100,"player_choice":"Pray","damage_taken":0,"max_hp_gain":0,"max_hp_loss":0,"event_name":"Golden Shrine","floor":24,"gold_loss":0}],"is_beta":false,"boss_relics":[{"not_picked":["Runic Dome","Tiny House"],"picked":"Philosopher\u0027s Stone"}],"items_purged_floors":[],"is_endless":false,"potions_floor_spawned":[1,5,7,16,18,25,29],"killed_by":"Centurion and Healer","ascension_level":0}