{"gold_per_floor":[112,187,205,205,205,205,205,205,230,230,241,267,284,312,312,312],"floor_reached":16,"playtime":424,"items_purged":[],"score":266,"play_id":"29c43316-d92d-4ade-b967-5a53aca1ff12","local_time":"20190501181021","is_ascension_mode":true,"campfire_choices":[{"floor":6,"key":"REST"},{"data":"Neutralize","floor":8,"key":"SMITH"},{"data":"Flechettes","floor":10,"key":"SMITH"},{"data":"Well Laid Plans","floor":15,"key":"SMITH"}],"neow_cost":"NONE","seed_source_timestamp":775984203457793,"circlet_count":0,"master_deck":["AscendersBane","Defend_G","Defend_G","Defend_G","Defend_G","Defend_G+1","Strike_G","Strike_G","Strike_G","Strike_G","Survivor","Neutralize+1","Flying Knee+1","Flechettes+1","Flying Knee","Well Laid Plans+1","Dash"],"relics":["Ring of the Snake","Lantern","Dodecahedron","Omamori"],"potions_floor_usage":[12,14,14],"damage_taken":[{"damage":4,"enemies":"Small Slimes","floor":1,"turns":4},{"damage":0,"enemies":"2 Louse","floor":3,"turns":4},{"damage":0,"enemies":"Jaw Worm","floor":11,"turns":3},{"damage":20,"enemies":"3 Sentries","floor":12,"turns":11},{"damage":0,"enemies":"Looter","floor":13,"turns":3},{"damage":0,"enemies":"Lagavulin","floor":14,"turns":4},{"damage":23,"enemies":"Slime Boss","floor":16,"turns":3}],"seed_played":"4420070661882212636","potions_obtained":[{"floor":3,"key":"SteroidPotion"},{"floor":11,"key":"EssenceOfSteel"},{"floor":12,"key":"FearPotion"}],"is_trial":false,"path_per_floor":["M","?","M","?","?","R","?","R","T","R","M","E","M","E","R","B"],"character_chosen":"THE_SILENT","items_purchased":[],"campfire_rested":1,"item_purchase_floors":[],"current_hp_per_floor":[55,44,44,24,19,38,43,43,43,43,43,23,23,23,23,0],"gold":312,"neow_bonus":"REMOVE_CARD","is_prod":false,"is_daily":false,"chose_seed":false,"campfire_upgraded":3,"win_rate":0,"timestamp":1556730621,"path_taken":["M","?","M","?","?","R","?","R","T","R","M","E","M","E","R","BOSS"],"build_version":"2019-04-23","purchased_purges":0,"victory":false,"max_hp_per_floor":[66,66,66,66,66,66,71,71,71,71,71,71,71,71,71,71],"card_choices":[{"not_picked":["Eviscerate","Calculated Gamble"],"picked":"Flying Knee","floor":1},{"not_picked":["Blade Dance","Eviscerate"],"picked":"Flechettes","floor":3},{"not_picked":["Deflect","Cloak And Dagger"],"picked":"Flying Knee","floor":11},{"not_picked":["Cloak And Dagger","Underhanded Strike","Tactician"],"picked":"SKIP","floor":12},{"not_picked":["Endless Agony","Escape Plan"],"picked":"Well Laid Plans","floor":13},{"not_picked":["Flechettes","Masterful Stab"],"picked":"Dash","floor":14}],"player_experience":2043674,"relics_obtained":[{"floor":12,"key":"Dodecahedron"},{"floor":14,"key":"Omamori"}],"event_choices":[{"damage_healed":0,"gold_gain":75,"player_choice":"Gather Gold","damage_taken":11,"max_hp_gain":0,"max_hp_loss":0,"event_name":"World of Goop","floor":2,"gold_loss":0},{"damage_healed":0,"gold_gain":0,"player_choice":"Entered Light","damage_taken":20,"max_hp_gain":0,"max_hp_loss":0,"event_name":"Shining Light","floor":4,"gold_loss":0,"cards_upgraded":["Defend_G","Flying Knee"]},{"damage_healed":0,"gold_gain":0,"player_choice":"Success","damage_taken":5,"relics_obtained":["Lantern"],"max_hp_gain":0,"max_hp_loss":0,"event_name":"Scrap Ooze","floor":5,"gold_loss":0},{"damage_healed":0,"gold_gain":0,"player_choice":"Donut","damage_taken":0,"max_hp_gain":5,"max_hp_loss":0,"event_name":"Big Fish","floor":7,"gold_loss":0}],"is_beta":true,"boss_relics":[],"items_purged_floors":[],"is_endless":false,"potions_floor_spawned":[3,11,12,13],"killed_by":"Slime Boss","ascension_level":20}