{"gold_per_floor":[114,42,57,67,15,44,44,9,9,20,20,34,48,59,59,59],"floor_reached":16,"playtime":1202,"items_purged":[],"score":109,"play_id":"5d7e160f-cdf9-44b5-93b1-de7ff38a5280","local_time":"20190815232219","is_ascension_mode":true,"campfire_choices":[{"floor":7,"key":"REST"},{"data":"Double Energy","floor":15,"key":"SMITH"}],"neow_cost":"NONE","seed_source_timestamp":39347577193195,"circlet_count":0,"master_deck":["Strike_B","Strike_B","Strike_B","Strike_B","Defend_B","Defend_B","Defend_B","Defend_B","Zap","Dualcast","Double Energy+1","Beam Cell","Reprogram","Hologram","Regret","Redo","Electrodynamics","FTL"],"relics":["Cracked Core","NeowsBlessing","Ginger","StoneCalendar","Kunai"],"potions_floor_usage":[10,16,16],"damage_taken":[{"damage":0,"enemies":"Cultist","floor":1,"turns":1},{"damage":0,"enemies":"Jaw Worm","floor":3,"turns":1},{"damage":0,"enemies":"2 Louse","floor":4,"turns":1},{"damage":51,"enemies":"3 Sentries","floor":6,"turns":10},{"damage":3,"enemies":"Exordium Thugs","floor":10,"turns":4},{"damage":15,"enemies":"2 Fungi Beasts","floor":12,"turns":4},{"damage":5,"enemies":"Red Slaver","floor":13,"turns":3},{"damage":10,"enemies":"Looter","floor":14,"turns":3},{"damage":23,"enemies":"The Guardian","floor":16,"turns":7}],"seed_played":"1305769228174279826","potions_obtained":[{"floor":6,"key":"EssenceOfSteel"},{"floor":13,"key":"Swift Potion"},{"floor":14,"key":"SneckoOil"}],"is_trial":false,"path_per_floor":["M","$","M","M","$","E","R","?","T","M","?","M","M","M","R","B"],"character_chosen":"DEFECT","items_purchased":["Double Energy","Hologram"],"campfire_rested":1,"item_purchase_floors":[2,5],"current_hp_per_floor":[75,75,75,75,75,24,46,64,64,61,61,46,41,31,31,8],"gold":59,"neow_bonus":"THREE_ENEMY_KILL","is_prod":false,"is_daily":false,"chose_seed":false,"campfire_upgraded":1,"win_rate":0,"timestamp":1565936539,"path_taken":["M","$","?","M","?","E","R","?","T","M","?","M","?","M","R","BOSS"],"build_version":"2019-07-17","purchased_purges":0,"victory":false,"max_hp_per_floor":[75,75,75,75,75,75,75,75,75,75,75,75,75,75,75,75],"card_choices":[{"not_picked":["Steam","Steam Power","Turbo"],"picked":"SKIP","floor":1},{"not_picked":["Ball Lightning","Aggregate"],"picked":"Beam Cell","floor":3},{"not_picked":["Stack","Capacitor"],"picked":"Reprogram","floor":4},{"not_picked":["Gash","Cold Snap","Sweeping Beam"],"picked":"SKIP","floor":6},{"not_picked":["Stack","Coolheaded","Rebound"],"picked":"SKIP","floor":10},{"not_picked":["Force Field","Ball Lightning"],"picked":"Redo","floor":12},{"not_picked":["Stack","Go for the Eyes"],"picked":"Electrodynamics","floor":13},{"not_picked":["Hologram","Cold Snap"],"picked":"FTL","floor":14}],"player_experience":115637,"relics_obtained":[{"floor":6,"key":"Ginger"},{"floor":9,"key":"StoneCalendar"}],"event_choices":[{"damage_healed":18,"gold_gain":0,"player_choice":"Healed","damage_taken":0,"max_hp_gain":0,"max_hp_loss":0,"event_name":"The Cleric","floor":8,"gold_loss":35},{"damage_healed":0,"gold_gain":0,"player_choice":"Box","damage_taken":0,"relics_obtained":["Kunai"],"max_hp_gain":0,"max_hp_loss":0,"event_name":"Big Fish","floor":11,"gold_loss":0,"cards_obtained":["Regret"]}],"is_beta":false,"boss_relics":[],"items_purged_floors":[],"is_endless":false,"potions_floor_spawned":[6,13,14],"killed_by":"The Guardian","ascension_level":1}