{"gold_per_floor":[115,126,126,43,61,61,91,12,12,37,37,48,62,89,89,166,166,176,209,209,209],"floor_reached":21,"playtime":837,"items_purged":[],"score":394,"play_id":"b3785827-f670-4ddd-92ee-e48f00764c06","local_time":"20190615001258","is_ascension_mode":true,"campfire_choices":[{"data":"Deadly Poison","floor":6,"key":"SMITH"},{"floor":11,"key":"REST"},{"data":"Catalyst","floor":15,"key":"SMITH"}],"neow_cost":"NONE","seed_source_timestamp":303065197975639,"circlet_count":0,"master_deck":["AscendersBane","Strike_G","Strike_G","Strike_G","Strike_G","Defend_G","Defend_G","Defend_G","Defend_G","Defend_G","Survivor","Neutralize+1","Deadly Poison","Dagger Throw","Deadly Poison+1","All Out Attack","Envenom","Catalyst+1","Dash","Adrenaline","Deflect"],"relics":["Ring of the Snake","The Specimen","Thread and Needle","Smiling Mask","Mummified Hand","Eternal Feather","Red Mask"],"potions_floor_usage":[7,10,13,14,16,19,21],"damage_taken":[{"damage":0,"enemies":"2 Louse","floor":1,"turns":3},{"damage":9,"enemies":"Small Slimes","floor":2,"turns":5},{"damage":1,"enemies":"Jaw Worm","floor":5,"turns":3},{"damage":20,"enemies":"3 Sentries","floor":7,"turns":7},{"damage":5,"enemies":"Lagavulin","floor":10,"turns":7},{"damage":0,"enemies":"Blue Slaver","floor":12,"turns":4},{"damage":0,"enemies":"Lots of Slimes","floor":13,"turns":2},{"damage":11,"enemies":"Gremlin Nob","floor":14,"turns":4},{"damage":26,"enemies":"Slime Boss","floor":16,"turns":10},{"damage":9,"enemies":"3 Byrds","floor":18,"turns":5},{"damage":39,"enemies":"Masked Bandits","floor":19,"turns":4},{"damage":8,"enemies":"Chosen","floor":21,"turns":3}],"seed_played":"5498714751551406793","potions_obtained":[{"floor":5,"key":"GamblersBrew"},{"floor":12,"key":"Explosive Potion"},{"floor":13,"key":"Block Potion"},{"floor":14,"key":"Regen Potion"},{"floor":16,"key":"Weak Potion"},{"floor":18,"key":"Fire Potion"}],"is_trial":false,"path_per_floor":["M","M","?","$","M","R","E","$","T","E","R","M","M","E","R","B",null,"M","?","?","M"],"character_chosen":"THE_SILENT","items_purchased":["Deadly Poison","Poison Potion","Envenom"],"campfire_rested":1,"item_purchase_floors":[4,4,8],"current_hp_per_floor":[59,50,43,43,42,42,22,22,22,17,36,36,36,25,25,14,53,44,5,5,0],"gold":209,"neow_bonus":"UPGRADE_CARD","is_prod":false,"is_daily":false,"chose_seed":false,"campfire_upgraded":2,"win_rate":0,"timestamp":1560553978,"path_taken":["M","M","?","$","M","R","E","$","T","E","R","M","M","E","R","BOSS","M","?","?","M"],"build_version":"2019-06-13","purchased_purges":0,"victory":false,"max_hp_per_floor":[66,66,66,66,66,66,66,66,66,66,66,66,66,66,66,66,66,66,66,66,66],"card_choices":[{"not_picked":["Quick Slash","Slice"],"picked":"Deadly Poison","floor":1},{"not_picked":["Blade Dance","Slice"],"picked":"Dagger Throw","floor":2},{"not_picked":["Blade Dance","Acrobatics"],"picked":"All Out Attack","floor":5},{"not_picked":["Dagger Spray","Masterful Stab","Tools of the Trade"],"picked":"SKIP","floor":7},{"not_picked":["Prepared","Flying Knee","Deflect"],"picked":"SKIP","floor":10},{"not_picked":["Masterful Stab","Bane","Underhanded Strike"],"picked":"SKIP","floor":12},{"not_picked":["Eviscerate","Dagger Spray"],"picked":"Catalyst","floor":13},{"not_picked":["Deflect","Slice"],"picked":"Dash","floor":14},{"not_picked":["Grand Finale","Envenom"],"picked":"Adrenaline","floor":16},{"not_picked":["Dagger Throw","Bane","Sucker Punch"],"picked":"SKIP","floor":18},{"not_picked":["Dodge and Roll","Poisoned Stab"],"picked":"Deflect","floor":19}],"player_experience":2107720,"relics_obtained":[{"floor":7,"key":"The Specimen"},{"floor":9,"key":"Thread and Needle"},{"floor":10,"key":"Smiling Mask"},{"floor":14,"key":"Mummified Hand"},{"floor":19,"key":"Red Mask"}],"event_choices":[{"cards_removed":["Strike_G"],"damage_healed":0,"gold_gain":0,"player_choice":"Card Removal","damage_taken":7,"max_hp_gain":0,"max_hp_loss":0,"event_name":"Golden Wing","floor":3,"gold_loss":0},{"damage_healed":0,"gold_gain":0,"player_choice":"Fought Bandits","damage_taken":0,"max_hp_gain":0,"max_hp_loss":0,"event_name":"Masked Bandits","floor":19,"gold_loss":0},{"damage_healed":0,"gold_gain":0,"player_choice":"Ignored","damage_taken":0,"max_hp_gain":0,"max_hp_loss":0,"event_name":"The Mausoleum","floor":20,"gold_loss":0}],"is_beta":true,"boss_relics":[{"not_picked":["Lizard Tail","White Beast Statue"],"picked":"Eternal Feather"}],"items_purged_floors":[],"is_endless":false,"potions_floor_spawned":[5,12,13,14,16,18],"killed_by":"Chosen","ascension_level":20}