{"gold_per_floor":[109,109,128,144,2,35,82,82,82,94,127,127,143,143,143,221,221,233,19,19,19,33,33,33,33,33,44,44,59,93,113,113,187,187,207,224,238,249,249,281,281,281,281,310,320,320,64,89,89,89,89,89,89,23,57,57],"floor_reached":56,"playtime":4119,"items_purged":["Shame","Injury"],"score":2180,"play_id":"c665a917-4534-4bf6-957c-3707987d44c0","local_time":"20190219154629","is_ascension_mode":true,"campfire_choices":[{"data":"Bouncing Flask","floor":8,"key":"SMITH"},{"data":"Well Laid Plans","floor":12,"key":"SMITH"},{"floor":15,"key":"REST"},{"data":"Footwork","floor":23,"key":"SMITH"},{"data":"Neutralize","floor":25,"key":"SMITH"},{"data":"Footwork","floor":28,"key":"SMITH"},{"floor":32,"key":"REST"},{"floor":42,"key":"REST"},{"floor":46,"key":"RECALL"},{"data":"Envenom","floor":49,"key":"SMITH"},{"data":"Survivor","floor":53,"key":"SMITH"}],"neow_cost":"NONE","seed_source_timestamp":72234226351553,"circlet_count":0,"master_deck":["AscendersBane","Defend_G","Defend_G","Defend_G","Defend_G","Defend_G","Strike_G","Strike_G","Strike_G","Strike_G","Survivor+1","Neutralize+1","Blade Dance","Bouncing Flask+1","Well Laid Plans+1","PiercingWail+1","Footwork+1","Backflip+1","Envenom+1","Crippling Poison+1","Blur+1","Footwork+1","Dodge and Roll+1","Concentrate+1","Blur+1","Dodge and Roll+1","Adrenaline+1","Backflip+1","PiercingWail+1","PiercingWail+1","Cloak And Dagger+1","Footwork","Well Laid Plans+1"],"relics":["Ring of the Snake","NeowsBlessing","Dream Catcher","PreservedInsect","Omamori","Blood Vial","Calling Bell","Snake Skull","Toxic Egg 2","FossilizedHelix","Dead Branch","Bag of Marbles","The Courier","Philosopher\u0027s Stone","Pen Nib","War Paint","Mummified Hand","TwistedFunnel","Prayer Wheel","Art of War"],"potions_floor_usage":[6,11,16,16,33,37,40,40,56],"damage_taken":[{"damage":0,"enemies":"Small Slimes","floor":1,"turns":1},{"damage":0,"enemies":"Cultist","floor":3,"turns":1},{"damage":0,"enemies":"Jaw Worm","floor":4,"turns":1},{"damage":26,"enemies":"3 Sentries","floor":6,"turns":9},{"damage":3,"enemies":"Looter","floor":10,"turns":4},{"damage":0,"enemies":"Gremlin Nob","floor":11,"turns":3},{"damage":0,"enemies":"Exordium Wildlife","floor":13,"turns":3},{"damage":51,"enemies":"Slime Boss","floor":16,"turns":17},{"damage":27,"enemies":"Spheric Guardian","floor":18,"turns":6},{"damage":0,"enemies":"Shell Parasite","floor":22,"turns":8},{"damage":16,"enemies":"Sentry and Sphere","floor":27,"turns":9},{"damage":12,"enemies":"Snake Plant","floor":29,"turns":4},{"damage":23,"enemies":"Slavers","floor":30,"turns":5},{"damage":0,"enemies":"Centurion and Healer","floor":31,"turns":7},{"damage":4,"enemies":"Automaton","floor":33,"turns":10},{"damage":0,"enemies":"Orb Walker","floor":35,"turns":5},{"damage":0,"enemies":"3 Shapes","floor":36,"turns":5},{"damage":25,"enemies":"Jaw Worm Horde","floor":37,"turns":7},{"damage":3,"enemies":"Writhing Mass","floor":38,"turns":7},{"damage":3,"enemies":"Reptomancer","floor":40,"turns":7},{"damage":0,"enemies":"Nemesis","floor":44,"turns":9},{"damage":0,"enemies":"Transient","floor":45,"turns":6},{"damage":0,"enemies":"Reptomancer","floor":48,"turns":5},{"damage":0,"enemies":"Donu and Deca","floor":50,"turns":10},{"damage":15,"enemies":"Time Eater","floor":51,"turns":15},{"damage":12,"enemies":"Shield and Spear","floor":55,"turns":9},{"damage":107,"enemies":"The Heart","floor":56,"turns":3}],"seed_played":"-5666343702699562810","potions_obtained":[{"floor":1,"key":"Regen Potion"},{"floor":6,"key":"Energy Potion"},{"floor":13,"key":"SpeedPotion"},{"floor":22,"key":"GhostInAJar"},{"floor":29,"key":"Energy Potion"},{"floor":33,"key":"Energy Potion"},{"floor":37,"key":"PowerPotion"},{"floor":45,"key":"PowerPotion"}],"is_trial":false,"path_per_floor":["M","?","M","M","$","E","T","R","T","M","E","R","M","?","R","B",null,"M","$","?","$","M","R","T","R","T","M","R","M","E","M","R","B",null,"M","M","M","M","?","E","?","R","T","E","M","R","$","E","R","B","B",null,"R","$","E","B"],"character_chosen":"THE_SILENT","items_purchased":["Well Laid Plans","AttackPotion","Crippling Poison+1","Explosive Potion","TwistedFunnel","Footwork"],"campfire_rested":3,"item_purchase_floors":[5,5,19,19,47,54],"current_hp_per_floor":[59,59,59,59,59,33,33,33,33,30,30,30,30,30,49,15,53,28,28,66,66,66,66,66,66,66,50,50,40,19,21,40,38,59,61,63,40,39,39,38,38,57,57,59,61,61,61,63,63,65,51,62,62,62,52,0],"gold":57,"neow_bonus":"THREE_ENEMY_KILL","is_prod":false,"is_daily":false,"chose_seed":false,"campfire_upgraded":7,"win_rate":0,"timestamp":1550591189,"path_taken":["M","?","M","?","$","E","?","R","T","M","E","R","?","?","R","BOSS","M","$","?","?","M","R","?","R","T","M","R","M","E","M","R","BOSS","M","M","M","M","?","E","?","R","T","E","M","R","$","E","R","BOSS","BOSS","R","$","E","BOSS"],"build_version":"2019-02-06","purchased_purges":2,"victory":false,"max_hp_per_floor":[66,66,66,66,66,66,66,66,66,66,66,66,66,66,66,66,66,66,66,66,66,66,66,66,66,66,66,66,66,66,66,66,66,66,66,66,66,66,66,66,66,66,66,66,66,66,66,66,66,66,66,66,66,66,66,66],"card_choices":[{"not_picked":["All Out Attack","Dagger Spray"],"picked":"Poisoned Stab","floor":1},{"not_picked":["Distraction","Deflect"],"picked":"Bouncing Flask","floor":3},{"not_picked":["Backflip","Outmaneuver","Cloak And Dagger"],"picked":"SKIP","floor":4},{"not_picked":["Cloak And Dagger","Calculated Gamble","Slice"],"picked":"SKIP","floor":6},{"not_picked":["Prepared","Blade Dance","Sucker Punch"],"picked":"SKIP","floor":10},{"not_picked":["Flechettes","Leg Sweep"],"picked":"PiercingWail","floor":11},{"not_picked":["Heel Hook","Cloak And Dagger"],"picked":"Footwork","floor":13},{"not_picked":["Acrobatics","Outmaneuver"],"picked":"Backflip","floor":15},{"not_picked":["Venomology","Night Terror"],"picked":"Envenom","floor":16},{"not_picked":["Quick Slash","Dagger Spray","Acrobatics+1"],"picked":"SKIP","floor":18},{"not_picked":["Sucker Punch","Flechettes"],"picked":"Blur+1","floor":22},{"not_picked":["Dagger Throw+1","Blade Dance+1"],"picked":"Footwork","floor":27},{"not_picked":["Skewer","Doppelganger+1"],"picked":"Dodge and Roll+1","floor":29},{"not_picked":["Setup+1","Reflex+1"],"picked":"Concentrate+1","floor":30},{"not_picked":["Backflip+1","Infinite Blades+1"],"picked":"Blur+1","floor":31},{"not_picked":["Heel Hook","Predator"],"picked":"Dodge and Roll+1","floor":32},{"not_picked":["After Image","Grand Finale"],"picked":"Adrenaline+1","floor":33},{"not_picked":["Skewer+1","Acrobatics+1"],"picked":"Backflip+1","floor":35},{"not_picked":["Choke","All Out Attack+1","Blur+1"],"picked":"SKIP","floor":36},{"not_picked":["Dash","Flying Knee"],"picked":"PiercingWail+1","floor":37},{"not_picked":["Acrobatics+1","Backflip+1"],"picked":"PiercingWail+1","floor":38},{"not_picked":["Dodge and Roll+1","Sucker Punch+1","Unload"],"picked":"SKIP","floor":40},{"not_picked":["Dodge and Roll+1","Deflect+1"],"picked":"Cloak And Dagger+1","floor":42},{"not_picked":["Predator","Poisoned Stab","Eviscerate"],"picked":"SKIP","floor":44},{"not_picked":["Dagger Throw","Blade Dance+1","Reflex+1"],"picked":"SKIP","floor":45},{"not_picked":["Backflip+1","Deadly Poison+1","A Thousand Cuts"],"picked":"SKIP","floor":48},{"not_picked":["Outmaneuver+1","Acrobatics+1"],"picked":"Well Laid Plans+1","floor":55}],"player_experience":1851252,"relics_obtained":[{"floor":6,"key":"Dream Catcher"},{"floor":7,"key":"PreservedInsect"},{"floor":11,"key":"Omamori"},{"floor":17,"key":"Snake Skull"},{"floor":17,"key":"Toxic Egg 2"},{"floor":17,"key":"FossilizedHelix"},{"floor":24,"key":"Dead Branch"},{"floor":26,"key":"Bag of Marbles"},{"floor":30,"key":"The Courier"},{"floor":40,"key":"Pen Nib"},{"floor":43,"key":"War Paint"},{"floor":44,"key":"Mummified Hand"},{"floor":48,"key":"Prayer Wheel"},{"floor":55,"key":"Art of War"}],"event_choices":[{"damage_healed":0,"gold_gain":0,"cards_transformed":["Strike_G"],"player_choice":"Transformed","damage_taken":0,"max_hp_gain":0,"max_hp_loss":0,"event_name":"Transmorgrifier","floor":2,"gold_loss":0,"cards_obtained":["Blade Dance"]},{"damage_healed":0,"gold_gain":0,"player_choice":"Box","damage_taken":0,"relics_obtained":["Blood Vial"],"max_hp_gain":0,"max_hp_loss":0,"event_name":"Big Fish","floor":14,"gold_loss":0,"cards_obtained":["Regret"]},{"damage_healed":38,"gold_gain":0,"player_choice":"Full Heal","damage_taken":0,"max_hp_gain":0,"max_hp_loss":0,"event_name":"Wheel of Change","floor":20,"gold_loss":0},{"cards_removed":["Poisoned Stab"],"damage_healed":0,"gold_gain":0,"player_choice":"Removed Attack","damage_taken":0,"max_hp_gain":0,"max_hp_loss":0,"event_name":"Falling","floor":39,"gold_loss":0},{"damage_healed":0,"gold_gain":0,"player_choice":"Ignored","damage_taken":0,"max_hp_gain":0,"max_hp_loss":0,"event_name":"Tomb of Lord Red Mask","floor":41,"gold_loss":0}],"is_beta":true,"boss_relics":[{"not_picked":["Coffee Dripper","Tiny House"],"picked":"Calling Bell"},{"not_picked":["Astrolabe","Empty Cage"],"picked":"Philosopher\u0027s Stone"}],"items_purged_floors":[19,47],"is_endless":false,"potions_floor_spawned":[1,6,10,13,22,29,33,36,37,38,45],"killed_by":"The Heart","ascension_level":20}