{"gold_per_floor":[118,68,68,143,143,176,196,196,196,216,391,411,265,265,265,370,370,382,382,397,235,235,235,235,150,150,150,179,104,104,114,114,213,213,224,86,86],"floor_reached":37,"playtime":1382,"items_purged":["Cleave","Reckless Charge"],"score":568,"play_id":"3f5e8f79-ddf7-4748-826c-afe569417b75","local_time":"20190725212905","is_ascension_mode":true,"campfire_choices":[{"data":"Pommel Strike","floor":8,"key":"SMITH"},{"data":"Juggernaut","floor":15,"key":"SMITH"},{"data":"Entrench","floor":23,"key":"SMITH"},{"data":"Demon Form","floor":24,"key":"SMITH"},{"floor":27,"key":"REST"},{"data":"Flame Barrier","floor":30,"key":"SMITH"},{"data":"Metallicize","floor":32,"key":"SMITH"}],"neow_cost":"NONE","seed_source_timestamp":728952130091900,"circlet_count":0,"master_deck":["Bash","Pommel Strike+1","Rage","Metallicize+1","Juggernaut+1","Blind","Demon Form+1","Entrench+1","Pummel","Whirlwind","Headbutt","Disarm","Flame Barrier+1","Shrug It Off","Warcry+1","Warcry+1","Metallicize"],"relics":["Burning Blood","NeowsBlessing","WingedGreaves","Pantograph","Vajra","Pandora\u0027s Box","Toxic Egg 2","Mercury Hourglass","Incense Burner","Philosopher\u0027s Stone"],"potions_floor_usage":[16,31,33],"damage_taken":[{"damage":0,"enemies":"2 Louse","floor":1,"turns":1},{"damage":0,"enemies":"Lagavulin","floor":6,"turns":1},{"damage":0,"enemies":"Small Slimes","floor":7,"turns":1},{"damage":2,"enemies":"Jaw Worm","floor":10,"turns":3},{"damage":13,"enemies":"Blue Slaver","floor":12,"turns":4},{"damage":34,"enemies":"Slime Boss","floor":16,"turns":10},{"damage":33,"enemies":"2 Thieves","floor":18,"turns":4},{"damage":3,"enemies":"3 Byrds","floor":20,"turns":3},{"damage":9,"enemies":"Book of Stabbing","floor":28,"turns":7},{"damage":5,"enemies":"Snake Plant","floor":31,"turns":4},{"damage":14,"enemies":"Champ","floor":33,"turns":9},{"damage":12,"enemies":"3 Shapes","floor":35,"turns":6},{"damage":78,"enemies":"2 Orb Walkers","floor":37,"turns":4}],"seed_played":"6402901153730995990","potions_obtained":[{"floor":7,"key":"LiquidBronze"},{"floor":10,"key":"AttackPotion"},{"floor":12,"key":"Energy Potion"},{"floor":16,"key":"FearPotion"},{"floor":28,"key":"EssenceOfSteel"}],"is_trial":false,"path_per_floor":["M","?","?","?","$","E","M","R","T","M","?","M","$","?","R","B",null,"M","?","M","$","?","R","R","?","T","R","E","?","R","M","R","B",null,"M","$","?"],"character_chosen":"IRONCLAD","items_purchased":["Vajra","Flame Barrier","Shrug It Off","Metallicize"],"campfire_rested":1,"item_purchase_floors":[13,21,21,36],"current_hp_per_floor":[78,78,78,67,67,73,79,79,79,80,80,73,73,73,73,52,73,46,46,49,49,34,34,34,34,34,59,56,56,56,57,57,74,82,76,76,0],"gold":86,"neow_bonus":"THREE_ENEMY_KILL","is_prod":false,"is_daily":false,"chose_seed":false,"campfire_upgraded":6,"win_rate":0,"timestamp":1564057745,"path_taken":["M","?","?","?","?","E","M","R","T","M","?","?","$","?","R","BOSS","M","?","?","$","?","R","R","?","T","R","E","?","R","M","R","BOSS","M","$","?"],"build_version":"2019-07-17","purchased_purges":2,"victory":false,"max_hp_per_floor":[80,80,80,80,80,80,80,80,80,80,80,80,80,80,80,80,80,80,80,80,80,85,85,85,85,85,85,85,85,85,85,85,85,85,85,85,85],"card_choices":[{"not_picked":["Perfected Strike","Bloodletting"],"picked":"Pommel Strike","floor":1},{"not_picked":["Sentinel","Thunderclap","Cleave"],"picked":"SKIP","floor":6},{"not_picked":["Wild Strike","Sword Boomerang","Headbutt"],"picked":"SKIP","floor":7},{"not_picked":["Blood for Blood","Spot Weakness","Evolve"],"picked":"SKIP","floor":10},{"not_picked":["Clothesline","Warcry"],"picked":"Metallicize","floor":12},{"not_picked":["Impervious","Offering"],"picked":"Demon Form","floor":16},{"not_picked":["Headbutt","Cleave","Dual Wield"],"picked":"SKIP","floor":18},{"not_picked":["Pummel","Shockwave"],"picked":"Disarm","floor":20},{"not_picked":["Body Slam+1","Anger+1"],"picked":"Warcry+1","floor":28},{"not_picked":["Body Slam","Anger","Flex+1"],"picked":"SKIP","floor":31},{"not_picked":["Pommel Strike+1","Twin Strike+1"],"picked":"Warcry+1","floor":35}],"player_experience":127741,"relics_obtained":[{"floor":6,"key":"WingedGreaves"},{"floor":9,"key":"Pantograph"},{"floor":26,"key":"Mercury Hourglass"},{"floor":28,"key":"Incense Burner"}],"event_choices":[{"cards_removed":["Strike_R"],"damage_healed":0,"gold_gain":0,"player_choice":"Card Removal","damage_taken":0,"max_hp_gain":0,"max_hp_loss":0,"event_name":"The Cleric","floor":2,"gold_loss":50},{"damage_healed":0,"gold_gain":0,"cards_transformed":["Strike_R"],"player_choice":"Change","damage_taken":0,"max_hp_gain":0,"max_hp_loss":0,"event_name":"Living Wall","floor":3,"gold_loss":0,"cards_obtained":["Rage"]},{"damage_healed":0,"gold_gain":75,"player_choice":"Gather Gold","damage_taken":11,"max_hp_gain":0,"max_hp_loss":0,"event_name":"World of Goop","floor":4,"gold_loss":0},{"damage_healed":0,"gold_gain":175,"player_choice":"AGREE","damage_taken":0,"max_hp_gain":0,"max_hp_loss":0,"event_name":"Liars Game","floor":11,"gold_loss":0,"cards_obtained":["Doubt"]},{"damage_healed":0,"gold_gain":0,"player_choice":"2 cards matched","damage_taken":0,"max_hp_gain":0,"max_hp_loss":0,"event_name":"Match and Keep!","floor":14,"gold_loss":0,"cards_obtained":["Juggernaut","Blind"]},{"cards_removed":["Doubt"],"damage_healed":0,"gold_gain":0,"player_choice":"Purged","damage_taken":0,"max_hp_gain":0,"max_hp_loss":0,"event_name":"Purifier","floor":19,"gold_loss":0},{"damage_healed":0,"gold_gain":0,"player_choice":"Shed Blood","damage_taken":20,"max_hp_gain":5,"max_hp_loss":0,"event_name":"Forgotten Altar","floor":22,"gold_loss":0},{"damage_healed":0,"gold_gain":0,"player_choice":"Obtained Relic","damage_taken":0,"relics_obtained":["Toxic Egg 2"],"max_hp_gain":0,"max_hp_loss":0,"event_name":"Addict","floor":25,"gold_loss":85},{"cards_removed":["Thunderclap"],"damage_healed":0,"gold_gain":0,"player_choice":"Gave Gold","damage_taken":0,"max_hp_gain":0,"max_hp_loss":0,"event_name":"Beggar","floor":29,"gold_loss":75},{"damage_healed":0,"gold_gain":0,"player_choice":"Fight","damage_taken":0,"max_hp_gain":0,"max_hp_loss":0,"event_name":"Mysterious Sphere","floor":37,"gold_loss":0}],"is_beta":false,"boss_relics":[{"not_picked":["Lizard Tail","White Beast Statue"],"picked":"Pandora\u0027s Box"},{"not_picked":["Busted Crown","Fusion Hammer"],"picked":"Philosopher\u0027s Stone"}],"items_purged_floors":[21,36],"is_endless":false,"potions_floor_spawned":[7,10,12,16,28],"killed_by":"2 Orb Walkers","ascension_level":8}