{"gold_per_floor":[128,140,169,191,203,215,256,281,293,305,342,354,391,113,113,190,190,204,204,184,198,198,198],"floor_reached":23,"playtime":753,"items_purged":["Parasite"],"score":414,"play_id":"bf38d094-5558-46cf-a91d-a325fb589fdb","local_time":"20190322181156","is_ascension_mode":true,"campfire_choices":[{"data":"Lockon","floor":6.0,"key":"SMITH"},{"floor":10.0,"key":"REST"},{"data":"Doom and Gloom","floor":15.0,"key":"SMITH"}],"neow_cost":"NONE","seed_source_timestamp":0,"circlet_count":0,"master_deck":["AscendersBane","Strike_B","Strike_B","Strike_B","Defend_B","Defend_B","Defend_B","Defend_B","Zap+1","Dualcast","Rip and Tear","Lockon+1","Gash","Ball Lightning","Cold Snap","Doom and Gloom+1","Biased Cognition","Loop","Defragment","White Noise"],"special_seed":0,"relics":["Cracked Core","MawBank","Matryoshka","Darkstone Periapt","Sundial","Cables","Smiling Mask","Dream Catcher","Velvet Choker"],"potions_floor_usage":[23,23],"damage_taken":[{"damage":4.0,"enemies":"Jaw Worm","floor":1.0,"turns":3.0},{"damage":1.0,"enemies":"Cultist","floor":3.0,"turns":3.0},{"damage":12.0,"enemies":"Small Slimes","floor":4.0,"turns":2.0},{"damage":20.0,"enemies":"Lagavulin","floor":7.0,"turns":7.0},{"damage":10.0,"enemies":"Gremlin Gang","floor":8.0,"turns":4.0},{"damage":31.0,"enemies":"3 Sentries","floor":11.0,"turns":7.0},{"damage":7.0,"enemies":"Gremlin Nob","floor":13.0,"turns":3.0},{"damage":14.0,"enemies":"Hexaghost","floor":16.0,"turns":6.0},{"damage":17,"enemies":"2 Thieves","floor":18,"turns":2},{"damage":11,"enemies":"Spheric Guardian","floor":21,"turns":3},{"damage":31,"enemies":"Slavers","floor":23,"turns":2}],"seed_played":"-7270074478786317147","potions_obtained":[{"floor":1.0,"key":"Swift Potion"},{"floor":8.0,"key":"SteroidPotion"},{"floor":11.0,"key":"Swift Potion"},{"floor":13.0,"key":"AttackPotion"},{"floor":16.0,"key":"Poison Potion"},{"floor":20,"key":"Weak Potion"},{"floor":21,"key":"SkillPotion"}],"is_trial":false,"path_per_floor":["M","?","M","M","?","R","E","M","T","R","E","?","E","$","R","B",null,"M","?","?","M","?","E"],"character_chosen":"DEFECT","items_purchased":["Dream Catcher","Doom and Gloom"],"campfire_rested":1,"item_purchase_floors":[14,14],"current_hp_per_floor":[60,60,59,47,47,47,27,17,17,38,7,30,23,23,23,9,58,41,41,41,30,30,0],"gold":198,"neow_bonus":"RANDOM_COMMON_RELIC","is_prod":false,"is_daily":false,"chose_seed":false,"campfire_upgraded":2,"win_rate":0,"timestamp":1553278316,"path_taken":["M","?","?","M","?","R","E","?","T","R","E","?","E","$","R","BOSS","M","?","?","?","?","E"],"build_version":"2019-03-15","purchased_purges":1,"victory":false,"max_hp_per_floor":[71,71,71,71,71,71,71,71,71,71,71,77,77,74,74,74,74,74,74,74,74,74,74],"card_choices":[{"not_picked":["Double Energy","Gash"],"picked":"Rip and Tear","floor":1.0},{"not_picked":["Storm","Barrage"],"picked":"Lockon","floor":3.0},{"not_picked":["Stack","Redo"],"picked":"Gash","floor":4.0},{"not_picked":["Hologram","Turbo"],"picked":"Ball Lightning","floor":7.0},{"not_picked":["Go for the Eyes","Recycle"],"picked":"Cold Snap","floor":8.0},{"not_picked":["Blizzard","Rebound","Darkness"],"picked":"SKIP","floor":11.0},{"not_picked":["Barrage","Conserve Battery","Chaos"],"picked":"SKIP","floor":13.0},{"not_picked":["Buffer","Fission"],"picked":"Biased Cognition","floor":16.0},{"not_picked":["Scrape","Blizzard"],"picked":"Loop","floor":18},{"not_picked":["FTL","Blizzard"],"picked":"White Noise","floor":21}],"player_experience":1951453,"relics_obtained":[{"floor":7.0,"key":"Matryoshka"},{"floor":9.0,"key":"Darkstone Periapt"},{"floor":9.0,"key":"Sundial"},{"floor":11.0,"key":"Cables"},{"floor":13.0,"key":"Smiling Mask"}],"event_choices":[{"damage_healed":0.0,"max_hp_gain":0.0,"max_hp_loss":0.0,"gold_gain":0.0,"event_name":"Upgrade Shrine","player_choice":"Upgraded","floor":2.0,"gold_loss":0.0,"damage_taken":0.0,"cards_upgraded":["Zap"]},{"cards_removed":["Strike_B"],"damage_healed":0.0,"max_hp_gain":0.0,"max_hp_loss":0.0,"gold_gain":0.0,"event_name":"Purifier","player_choice":"Purged","floor":5.0,"gold_loss":0.0,"damage_taken":0.0},{"damage_healed":17.0,"max_hp_gain":0.0,"max_hp_loss":0.0,"gold_gain":0.0,"event_name":"Mushrooms","player_choice":"Healed and dodged fight","floor":12.0,"gold_loss":0.0,"damage_taken":0.0,"cards_obtained":["Parasite"]},{"damage_healed":0,"gold_gain":0,"player_choice":"Read","damage_taken":0,"max_hp_gain":0,"max_hp_loss":0,"event_name":"The Library","floor":19,"gold_loss":0,"cards_obtained":["Defragment"]},{"damage_healed":0,"gold_gain":0,"player_choice":"Bought 1 Potion","damage_taken":0,"max_hp_gain":0,"max_hp_loss":0,"event_name":"The Woman in Blue","floor":20,"gold_loss":0},{"damage_healed":0,"gold_gain":0,"player_choice":"Ignored","damage_taken":0,"max_hp_gain":0,"max_hp_loss":0,"event_name":"Cursed Tome","floor":22,"gold_loss":0}],"is_beta":true,"boss_relics":[{"not_picked":["Astrolabe","Pandora\u0027s Box"],"picked":"Velvet Choker"}],"items_purged_floors":[14],"is_endless":false,"potions_floor_spawned":[1,8,11,13,16,21],"killed_by":"Slavers","ascension_level":20}