{"gold_per_floor":[111,130,130,130,141,141,172,137,137,155,189,169,169],"floor_reached":13,"playtime":720,"items_purged":[],"score":98,"play_id":"b8be62b3-93c5-4749-8dd7-88492febb2c6","local_time":"20190628204745","is_ascension_mode":true,"campfire_choices":[{"floor":6,"key":"RECALL"}],"neow_cost":"NONE","seed_source_timestamp":212361687769800,"circlet_count":0,"master_deck":["Defend_G","Defend_G","Defend_G","Defend_G","Defend_G","Strike_G","Strike_G+1","Strike_G","Strike_G","Strike_G","Survivor+1","Neutralize","Flying Knee","Quick Slash","Cloak And Dagger","Backflip"],"relics":["Ring of the Snake","Letter Opener","Bag of Preparation"],"potions_floor_usage":[11,11],"damage_taken":[{"damage":4,"enemies":"Jaw Worm","floor":1,"turns":5},{"damage":1,"enemies":"2 Louse","floor":2,"turns":3},{"damage":6,"enemies":"Small Slimes","floor":5,"turns":3},{"damage":26,"enemies":"3 Sentries","floor":7,"turns":9},{"damage":13,"enemies":"2 Fungi Beasts","floor":10,"turns":4},{"damage":30,"enemies":"Lagavulin","floor":11,"turns":14},{"damage":3,"enemies":"Lots of Slimes","floor":13,"turns":1}],"seed_played":"2686217334787912349","potions_obtained":[{"floor":2,"key":"Weak Potion"},{"floor":5,"key":"Ancient Potion"},{"floor":10,"key":"EssenceOfSteel"},{"floor":12,"key":"Strength Potion"}],"is_trial":false,"path_per_floor":["M","M","?","?","M","R","E","?","T","M","E","?","M"],"character_chosen":"THE_SILENT","items_purchased":[],"campfire_rested":0,"item_purchase_floors":[],"current_hp_per_floor":[73,72,57,57,51,51,25,44,44,31,1,1,0],"gold":169,"neow_bonus":"TEN_PERCENT_HP_BONUS","is_prod":false,"is_daily":false,"chose_seed":false,"campfire_upgraded":0,"win_rate":0,"timestamp":1561722465,"path_taken":["M","M","?","?","M","R","E","?","T","M","E","?","M"],"build_version":"2019-01-23","purchased_purges":0,"victory":false,"max_hp_per_floor":[77,77,77,77,77,77,77,77,77,77,77,77,77],"card_choices":[{"not_picked":["Dodge and Roll","Reflex","Catalyst"],"picked":"SKIP","floor":1},{"not_picked":["Crippling Poison","Endless Agony"],"picked":"Flying Knee","floor":2},{"not_picked":["Deadly Poison","Masterful Stab"],"picked":"Quick Slash","floor":5},{"not_picked":["Tactician","Unload","Heel Hook"],"picked":"SKIP","floor":7},{"not_picked":["Crippling Poison","Outmaneuver"],"picked":"Cloak And Dagger","floor":10},{"not_picked":["Masterful Stab","Well Laid Plans"],"picked":"Backflip","floor":11}],"player_experience":18797,"relics_obtained":[{"floor":7,"key":"Letter Opener"},{"floor":11,"key":"Bag of Preparation"}],"event_choices":[{"damage_healed":0,"gold_gain":0,"player_choice":"Entered Light","damage_taken":15,"max_hp_gain":0,"max_hp_loss":0,"event_name":"Shining Light","floor":3,"gold_loss":0,"cards_upgraded":["Survivor","Strike_G"]},{"damage_healed":0,"gold_gain":0,"player_choice":"Ignored","damage_taken":0,"max_hp_gain":0,"max_hp_loss":0,"event_name":"Liars Game","floor":4,"gold_loss":0},{"damage_healed":19,"gold_gain":0,"player_choice":"Healed","damage_taken":0,"max_hp_gain":0,"max_hp_loss":0,"event_name":"The Cleric","floor":8,"gold_loss":35},{"damage_healed":0,"gold_gain":0,"player_choice":"Bought 1 Potion","damage_taken":0,"max_hp_gain":0,"max_hp_loss":0,"event_name":"The Woman in Blue","floor":12,"gold_loss":0}],"is_beta":false,"boss_relics":[],"items_purged_floors":[],"is_endless":false,"potions_floor_spawned":[2,5,10],"killed_by":"Lots of Slimes","ascension_level":1}