{"gold_per_floor":[114,128,142,161,161,161,187,202,202,302,302,313,329,358,358,460,460,473,473,473,491,501,528,528,265,289,389,408,408,217,232,232,329,329,342,201,219,232,232,232,246,246,271,271,271,285,311,328,328,328,328,328,80,105,105],"floor_reached":55,"playtime":4474,"items_purged":["Pain","Strike_G"],"score":731,"play_id":"1f724587-cc58-4e57-a37a-11afaa675140","local_time":"20190629045719","is_ascension_mode":false,"campfire_choices":[{"data":"Bouncing Flask","floor":6,"key":"SMITH"},{"data":"Corpse Explosion","floor":11,"key":"SMITH"},{"floor":15,"key":"REST"},{"data":"Calculated Gamble","floor":24,"key":"SMITH"},{"floor":29,"key":"REST"},{"floor":32,"key":"REST"},{"floor":40,"key":"RECALL"},{"floor":42,"key":"REST"},{"floor":44,"key":"REST"},{"floor":49,"key":"REST"},{"data":"After Image","floor":52,"key":"SMITH"}],"neow_cost":"NONE","seed_source_timestamp":237981025592300,"circlet_count":0,"master_deck":["Defend_G","Defend_G","Defend_G","Defend_G","Defend_G","Survivor","Neutralize","Outmaneuver","Bane","Backflip","Bouncing Flask+1","Corpse Explosion+1","Dagger Spray","Dagger Spray","Prepared","Calculated Gamble+1","Envenom","Backflip+1","Footwork","Bane","Blur","Leg Sweep","Apotheosis","Well Laid Plans","Footwork+1","Infinite Blades+1","After Image","Dagger Throw","After Image+1","Envenom+1","Burst+1","Night Terror+1","Deflect+1","Corpse Explosion","Deadly Poison+1","Deflect+1","Regret","Escape Plan","Bouncing Flask+1","Regret","Blur","Cloak And Dagger","Malaise","Blade Dance+1","Bouncing Flask","Noxious Fumes+1"],"relics":["Ring of the Snake","NeowsBlessing","Tough Bandages","Lantern","Matryoshka","Cursed Key","Art of War","Smiling Mask","Snake Skull","Unceasing Top","Mercury Hourglass","Astrolabe","Dream Catcher","Bronze Scales","Anchor","Pocketwatch","Oddly Smooth Stone","Centennial Puzzle"],"potions_floor_usage":[41,48,55,55,55],"damage_taken":[{"damage":0,"enemies":"Cultist","floor":1,"turns":1},{"damage":0,"enemies":"Small Slimes","floor":2,"turns":1},{"damage":0,"enemies":"2 Louse","floor":3,"turns":1},{"damage":13,"enemies":"Red Slaver","floor":4,"turns":6},{"damage":25,"enemies":"3 Sentries","floor":7,"turns":8},{"damage":3,"enemies":"Blue Slaver","floor":8,"turns":3},{"damage":1,"enemies":"Exordium Thugs","floor":12,"turns":3},{"damage":10,"enemies":"Gremlin Gang","floor":13,"turns":2},{"damage":16,"enemies":"Lagavulin","floor":14,"turns":7},{"damage":6,"enemies":"Hexaghost","floor":16,"turns":9},{"damage":10,"enemies":"2 Thieves","floor":18,"turns":3},{"damage":0,"enemies":"Chosen","floor":21,"turns":4},{"damage":0,"enemies":"Snecko","floor":22,"turns":4},{"damage":11,"enemies":"Slavers","floor":23,"turns":5},{"damage":7,"enemies":"Colosseum Slavers","floor":27,"turns":3},{"damage":16,"enemies":"Colosseum Nobs","floor":27,"turns":4},{"damage":17,"enemies":"Sentry and Sphere","floor":28,"turns":5},{"damage":0,"enemies":"3 Cultists","floor":31,"turns":3},{"damage":42,"enemies":"Champ","floor":33,"turns":10},{"damage":2,"enemies":"Orb Walker","floor":35,"turns":6},{"damage":16,"enemies":"3 Shapes","floor":37,"turns":2},{"damage":6,"enemies":"Sphere and 2 Shapes","floor":38,"turns":6},{"damage":35,"enemies":"3 Darklings","floor":41,"turns":4},{"damage":6,"enemies":"Maw","floor":46,"turns":7},{"damage":6,"enemies":"Giant Head","floor":47,"turns":8},{"damage":12,"enemies":"Transient","floor":48,"turns":5},{"damage":31,"enemies":"Donu and Deca","floor":50,"turns":8},{"damage":46,"enemies":"Shield and Spear","floor":54,"turns":7},{"damage":31,"enemies":"The Heart","floor":55,"turns":2}],"seed_played":"8707096522803458049","potions_obtained":[{"floor":8,"key":"FearPotion"},{"floor":12,"key":"FairyPotion"},{"floor":14,"key":"Strength Potion"},{"floor":16,"key":"Poison Potion"},{"floor":23,"key":"LiquidBronze"},{"floor":33,"key":"PowerPotion"},{"floor":37,"key":"Dexterity Potion"},{"floor":41,"key":"Ancient Potion"},{"floor":47,"key":"Fruit Juice"},{"floor":54,"key":"LiquidBronze"}],"is_trial":false,"path_per_floor":["M","M","M","M","T","R","E","M","T","?","R","M","M","E","R","B",null,"M","?","?","M","M","E","R","$","T","?","M","R","$","M","R","B",null,"M","$","M","M","T","R","M","R","T","R","?","M","E","M","R","B",null,"R","$","E","B"],"character_chosen":"THE_SILENT","items_purchased":["Apotheosis","Well Laid Plans","After Image","Corpse Explosion","Oddly Smooth Stone","Fire Potion"],"campfire_rested":6,"item_purchase_floors":[25,25,30,36,53,53],"current_hp_per_floor":[70,70,70,57,57,57,32,29,29,29,29,28,18,2,23,17,70,60,60,60,60,60,49,49,49,49,26,9,30,30,30,51,9,70,68,68,52,46,46,46,11,32,32,53,53,47,41,34,56,25,75,75,75,29,0],"gold":105,"neow_bonus":"THREE_ENEMY_KILL","is_prod":false,"is_daily":false,"chose_seed":false,"campfire_upgraded":4,"win_rate":0,"timestamp":1561751839,"path_taken":["M","?","?","M","?","R","E","?","T","?","R","?","M","E","R","BOSS","M","?","?","?","M","E","R","$","T","?","M","R","?","M","R","BOSS","M","$","?","M","?","R","M","R","T","R","?","M","E","M","R","BOSS","R","$","E","BOSS"],"build_version":"2019-01-23","purchased_purges":2,"victory":false,"max_hp_per_floor":[70,70,70,70,70,70,70,70,70,70,70,70,70,70,70,70,70,70,70,70,70,70,70,70,70,70,70,70,70,70,70,70,70,70,70,70,70,70,70,70,70,70,70,70,70,70,70,75,75,75,75,75,75,75,75],"card_choices":[{"not_picked":["Poisoned Stab","Backflip"],"picked":"Outmaneuver","floor":1},{"not_picked":["Acrobatics","Tactician"],"picked":"Bane","floor":2},{"not_picked":["Dagger Spray","Underhanded Strike"],"picked":"Backflip","floor":3},{"not_picked":["Flying Knee","Masterful Stab"],"picked":"Bouncing Flask","floor":4},{"not_picked":["Noxious Fumes","Dagger Throw"],"picked":"Corpse Explosion","floor":7},{"not_picked":["Deadly Poison","Skewer"],"picked":"Dagger Spray","floor":8},{"not_picked":["Dodge and Roll","Acrobatics"],"picked":"Dagger Spray","floor":12},{"not_picked":["Dagger Spray","Well Laid Plans"],"picked":"Prepared","floor":13},{"not_picked":["Skewer","Deflect"],"picked":"Calculated Gamble","floor":14},{"not_picked":["Doppelganger","Wraith Form v2"],"picked":"Envenom","floor":16},{"not_picked":["Skewer+1","Expertise"],"picked":"Backflip+1","floor":18},{"not_picked":["Deadly Poison","Dagger Spray"],"picked":"Bane","floor":21},{"not_picked":["Terror","Heel Hook"],"picked":"Blur","floor":22},{"not_picked":["Accuracy","Skewer"],"picked":"Leg Sweep","floor":23},{"not_picked":["Prepared+1","PiercingWail"],"picked":"Footwork+1","floor":27},{"not_picked":["Poisoned Stab","PiercingWail"],"picked":"Infinite Blades+1","floor":28},{"not_picked":["Heel Hook","Predator"],"picked":"Dagger Throw","floor":31},{"not_picked":["Phantasmal Killer","Unload"],"picked":"After Image","floor":33},{"not_picked":["Flying Knee+1","PiercingWail"],"picked":"Deflect+1","floor":35},{"not_picked":["Riddle With Holes","Dagger Spray"],"picked":"Deadly Poison+1","floor":37},{"not_picked":["Acrobatics","PiercingWail"],"picked":"Deflect+1","floor":38},{"not_picked":["Reflex+1","Dodge and Roll"],"picked":"Escape Plan","floor":41},{"not_picked":["Flying Knee","Underhanded Strike+1"],"picked":"Bouncing Flask+1","floor":42},{"not_picked":["Terror+1","Finisher"],"picked":"Blur","floor":44},{"not_picked":["Underhanded Strike","Infinite Blades"],"picked":"Cloak And Dagger","floor":46},{"not_picked":["Dagger Spray","Venomology"],"picked":"Malaise","floor":47},{"not_picked":["Accuracy+1","Sucker Punch+1"],"picked":"Blade Dance+1","floor":48},{"not_picked":["PiercingWail","Bane"],"picked":"Bouncing Flask","floor":49},{"not_picked":["Predator","Quick Slash+1"],"picked":"Noxious Fumes+1","floor":54}],"player_experience":41907,"relics_obtained":[{"floor":7,"key":"Tough Bandages"},{"floor":9,"key":"Lantern"},{"floor":14,"key":"Matryoshka"},{"floor":23,"key":"Art of War"},{"floor":26,"key":"Smiling Mask"},{"floor":26,"key":"Snake Skull"},{"floor":27,"key":"Unceasing Top"},{"floor":27,"key":"Mercury Hourglass"},{"floor":39,"key":"Dream Catcher"},{"floor":39,"key":"Bronze Scales"},{"floor":43,"key":"Anchor"},{"floor":47,"key":"Pocketwatch"},{"floor":54,"key":"Centennial Puzzle"}],"event_choices":[{"damage_healed":0,"gold_gain":100,"player_choice":"Pray","damage_taken":0,"max_hp_gain":0,"max_hp_loss":0,"event_name":"Golden Shrine","floor":10,"gold_loss":0},{"damage_healed":0,"gold_gain":0,"player_choice":"Read","damage_taken":0,"max_hp_gain":0,"max_hp_loss":0,"event_name":"The Library","floor":19,"gold_loss":0,"cards_obtained":["Footwork"]},{"cards_removed":["Strike_G"],"damage_healed":0,"gold_gain":0,"player_choice":"Purged","damage_taken":0,"max_hp_gain":0,"max_hp_loss":0,"event_name":"Purifier","floor":20,"gold_loss":0},{"damage_healed":0,"gold_gain":0,"player_choice":"Fight","damage_taken":0,"max_hp_gain":0,"max_hp_loss":0,"event_name":"Colosseum","floor":27,"gold_loss":0},{"damage_healed":0,"gold_gain":0,"player_choice":"Fought Nobs","damage_taken":0,"max_hp_gain":0,"max_hp_loss":0,"event_name":"Colosseum","floor":27,"gold_loss":0},{"cards_removed":["Iron Wave"],"damage_healed":0,"gold_gain":0,"player_choice":"Took Card","damage_taken":0,"max_hp_gain":0,"max_hp_loss":0,"event_name":"NoteForYourself","floor":45,"gold_loss":0,"cards_obtained":["Iron Wave"]}],"is_beta":false,"boss_relics":[{"not_picked":["Eternal Feather","Philosopher\u0027s Stone"],"picked":"Cursed Key"},{"not_picked":["Empty Cage","Tiny House"],"picked":"Astrolabe"}],"items_purged_floors":[30,53],"is_endless":false,"potions_floor_spawned":[8,12,14,16,22,23,27,27,33,35,37,41,47,54],"killed_by":"The Heart","ascension_level":0}