{"gold_per_floor":[114,114,114,131,150,177,194,268,268,281,293,353,40,55,55,160,160,176,189,189,202,202,202,234,234,234,234,248,73,73,73,73,175,175,195,0,100,148,148,178,195,4,51,77,77,91,91,110,110,110],"floor_reached":51,"playtime":3438,"items_purged":[],"score":720,"play_id":"28f76e9b-f875-4585-a633-cddc5bb10118","local_time":"20190628044619","is_ascension_mode":false,"campfire_choices":[{"floor":15,"key":"REST"},{"floor":23,"key":"REST"},{"data":"Blade Dance","floor":25,"key":"SMITH"},{"data":"1","floor":27,"key":"LIFT"},{"data":"2","floor":30,"key":"LIFT"},{"data":"3","floor":32,"key":"LIFT"},{"data":"After Image","floor":47,"key":"SMITH"},{"floor":49,"key":"REST"}],"neow_cost":"NONE","seed_source_timestamp":151936302318100,"circlet_count":0,"master_deck":["Defend_G","Defend_G+1","Defend_G","Defend_G","Strike_G","Strike_G","Strike_G+1","Strike_G","Strike_G","Survivor+1","Neutralize+1","Dagger Throw","Blade Dance+1","Calculated Gamble+1","Predator","Underhanded Strike","Slice","Backflip","Blade Dance","The Bomb","Die Die Die","Underhanded Strike","Adrenaline","Calculated Gamble","All Out Attack+1","Well Laid Plans","Slice","Mayhem","After Image+1","Slice","Backflip+1","Infinite Blades","Backflip+1","Infinite Blades","Outmaneuver","Finisher+1"],"relics":["Ring of the Snake","Mummified Hand","Pocketwatch","Gambling Chip","WristBlade","Nilry\u0027s Codex","Tingsha","Girya","Black Star","Red Mask","Ice Cream","Tough Bandages","Blood Vial","War Paint","HandDrill","Juzu Bracelet","Ancient Tea Set"],"potions_floor_usage":[33,35,40,40,50,50],"damage_taken":[{"damage":0,"enemies":"Small Slimes","floor":1,"turns":4},{"damage":0,"enemies":"Jaw Worm","floor":4,"turns":3},{"damage":0,"enemies":"Cultist","floor":5,"turns":3},{"damage":26,"enemies":"Lagavulin","floor":6,"turns":9},{"damage":4,"enemies":"Blue Slaver","floor":7,"turns":3},{"damage":2,"enemies":"Looter","floor":10,"turns":3},{"damage":10,"enemies":"Exordium Wildlife","floor":11,"turns":3},{"damage":13,"enemies":"3 Sentries","floor":12,"turns":9},{"damage":0,"enemies":"Lots of Slimes","floor":14,"turns":1},{"damage":25,"enemies":"Hexaghost","floor":16,"turns":10},{"damage":0,"enemies":"Spheric Guardian","floor":18,"turns":3},{"damage":5,"enemies":"3 Byrds","floor":19,"turns":4},{"damage":7,"enemies":"Snake Plant","floor":21,"turns":4},{"damage":14,"enemies":"Slavers","floor":24,"turns":5},{"damage":0,"enemies":"3 Cultists","floor":28,"turns":3},{"damage":25,"enemies":"Champ","floor":33,"turns":6},{"damage":1,"enemies":"3 Darklings","floor":35,"turns":2},{"damage":22,"enemies":"Mind Bloom Boss Battle","floor":37,"turns":5},{"damage":31,"enemies":"2 Orb Walkers","floor":38,"turns":3},{"damage":11,"enemies":"Giant Head","floor":40,"turns":6},{"damage":0,"enemies":"Orb Walker","floor":41,"turns":2},{"damage":0,"enemies":"Jaw Worm Horde","floor":46,"turns":2},{"damage":10,"enemies":"4 Shapes","floor":48,"turns":3},{"damage":62,"enemies":"Time Eater","floor":50,"turns":8}],"seed_played":"1896856079094051945","potions_obtained":[{"floor":1,"key":"Fire Potion"},{"floor":7,"key":"AttackPotion"},{"floor":10,"key":"SkillPotion"},{"floor":11,"key":"SteroidPotion"},{"floor":24,"key":"Strength Potion"},{"floor":33,"key":"Fire Potion"},{"floor":35,"key":"PowerPotion"},{"floor":41,"key":"LiquidBronze"},{"floor":48,"key":"Weak Potion"}],"is_trial":false,"path_per_floor":["M","?","?","M","M","E","M","?","T","M","M","?","$","M","R","B",null,"M","M","?","M","?","R","E","R","T","R","M","$","R","?","R","B",null,"M","?","?","?","?","E","M","$","T","T","?","M","R","M","R","B",null],"character_chosen":"THE_SILENT","items_purchased":["The Bomb","Die Die Die","Mayhem","HandDrill"],"campfire_rested":3,"item_purchase_floors":[13,13,29,42],"current_hp_per_floor":[77,62,62,62,62,36,32,32,32,30,20,7,7,7,30,5,77,77,72,72,65,49,72,58,58,58,58,58,58,58,44,44,19,82,81,81,59,28,72,61,63,63,63,63,63,65,65,57,72,10],"gold":110,"neow_bonus":"TEN_PERCENT_HP_BONUS","is_prod":false,"is_daily":false,"chose_seed":false,"campfire_upgraded":2,"win_rate":0.0,"timestamp":1561664779,"path_taken":["M","?","?","M","?","E","M","?","T","M","M","?","?","M","R","BOSS","M","?","?","?","?","R","E","R","T","R","M","?","R","?","R","BOSS","M","?","?","?","?","E","M","?","T","?","?","M","R","M","R","BOSS"],"build_version":"2019-01-23","purchased_purges":0,"victory":true,"max_hp_per_floor":[77,77,77,77,77,77,77,77,77,77,77,77,77,77,77,77,77,77,77,77,77,77,77,77,77,77,77,77,77,77,82,82,82,82,82,82,82,82,72,72,72,72,72,72,72,72,72,72,72,72],"card_choices":[{"not_picked":["Heel Hook","Deflect"],"picked":"Dagger Throw","floor":1},{"not_picked":["All Out Attack","Flying Knee"],"picked":"Blade Dance","floor":4},{"not_picked":["Dagger Throw","Sucker Punch"],"picked":"Calculated Gamble","floor":5},{"not_picked":["Terror","Noxious Fumes"],"picked":"Predator","floor":6},{"not_picked":["Dodge and Roll","Caltrops"],"picked":"Underhanded Strike","floor":7},{"not_picked":["Noxious Fumes","Skewer"],"picked":"Slice","floor":10},{"not_picked":["Predator","Deflect"],"picked":"Backflip","floor":11},{"not_picked":["Masterful Stab","Noxious Fumes"],"picked":"Blade Dance","floor":12},{"not_picked":["Bane","A Thousand Cuts"],"picked":"Underhanded Strike","floor":14},{"not_picked":["Wraith Form v2","A Thousand Cuts"],"picked":"Adrenaline","floor":16},{"not_picked":["Acrobatics","Infinite Blades"],"picked":"Calculated Gamble","floor":18},{"not_picked":["Poisoned Stab","Escape Plan"],"picked":"All Out Attack+1","floor":19},{"not_picked":["Dagger Spray","Poisoned Stab+1"],"picked":"Well Laid Plans","floor":21},{"not_picked":["Footwork","Flechettes","Riddle With Holes"],"picked":"SKIP","floor":24},{"not_picked":["Dash+1","Calculated Gamble"],"picked":"Slice","floor":28},{"not_picked":["Envenom","Wraith Form v2"],"picked":"After Image","floor":33},{"not_picked":["Underhanded Strike","Heel Hook+1"],"picked":"Slice","floor":35},{"not_picked":["Acrobatics","Underhanded Strike"],"picked":"Backflip+1","floor":37},{"not_picked":["Backflip+1","PiercingWail"],"picked":"Infinite Blades","floor":38},{"not_picked":["PiercingWail+1","Slice"],"picked":"Backflip+1","floor":40},{"not_picked":["Backflip","Dodge and Roll+1"],"picked":"Infinite Blades","floor":41},{"not_picked":["Unload","Well Laid Plans+1"],"picked":"Outmaneuver","floor":46},{"not_picked":["Dagger Throw","Deflect+1"],"picked":"Finisher+1","floor":48}],"player_experience":10296,"relics_obtained":[{"floor":6,"key":"Mummified Hand"},{"floor":9,"key":"Pocketwatch"},{"floor":12,"key":"Gambling Chip"},{"floor":22,"key":"Nilry\u0027s Codex"},{"floor":24,"key":"Tingsha"},{"floor":26,"key":"Girya"},{"floor":37,"key":"Ice Cream"},{"floor":38,"key":"Tough Bandages"},{"floor":40,"key":"Blood Vial"},{"floor":40,"key":"War Paint"},{"floor":43,"key":"Juzu Bracelet"},{"floor":44,"key":"Ancient Tea Set"}],"event_choices":[{"damage_healed":0,"gold_gain":0,"player_choice":"Entered Light","damage_taken":15,"max_hp_gain":0,"max_hp_loss":0,"event_name":"Shining Light","floor":2,"gold_loss":0,"cards_upgraded":["Defend_G","Strike_G"]},{"damage_healed":0,"gold_gain":0,"player_choice":"Forge","damage_taken":0,"max_hp_gain":0,"max_hp_loss":0,"event_name":"Accursed Blacksmith","floor":3,"gold_loss":0,"cards_upgraded":["Neutralize"]},{"damage_healed":0,"gold_gain":74,"player_choice":"Gained Gold","damage_taken":0,"max_hp_gain":0,"max_hp_loss":0,"event_name":"Golden Wing","floor":8,"gold_loss":0},{"damage_healed":0,"gold_gain":0,"player_choice":"Searched \u00272\u0027 times","damage_taken":0,"max_hp_gain":0,"max_hp_loss":0,"event_name":"Dead Adventurer","floor":12,"gold_loss":0},{"damage_healed":0,"gold_gain":0,"player_choice":"Bought 0 Potions","damage_taken":0,"max_hp_gain":0,"max_hp_loss":0,"event_name":"The Woman in Blue","floor":20,"gold_loss":0},{"damage_healed":0,"gold_gain":0,"player_choice":"Obtained Book","damage_taken":16,"max_hp_gain":0,"max_hp_loss":0,"event_name":"Cursed Tome","floor":22,"gold_loss":0},{"damage_healed":0,"gold_gain":0,"player_choice":"Shed Blood","damage_taken":19,"max_hp_gain":5,"max_hp_loss":0,"event_name":"Forgotten Altar","floor":31,"gold_loss":0},{"damage_healed":0,"gold_gain":0,"player_choice":"Paid","damage_taken":0,"relics_obtained":["Red Mask"],"max_hp_gain":0,"max_hp_loss":0,"event_name":"Tomb of Lord Red Mask","floor":36,"gold_loss":195},{"damage_healed":0,"gold_gain":0,"player_choice":"Fight","damage_taken":0,"max_hp_gain":0,"max_hp_loss":0,"event_name":"MindBloom","floor":37,"gold_loss":0},{"damage_healed":0,"gold_gain":0,"player_choice":"Fight","damage_taken":0,"max_hp_gain":0,"max_hp_loss":0,"event_name":"Mysterious Sphere","floor":38,"gold_loss":0},{"damage_healed":72,"gold_gain":0,"player_choice":"Heal","damage_taken":0,"max_hp_gain":0,"max_hp_loss":10,"event_name":"The Moai Head","floor":39,"gold_loss":0},{"cards_removed":["Defend_G"],"damage_healed":0,"gold_gain":0,"player_choice":"Offered Basic","damage_taken":0,"max_hp_gain":0,"max_hp_loss":0,"event_name":"Bonfire Elementals","floor":45,"gold_loss":0}],"is_beta":false,"boss_relics":[{"not_picked":["HoveringKite","Velvet Choker"],"picked":"WristBlade"},{"not_picked":["Busted Crown","Cursed Key"],"picked":"Black Star"}],"items_purged_floors":[],"is_endless":false,"potions_floor_spawned":[1,7,10,11,16,24,33,35,41,48],"ascension_level":0}