{"gold_per_floor":[116,134,35,50,50,50,50,85,136,170,170,170,206,236,236,236],"floor_reached":16,"playtime":622,"items_purged":["Strike_R"],"score":232,"play_id":"241be8f3-debf-49dd-b187-867fbb01db61","local_time":"20190813173847","is_ascension_mode":true,"campfire_choices":[{"data":"Uppercut","floor":6.0,"key":"SMITH"},{"data":"Body Slam","floor":12.0,"key":"SMITH"},{"floor":15.0,"key":"REST"}],"neow_cost":"NONE","seed_source_timestamp":0,"circlet_count":0,"master_deck":["AscendersBane","Strike_R","Strike_R","Strike_R","Strike_R","Defend_R","Defend_R","Defend_R","Defend_R","Bash","Pommel Strike","Iron Wave","Body Slam+1","Cleave","Uppercut+1","Rampage","Spot Weakness"],"special_seed":0,"relics":["Burning Blood","Golden Idol","Juzu Bracelet","Smiling Mask","Pear","Boot","Paper Frog","Odd Mushroom"],"potions_floor_usage":[],"damage_taken":[{"damage":12.0,"enemies":"Cultist","floor":1.0,"turns":4.0},{"damage":14.0,"enemies":"2 Louse","floor":2.0,"turns":2.0},{"damage":1.0,"enemies":"Small Slimes","floor":4.0,"turns":3.0},{"damage":6.0,"enemies":"Gremlin Nob","floor":8.0,"turns":3.0},{"damage":25.0,"enemies":"Lagavulin","floor":10.0,"turns":6.0},{"damage":30.0,"enemies":"3 Sentries","floor":13.0,"turns":8.0},{"damage":11.0,"enemies":"The Mushroom Lair","floor":14.0,"turns":4.0},{"damage":38,"enemies":"Slime Boss","floor":16,"turns":8}],"seed_played":"88171217887062893","potions_obtained":[{"floor":1.0,"key":"Fire Potion"},{"floor":2.0,"key":"Strength Potion"},{"floor":8.0,"key":"GamblersBrew"}],"is_trial":false,"path_per_floor":["M","M","$","M","?","R","?","E","T","E","?","R","E","?","R","B"],"character_chosen":"IRONCLAD","items_purchased":["Cleave"],"campfire_rested":1,"item_purchase_floors":[3],"current_hp_per_floor":[62,54,54,59,59,59,59,59,59,50,39,39,15,10,33,0],"gold":236,"neow_bonus":"THREE_CARDS","is_prod":false,"is_daily":false,"chose_seed":false,"campfire_upgraded":2,"win_rate":0,"timestamp":1565714327,"path_taken":["M","M","$","?","?","R","?","E","T","E","?","R","E","?","R","BOSS"],"build_version":"2019-07-18","purchased_purges":1,"victory":false,"max_hp_per_floor":[75,75,75,75,68,68,68,68,68,78,78,78,78,78,78,78],"card_choices":[{"not_picked":["Heavy Blade","Wild Strike"],"picked":"Pommel Strike","floor":0.0},{"not_picked":["Intimidate","Havoc"],"picked":"Iron Wave","floor":1.0},{"not_picked":["Wild Strike","Iron Wave"],"picked":"Body Slam","floor":2.0},{"not_picked":["Rampage","Clash"],"picked":"Uppercut","floor":4.0},{"not_picked":["Armaments","Pommel Strike"],"picked":"Rampage","floor":8.0},{"not_picked":["Sentinel","Thunderclap","Perfected Strike"],"picked":"SKIP","floor":10.0},{"not_picked":["Hemokinesis","Dual Wield"],"picked":"Spot Weakness","floor":13.0}],"player_experience":2311831,"relics_obtained":[{"floor":8.0,"key":"Juzu Bracelet"},{"floor":9.0,"key":"Smiling Mask"},{"floor":10.0,"key":"Pear"},{"floor":13.0,"key":"Paper Frog"},{"floor":14.0,"key":"Odd Mushroom"}],"event_choices":[{"damage_healed":0.0,"max_hp_gain":0.0,"max_hp_loss":7.0,"gold_gain":0.0,"event_name":"Golden Idol","player_choice":"Lose Max HP","floor":5.0,"gold_loss":0.0,"damage_taken":0.0,"relics_obtained":["Golden Idol"]},{"damage_healed":0.0,"max_hp_gain":0.0,"max_hp_loss":0.0,"gold_gain":0.0,"event_name":"The Cleric","player_choice":"Leave","floor":7.0,"gold_loss":0.0,"damage_taken":0.0},{"damage_healed":0.0,"max_hp_gain":0.0,"max_hp_loss":0.0,"gold_gain":0.0,"event_name":"Scrap Ooze","player_choice":"Success","floor":11.0,"gold_loss":0.0,"damage_taken":11.0,"relics_obtained":["Boot"]},{"damage_healed":0.0,"max_hp_gain":0.0,"max_hp_loss":0.0,"gold_gain":0.0,"event_name":"Mushrooms","player_choice":"Fought Mushrooms","floor":14.0,"gold_loss":0.0,"damage_taken":0.0}],"is_beta":true,"boss_relics":[],"items_purged_floors":[3],"is_endless":false,"potions_floor_spawned":[1,2,8],"killed_by":"Slime Boss","ascension_level":20}