{"gold_per_floor":[116,116,116,130,150,150,14,49,127,127,142,14,42,42,42,116,116,127,127],"floor_reached":19,"playtime":705,"items_purged":["Strike_G"],"score":350,"play_id":"37b0072c-c04e-4109-ba10-efa41f720f55","local_time":"20190103135551","is_ascension_mode":true,"campfire_choices":[{"data":"Deadly Poison","floor":6.0,"key":"SMITH"},{"data":"Noxious Fumes","floor":10.0,"key":"SMITH"},{"data":"Neutralize","floor":15.0,"key":"SMITH"}],"neow_cost":"NONE","seed_source_timestamp":0,"circlet_count":0,"master_deck":["AscendersBane","Defend_G","Defend_G","Defend_G","Defend_G","Defend_G","Strike_G","Strike_G","Strike_G","Survivor","Neutralize+1","PiercingWail","Finisher","Deadly Poison+1","Well Laid Plans","Dagger Spray","Noxious Fumes+1","All Out Attack","Deadly Poison","After Image+1","Deflect"],"special_seed":0,"relics":["Ring of the Snake","NeowsBlessing","Bronze Scales","Frozen Egg 2","PreservedInsect","Sozu"],"potions_floor_usage":[],"damage_taken":[{"damage":0.0,"enemies":"Jaw Worm","floor":1.0,"turns":1.0},{"damage":0.0,"enemies":"2 Louse","floor":4.0,"turns":1.0},{"damage":0.0,"enemies":"Cultist","floor":5.0,"turns":1.0},{"damage":41.0,"enemies":"Gremlin Nob","floor":8.0,"turns":5.0},{"damage":3.0,"enemies":"Red Slaver","floor":11.0,"turns":4.0},{"damage":11.0,"enemies":"Lagavulin","floor":13.0,"turns":7.0},{"damage":11.0,"enemies":"Hexaghost","floor":16.0,"turns":9.0},{"damage":14.0,"enemies":"2 Thieves","floor":18.0,"turns":4.0},{"damage":47,"enemies":"Masked Bandits","floor":19,"turns":5}],"seed_played":"8296632818774029304","potions_obtained":[{"floor":4.0,"key":"Regen Potion"},{"floor":5.0,"key":"Ancient Potion"},{"floor":8.0,"key":"SkillPotion"}],"is_trial":false,"path_per_floor":["M","?","?","M","M","R","$","E","T","R","M","$","E","?","R","B",null,"M","?"],"character_chosen":"THE_SILENT","items_purchased":["Dagger Spray","Noxious Fumes","Fire Potion"],"campfire_rested":0,"item_purchase_floors":[7,7,12],"current_hp_per_floor":[59,64,64,64,64,64,64,23,23,23,20,20,24,24,24,13,57,43,0],"gold":127,"neow_bonus":"THREE_ENEMY_KILL","is_prod":false,"is_daily":false,"chose_seed":false,"campfire_upgraded":3,"win_rate":0,"timestamp":1546523751,"path_taken":["M","?","?","?","M","R","$","E","T","R","M","?","E","?","R","BOSS","M","?"],"build_version":"2019-01-02","purchased_purges":1,"victory":false,"max_hp_per_floor":[66,71,71,71,71,71,71,71,71,71,71,71,71,71,71,71,71,71,71],"card_choices":[{"not_picked":["Dodge and Roll","Backflip"],"picked":"PiercingWail","floor":1.0},{"not_picked":["Bane","Flying Knee"],"picked":"Deadly Poison","floor":4.0},{"not_picked":["Deflect","Flying Knee"],"picked":"Well Laid Plans","floor":5.0},{"not_picked":["Night Terror","Reflex"],"picked":"All Out Attack","floor":8.0},{"not_picked":["Tactician","Underhanded Strike","Backflip"],"picked":"SKIP","floor":11.0},{"not_picked":["Quick Slash","Cloak And Dagger"],"picked":"Deadly Poison","floor":13.0},{"not_picked":["Malaise","Venomology"],"picked":"After Image+1","floor":16.0},{"not_picked":["Poisoned Stab","Dagger Throw"],"picked":"Deflect","floor":18.0}],"player_experience":1726030,"relics_obtained":[{"floor":8.0,"key":"Bronze Scales"},{"floor":9.0,"key":"Frozen Egg 2"},{"floor":13.0,"key":"PreservedInsect"}],"event_choices":[{"damage_healed":0.0,"max_hp_gain":5.0,"max_hp_loss":0.0,"gold_gain":0.0,"event_name":"Big Fish","player_choice":"Donut","floor":2.0,"gold_loss":0.0,"damage_taken":0.0},{"damage_healed":0.0,"max_hp_gain":0.0,"max_hp_loss":0.0,"gold_gain":0.0,"cards_transformed":["Strike_G"],"event_name":"Transmorgrifier","player_choice":"Transformed","floor":3.0,"gold_loss":0.0,"damage_taken":0.0,"cards_obtained":["Finisher"]},{"damage_healed":0.0,"max_hp_gain":0.0,"max_hp_loss":0.0,"gold_gain":0.0,"event_name":"Dead Adventurer","player_choice":"Searched \u00270\u0027 times","floor":14.0,"gold_loss":0.0,"damage_taken":0.0},{"damage_healed":0,"gold_gain":0,"player_choice":"Fought Bandits","damage_taken":0,"max_hp_gain":0,"max_hp_loss":0,"event_name":"Masked Bandits","floor":19,"gold_loss":0}],"is_beta":true,"boss_relics":[{"not_picked":["White Beast Statue","Eternal Feather"],"picked":"Sozu"}],"items_purged_floors":[12],"is_endless":false,"potions_floor_spawned":[4,5,8],"killed_by":"Masked Bandits","ascension_level":20}