{"gold_per_floor":[115,127,52,63,82,96,96,96,96,109,109,94,114,124,124,124],"floor_reached":16,"playtime":1005,"items_purged":["Strike_B"],"score":98,"play_id":"cd6e2f85-137f-4607-a813-aa1d6294d8b1","local_time":"20190821125727","is_ascension_mode":false,"campfire_choices":[{"data":"Coolheaded","floor":7,"key":"SMITH"},{"data":"Zap","floor":11,"key":"SMITH"},{"data":"Defend_B","floor":15,"key":"PURGE"}],"neow_cost":"PERCENT_DAMAGE","seed_source_timestamp":9734195137812,"circlet_count":0,"master_deck":["Strike_B","Strike_B","Defend_B","Defend_B","Defend_B","Zap+1","Dualcast","Gash","Coolheaded+1","All For One","Beam Cell"],"relics":["Cracked Core","Nunchaku","Peace Pipe"],"potions_floor_usage":[6,10,12,16],"damage_taken":[{"damage":0,"enemies":"Small Slimes","floor":1,"turns":4},{"damage":6,"enemies":"Cultist","floor":2,"turns":3},{"damage":1,"enemies":"2 Louse","floor":4,"turns":3},{"damage":9,"enemies":"2 Fungi Beasts","floor":5,"turns":3},{"damage":7,"enemies":"Large Slime","floor":6,"turns":6},{"damage":0,"enemies":"3 Louse","floor":10,"turns":3},{"damage":8,"enemies":"Exordium Thugs","floor":12,"turns":2},{"damage":5,"enemies":"Lots of Slimes","floor":13,"turns":3},{"damage":0,"enemies":"Blue Slaver","floor":14,"turns":3},{"damage":18,"enemies":"The Guardian","floor":16,"turns":8}],"seed_played":"6536259471440021040","potions_obtained":[{"floor":4,"key":"SpeedPotion"},{"floor":5,"key":"Weak Potion"},{"floor":6,"key":"SmokeBomb"},{"floor":14,"key":"Weak Potion"}],"is_trial":false,"path_per_floor":["M","M","$","M","M","M","R","?","T","M","R","M","M","M","R","B"],"character_chosen":"DEFECT","items_purchased":[],"campfire_rested":0,"item_purchase_floors":[],"current_hp_per_floor":[54,48,48,47,38,31,31,31,31,31,31,23,18,18,18,0],"gold":124,"neow_bonus":"ONE_RARE_RELIC","is_prod":false,"is_daily":false,"chose_seed":false,"campfire_upgraded":2,"win_rate":0,"timestamp":1566417447,"path_taken":["M","M","$","M","M","M","R","?","T","?","R","M","M","M","R","BOSS"],"build_version":"2019-07-17","purchased_purges":1,"victory":false,"max_hp_per_floor":[75,75,75,75,75,75,75,75,75,75,75,75,75,75,75,75],"card_choices":[{"not_picked":["Beam Cell","Cold Snap","Stack"],"picked":"SKIP","floor":1},{"not_picked":["Beam Cell","Lockon"],"picked":"Gash","floor":2},{"not_picked":["Leap","Conserve Battery","Compile Driver"],"picked":"SKIP","floor":4},{"not_picked":["Turbo","Steam","Leap"],"picked":"SKIP","floor":5},{"not_picked":["Stack","Capacitor"],"picked":"Coolheaded","floor":6},{"not_picked":["Redo","Conserve Battery"],"picked":"All For One","floor":10},{"not_picked":["Reinforced Body","Sunder"],"picked":"Beam Cell","floor":13},{"not_picked":["Redo","Loop","Streamline"],"picked":"SKIP","floor":14}],"player_experience":175718,"relics_obtained":[{"floor":9,"key":"Peace Pipe"}],"event_choices":[{"cards_removed":["Strike_B"],"damage_healed":0,"gold_gain":0,"player_choice":"Purged","damage_taken":0,"max_hp_gain":0,"max_hp_loss":0,"event_name":"Purifier","floor":8,"gold_loss":0}],"is_beta":false,"boss_relics":[],"items_purged_floors":[3],"is_endless":false,"potions_floor_spawned":[4,5,6,14],"killed_by":"The Guardian","ascension_level":0}