{"gold_per_floor":[116,60,72,72,72,72,88,88,88,122,122,142,169,179,179,251,251,261,275,293,12,12,12,27,27,52,68,88,116,116,116],"floor_reached":31,"playtime":1025,"items_purged":[],"score":594,"play_id":"c7986281-73a2-4caf-9caf-581661081152","local_time":"20190126223804","is_ascension_mode":true,"campfire_choices":[{"data":"Ball Lightning","floor":6,"key":"SMITH"},{"floor":8,"key":"REST"},{"data":"Capacitor","floor":15,"key":"SMITH"},{"data":"Go for the Eyes","floor":23,"key":"SMITH"},{"data":"Biased Cognition","floor":25,"key":"SMITH"},{"floor":30,"key":"REST"}],"neow_cost":"NONE","seed_source_timestamp":16278356329082,"circlet_count":0,"master_deck":["AscendersBane","Strike_B","Strike_B+1","Strike_B","Strike_B","Defend_B+1","Defend_B","Defend_B","Defend_B","Zap+1","Dualcast","Streamline","Ball Lightning+1","Glacier","Capacitor+1","Go for the Eyes+1","Biased Cognition+1","Conserve Battery+1","Coolheaded","Echo Form","White Noise","Hologram","Compile Driver+1"],"relics":["Cracked Core","Art of War","Sundial","Omamori","WarpedTongs","Pantograph","Cursed Key","Kunai","Centennial Puzzle","Red Mask"],"potions_floor_usage":[13,18,20,29,29],"damage_taken":[{"damage":10,"enemies":"2 Louse","floor":1,"turns":3},{"damage":7,"enemies":"Small Slimes","floor":3,"turns":3},{"damage":0,"enemies":"Cultist","floor":7,"turns":2},{"damage":8,"enemies":"Gremlin Nob","floor":10,"turns":3},{"damage":7,"enemies":"3 Louse","floor":12,"turns":2},{"damage":11,"enemies":"Lagavulin","floor":13,"turns":5},{"damage":6,"enemies":"Red Slaver","floor":14,"turns":3},{"damage":0,"enemies":"The Guardian","floor":16,"turns":11},{"damage":10,"enemies":"3 Byrds","floor":18,"turns":4},{"damage":4,"enemies":"Chosen","floor":19,"turns":4},{"damage":6,"enemies":"3 Cultists","floor":20,"turns":5},{"damage":0,"enemies":"Centurion and Healer","floor":24,"turns":5},{"damage":4,"enemies":"Shelled Parasite and Fungi","floor":27,"turns":5},{"damage":3,"enemies":"Snake Plant","floor":28,"turns":5},{"damage":22,"enemies":"Masked Bandits","floor":29,"turns":3},{"damage":41,"enemies":"Slavers","floor":31,"turns":2}],"seed_played":"5810499761325328952","potions_obtained":[{"floor":1,"key":"AttackPotion"},{"floor":10,"key":"FearPotion"},{"floor":13,"key":"PowerPotion"},{"floor":18,"key":"Block Potion"},{"floor":24,"key":"Explosive Potion"}],"is_trial":false,"path_per_floor":["M","$","M","?","?","R","M","R","T","E","?","M","E","M","R","B",null,"M","M","M","$","?","R","M","R","T","M","M","?","R","E"],"character_chosen":"DEFECT","items_purchased":["Ball Lightning","Kunai"],"campfire_rested":2,"item_purchase_floors":[2,21],"current_hp_per_floor":[54,54,47,26,26,26,26,47,47,39,39,32,21,15,15,40,63,53,49,43,43,43,43,43,43,43,39,36,14,35,0],"gold":116,"neow_bonus":"RANDOM_COMMON_RELIC","is_prod":false,"is_daily":false,"chose_seed":false,"campfire_upgraded":4,"win_rate":0,"timestamp":1548542284,"path_taken":["M","$","M","?","?","R","M","R","T","E","?","M","E","M","R","BOSS","M","?","M","$","?","R","M","R","T","M","?","?","R","E"],"build_version":"2019-01-23","purchased_purges":0,"victory":false,"max_hp_per_floor":[71,71,71,71,71,71,71,71,71,71,71,71,71,71,71,71,71,71,71,71,71,71,71,71,71,71,71,71,71,71,71],"card_choices":[{"not_picked":["Conserve Battery","Redo"],"picked":"Streamline","floor":1},{"not_picked":["Chill","Fusion","Turbo"],"picked":"SKIP","floor":3},{"not_picked":["Barrage","Skim"],"picked":"Glacier","floor":7},{"not_picked":["Blizzard","Undo","Streamline"],"picked":"SKIP","floor":10},{"not_picked":["Hologram","Recycle"],"picked":"Capacitor","floor":12},{"not_picked":["Gash","Leap"],"picked":"Go for the Eyes","floor":13},{"not_picked":["Stack","Reprogram","Beam Cell"],"picked":"SKIP","floor":14},{"not_picked":["Fission","Machine Learning"],"picked":"Biased Cognition","floor":16},{"not_picked":["Reprogram","Ball Lightning","Undo"],"picked":"SKIP","floor":18},{"not_picked":["Undo","Turbo"],"picked":"Conserve Battery+1","floor":19},{"not_picked":["Streamline","Leap"],"picked":"Coolheaded","floor":20},{"not_picked":["Leap+1","Rebound","Cold Snap"],"picked":"SKIP","floor":24},{"not_picked":["Cold Snap","Conserve Battery"],"picked":"White Noise","floor":27},{"not_picked":["Rip and Tear+1","Hello World"],"picked":"Hologram","floor":28},{"not_picked":["Go for the Eyes","Redo"],"picked":"Compile Driver+1","floor":29}],"player_experience":1780123,"relics_obtained":[{"floor":9,"key":"Sundial"},{"floor":10,"key":"Omamori"},{"floor":13,"key":"Pantograph"},{"floor":26,"key":"Centennial Puzzle"},{"floor":29,"key":"Red Mask"}],"event_choices":[{"damage_healed":0,"gold_gain":0,"player_choice":"Entered Light","damage_taken":21,"max_hp_gain":0,"max_hp_loss":0,"event_name":"Shining Light","floor":4,"gold_loss":0,"cards_upgraded":["Strike_B","Defend_B"]},{"damage_healed":0,"gold_gain":0,"player_choice":"Grow","damage_taken":0,"max_hp_gain":0,"max_hp_loss":0,"event_name":"Living Wall","floor":5,"gold_loss":0,"cards_upgraded":["Zap"]},{"damage_healed":0,"gold_gain":0,"player_choice":"Rummage","damage_taken":0,"relics_obtained":["WarpedTongs"],"max_hp_gain":0,"max_hp_loss":0,"event_name":"Accursed Blacksmith","floor":11,"gold_loss":0,"cards_obtained":["Pain"]},{"damage_healed":0,"gold_gain":0,"player_choice":"1 cards matched","damage_taken":0,"max_hp_gain":0,"max_hp_loss":0,"event_name":"Match and Keep!","floor":22,"gold_loss":0,"cards_obtained":["Echo Form"]},{"damage_healed":0,"gold_gain":0,"player_choice":"Fought Bandits","damage_taken":0,"max_hp_gain":0,"max_hp_loss":0,"event_name":"Masked Bandits","floor":29,"gold_loss":0}],"is_beta":true,"boss_relics":[{"not_picked":["Empty Cage","Velvet Choker"],"picked":"Cursed Key"}],"items_purged_floors":[],"is_endless":false,"potions_floor_spawned":[1,10,13,18,24,27],"killed_by":"Slavers","ascension_level":20}