{"gold_per_floor":[219,219,238,28,46,72,88,88,88,88,98,112,37,62,62,62],"floor_reached":16,"playtime":556,"items_purged":["Strike_G"],"score":274,"play_id":"f8c64701-86c5-497f-9d4f-fc13cde8824f","local_time":"20190307012615","is_ascension_mode":true,"campfire_choices":[{"data":"Neutralize","floor":8.0,"key":"SMITH"},{"data":"Noxious Fumes","floor":10.0,"key":"SMITH"},{"floor":15.0,"key":"REST"}],"neow_cost":"NONE","seed_source_timestamp":76163209093884,"circlet_count":0,"master_deck":["AscendersBane","Defend_G","Defend_G","Defend_G","Defend_G","Defend_G","Strike_G","Strike_G","Strike_G","Strike_G","Survivor","Neutralize+1","Noxious Fumes+1","Bane","Noxious Fumes","Crippling Poison","Glass Knife","PiercingWail"],"special_seed":0,"relics":["Ring of the Snake","CultistMask","Orichalcum","Sundial","Bottled Tornado","Shuriken"],"potions_floor_usage":[],"damage_taken":[{"damage":0.0,"enemies":"Jaw Worm","floor":1.0,"turns":5.0},{"damage":1.0,"enemies":"Cultist","floor":3.0,"turns":5.0},{"damage":2.0,"enemies":"Small Slimes","floor":5.0,"turns":5.0},{"damage":32.0,"enemies":"Lagavulin","floor":6.0,"turns":7.0},{"damage":2.0,"enemies":"Looter","floor":7.0,"turns":4.0},{"damage":5.0,"enemies":"Red Slaver","floor":11.0,"turns":5.0},{"damage":3.0,"enemies":"3 Louse","floor":12.0,"turns":3.0},{"damage":0.0,"enemies":"Gremlin Nob","floor":14.0,"turns":3.0},{"damage":36,"enemies":"Slime Boss","floor":16,"turns":6}],"seed_played":"-1937603805839434280","potions_obtained":[{"floor":6.0,"key":"Weak Potion"},{"floor":11.0,"key":"Poison Potion"},{"floor":12.0,"key":"SteroidPotion"}],"is_trial":false,"path_per_floor":["M","?","M","$","M","E","M","R","T","R","M","M","$","E","R","B"],"character_chosen":"THE_SILENT","items_purchased":["Orichalcum","Noxious Fumes"],"campfire_rested":1,"item_purchase_floors":[4,4],"current_hp_per_floor":[59,59,58,58,56,24,22,22,22,22,17,14,14,14,33,0],"gold":62,"neow_bonus":"HUNDRED_GOLD","is_prod":false,"is_daily":false,"chose_seed":false,"campfire_upgraded":2,"win_rate":0,"timestamp":1551921975,"path_taken":["M","?","M","$","M","E","M","R","T","R","M","M","$","E","R","BOSS"],"build_version":"2019-02-06","purchased_purges":1,"victory":false,"max_hp_per_floor":[66,66,66,66,66,66,66,66,66,66,66,66,66,66,66,66],"card_choices":[{"not_picked":["Dodge and Roll","Poisoned Stab"],"picked":"Noxious Fumes","floor":1.0},{"not_picked":["Deflect","Blade Dance"],"picked":"Bane","floor":3.0},{"not_picked":["Noxious Fumes","Flying Knee"],"picked":"Crippling Poison","floor":5.0},{"not_picked":["Eviscerate","Flechettes","Calculated Gamble"],"picked":"SKIP","floor":6.0},{"not_picked":["Poisoned Stab","Dagger Throw","Dodge and Roll"],"picked":"SKIP","floor":7.0},{"not_picked":["Bane","Backflip","Underhanded Strike"],"picked":"SKIP","floor":11.0},{"not_picked":["Flying Knee","Blade Dance"],"picked":"Glass Knife","floor":12.0},{"not_picked":["Flying Knee","Night Terror"],"picked":"PiercingWail","floor":14.0}],"player_experience":1880634,"relics_obtained":[{"floor":6.0,"key":"Sundial"},{"floor":9.0,"key":"Bottled Tornado"},{"floor":14.0,"key":"Shuriken"}],"event_choices":[{"damage_healed":0.0,"max_hp_gain":0.0,"max_hp_loss":0.0,"gold_gain":0.0,"event_name":"FaceTrader","player_choice":"Trade","floor":2.0,"gold_loss":0.0,"damage_taken":0.0,"relics_obtained":["CultistMask"]}],"is_beta":true,"boss_relics":[],"items_purged_floors":[13],"is_endless":false,"potions_floor_spawned":[6,11,12],"killed_by":"Slime Boss","ascension_level":20}