{"gold_per_floor":[118,35,51,51,69,69,80,106,406,425,425,425],"floor_reached":12,"playtime":400,"items_purged":[],"score":160,"play_id":"d9b62f26-9861-4ea5-bd04-c2b7563c6cbd","local_time":"20190402230249","is_ascension_mode":true,"campfire_choices":[{"data":"Defragment","floor":6,"key":"SMITH"}],"neow_cost":"NONE","seed_source_timestamp":1730906677040489,"circlet_count":0,"master_deck":["AscendersBane","Strike_B","Strike_B","Strike_B","Strike_B","Defend_B","Defend_B+1","Defend_B","Defend_B","Zap","Dualcast+1","Ball Lightning","Gash","Defragment+1","Beam Cell","Coolheaded","Compile Driver","Go for the Eyes"],"relics":["Cracked Core","Shuriken","Old Coin"],"potions_floor_usage":[8,12,12],"damage_taken":[{"damage":1,"enemies":"Cultist","floor":1,"turns":3},{"damage":9,"enemies":"Small Slimes","floor":3,"turns":4},{"damage":6,"enemies":"2 Louse","floor":5,"turns":2},{"damage":4,"enemies":"Red Slaver","floor":7,"turns":3},{"damage":12,"enemies":"3 Sentries","floor":8,"turns":6},{"damage":6,"enemies":"Looter","floor":10,"turns":2},{"damage":8,"enemies":"Lagavulin","floor":12,"turns":4}],"seed_played":"8867535845865399644","potions_obtained":[{"floor":1,"key":"Block Potion"},{"floor":3,"key":"SpeedPotion"},{"floor":8,"key":"Poison Potion"},{"floor":11,"key":"Poison Potion"}],"is_trial":false,"path_per_floor":["M","$","M","?","M","R","M","E","T","M","?","E"],"character_chosen":"DEFECT","items_purchased":["Defragment"],"campfire_rested":0,"item_purchase_floors":[2],"current_hp_per_floor":[63,63,54,33,27,27,23,11,11,5,5,0],"gold":425,"neow_bonus":"THREE_CARDS","is_prod":false,"is_daily":false,"chose_seed":false,"campfire_upgraded":1,"win_rate":0,"timestamp":1554242569,"path_taken":["M","?","M","?","M","R","M","E","T","M","?","E"],"build_version":"2019-03-15","purchased_purges":0,"victory":false,"max_hp_per_floor":[71,71,71,71,71,71,71,71,71,71,71,71],"card_choices":[{"not_picked":["White Noise","Coolheaded"],"picked":"Ball Lightning","floor":0},{"not_picked":["Reprogram","Streamline"],"picked":"Gash","floor":1},{"not_picked":["Hello World","Tempest"],"picked":"Beam Cell","floor":3},{"not_picked":["Tempest","Streamline","Lockon"],"picked":"SKIP","floor":5},{"not_picked":["Sweeping Beam","Hologram"],"picked":"Coolheaded","floor":7},{"not_picked":["Barrage","Creative AI"],"picked":"Compile Driver","floor":8},{"not_picked":["Consume","Double Energy"],"picked":"Go for the Eyes","floor":10}],"player_experience":1982577,"relics_obtained":[{"floor":8,"key":"Shuriken"},{"floor":9,"key":"Old Coin"}],"event_choices":[{"damage_healed":0,"gold_gain":0,"player_choice":"Entered Light","damage_taken":21,"max_hp_gain":0,"max_hp_loss":0,"event_name":"Shining Light","floor":4,"gold_loss":0,"cards_upgraded":["Dualcast","Defend_B"]},{"damage_healed":0,"gold_gain":0,"player_choice":"Got Potions","damage_taken":0,"max_hp_gain":0,"max_hp_loss":0,"event_name":"Lab","floor":11,"gold_loss":0}],"is_beta":true,"boss_relics":[],"items_purged_floors":[],"is_endless":false,"potions_floor_spawned":[1,3,8],"killed_by":"Lagavulin","ascension_level":20}