{"path_per_floor":["M","M","?","M","M","R","E","M","T","?","?","M","M","M","R","B",null,"M","?","M","M","$","R","M","R","T","R","?","?","M","?","R","B",null,"M","?","M","$","?","R","M","R","T","R","$","E","?","M","R","B"],"character_chosen":"IRONCLAD","items_purchased":["Body Slam","Gremlin Horn","Warcry","Bottled Lightning","Lantern","Deep Breath"],"gold_per_floor":[20,36,36,55,67,67,96,113,137,137,137,161,180,198,198,326,326,350,350,370,394,12,12,35,35,35,35,76,76,99,199,199,327,327,346,346,361,21,243,243,261,261,261,261,10,51,151,164,164,164],"floor_reached":51,"campfire_rested":0,"playtime":2687,"item_purchase_floors":[22,22,22,38,45,45],"current_hp_per_floor":[78,80,68,69,68,68,61,67,67,50,50,47,52,53,53,53,74,76,56,56,56,56,56,56,56,56,56,60,60,60,60,60,60,60,60,60,47,47,47,47,64,64,64,64,64,68,68,68,68,68],"items_purged":["Bash","Cleave"],"gold":164,"score":1306,"play_id":"4e2aa8d9-20c3-4627-9504-f18b22c158a5","local_time":"20180522222445","is_prod":false,"is_daily":false,"chose_seed":false,"is_ascension_mode":true,"campfire_upgraded":10,"timestamp":1527024285,"campfire_choices":[{"data":"Armaments","floor":6,"key":"SMITH"},{"data":"Corruption","floor":15,"key":"SMITH"},{"data":"Barricade","floor":23,"key":"SMITH"},{"data":"Armaments","floor":25,"key":"SMITH"},{"data":"Body Slam","floor":27,"key":"SMITH"},{"data":"Battle Trance","floor":32,"key":"SMITH"},{"data":"True Grit","floor":40,"key":"SMITH"},{"data":"Panacea","floor":42,"key":"SMITH"},{"data":"Warcry","floor":44,"key":"SMITH"},{"data":"Deep Breath","floor":49,"key":"SMITH"}],"path_taken":["M","M","?","M","?","R","E","M","T","?","?","M","?","M","R","BOSS","M","?","M","M","$","R","?","R","T","R","?","?","M","?","R","BOSS","M","?","?","$","?","R","M","R","T","R","$","E","?","M","R","BOSS"],"build_version":"2018-05-21v2","seed_source_timestamp":114322060751812,"purchased_purges":2,"victory":true,"master_deck":["Defend_R","Defend_R+1","Defend_R+1","AscendersBane","Armaments+1","Flame Barrier","Carnage","Sever Soul","Battle Trance+1","True Grit+1","Shrug It Off","Corruption+1","Barricade+1","Power Through","Bite","Bite","Bite","Bite","Bite","Armaments+1","True Grit+1","Body Slam+1","Warcry+1","Ghostly Armor+1","Flex","Exhume","Inflame+1","Panacea+1","Burning Pact+1","Deep Breath+1","Battle Trance+1","Shockwave"],"max_hp_per_floor":[80,80,80,80,80,80,87,87,87,87,81,81,81,81,81,81,81,81,56,56,56,56,56,56,56,56,56,60,60,60,60,60,60,60,60,60,64,64,64,64,64,64,64,64,64,68,68,68,68,68],"relics":["Burning Blood","Dead Branch","Strawberry","Art of War","Golden Idol","Runic Dome","Gremlin Horn","Red Mask","Sozu","Bottled Lightning","Regal Pillow","Lantern","Bag of Preparation"],"card_choices":[{"not_picked":["Body Slam","Heavy Blade"],"picked":"Armaments","floor":1},{"not_picked":["Pommel Strike","Sword Boomerang"],"picked":"Flame Barrier","floor":2},{"not_picked":["Blood for Blood","Brutality"],"picked":"Cleave","floor":4},{"not_picked":["Iron Wave","Dual Wield"],"picked":"Carnage","floor":5},{"not_picked":["Combust","Clash"],"picked":"Sever Soul","floor":7},{"not_picked":["Clash","Thunderclap"],"picked":"Battle Trance","floor":8},{"not_picked":["Cleave","Flex"],"picked":"True Grit","floor":12},{"not_picked":["Rage","Havoc"],"picked":"Shrug It Off","floor":13},{"not_picked":["Uppercut","Intimidate"],"picked":"Corruption","floor":14},{"not_picked":["Demon Form","Juggernaut"],"picked":"Barricade","floor":16},{"not_picked":["Cleave","Armaments"],"picked":"Power Through","floor":18},{"not_picked":["Heavy Blade","Carnage"],"picked":"Armaments","floor":20},{"not_picked":["Searing Blow+1","Warcry+1"],"picked":"True Grit+1","floor":21},{"not_picked":["Iron Wave","Searing Blow"],"picked":"Ghostly Armor+1","floor":24},{"not_picked":["Infernal Blade","Intimidate"],"picked":"Flex","floor":30},{"not_picked":["Berserk","Impervious"],"picked":"Exhume","floor":33},{"not_picked":["Body Slam","Blood for Blood"],"picked":"Inflame+1","floor":35},{"not_picked":["Wild Strike","Body Slam+1"],"picked":"Burning Pact+1","floor":37},{"not_picked":["Dropkick","Heavy Blade+1","True Grit"],"picked":"SKIP","floor":41},{"not_picked":["Pummel","Havoc"],"picked":"Battle Trance+1","floor":46},{"not_picked":["Wild Strike+1","Shrug It Off+1"],"picked":"Shockwave","floor":48}],"player_experience":595858,"potions_floor_usage":[16,16,16,18,20,33,33],"damage_taken":[{"damage":0,"enemies":"2 Louse","floor":1,"turns":3},{"damage":0,"enemies":"Jaw Worm","floor":2,"turns":5},{"damage":5,"enemies":"Cultist","floor":4,"turns":4},{"damage":7,"enemies":"Looter","floor":5,"turns":4},{"damage":20,"enemies":"Lagavulin","floor":7,"turns":7},{"damage":0,"enemies":"Large Slime","floor":8,"turns":4},{"damage":9,"enemies":"2 Fungi Beasts","floor":12,"turns":2},{"damage":1,"enemies":"Blue Slaver","floor":13,"turns":3},{"damage":5,"enemies":"Lots of Slimes","floor":14,"turns":2},{"damage":6,"enemies":"Hexaghost","floor":16,"turns":3},{"damage":4,"enemies":"Spheric Guardian","floor":18,"turns":3},{"damage":21,"enemies":"2 Thieves","floor":20,"turns":4},{"damage":0,"enemies":"Sentry and Sphere","floor":21,"turns":6},{"damage":1,"enemies":"Chosen and Byrds","floor":24,"turns":2},{"damage":0,"enemies":"Masked Bandits","floor":28,"turns":3},{"damage":0,"enemies":"Cultist and Chosen","floor":30,"turns":2},{"damage":7,"enemies":"Champ","floor":33,"turns":3},{"damage":4,"enemies":"Orb Walker","floor":35,"turns":2},{"damage":23,"enemies":"Flame Bruiser 1 Orb","floor":37,"turns":3},{"damage":0,"enemies":"3 Darklings","floor":41,"turns":5},{"damage":0,"enemies":"Nemesis","floor":46,"turns":3},{"damage":8,"enemies":"4 Shapes","floor":48,"turns":5},{"damage":3,"enemies":"Donu and Deca","floor":50,"turns":2}],"relics_obtained":[{"floor":7,"key":"Strawberry"},{"floor":9,"key":"Art of War"},{"floor":28,"key":"Red Mask"},{"floor":43,"key":"Regal Pillow"},{"floor":46,"key":"Bag of Preparation"}],"event_choices":[{"event_name":"Scrap Ooze","player_choice":"success","floor":3,"damage_taken":12},{"event_name":"Shining Light","player_choice":"Entered Light","floor":10,"damage_taken":0},{"event_name":"Golden Idol","player_choice":"Lose Max HP","floor":11,"damage_taken":0},{"event_name":"Vampires","player_choice":"Became a vampire","floor":19,"damage_taken":0},{"event_name":"Masked Bandits","player_choice":"Fought over 35 gold","floor":28,"damage_taken":0},{"event_name":"Drug Dealer","player_choice":"Ignored","floor":29,"damage_taken":0},{"event_name":"Golden Shrine","player_choice":"Pray","floor":31,"damage_taken":0},{"event_name":"Match and Keep!","player_choice":"1 cards matched","floor":36,"damage_taken":0},{"event_name":"Tomb of Lord Red Mask","player_choice":"Wore Mask","floor":39,"damage_taken":0},{"event_name":"Golden Shrine","player_choice":"Pray","floor":47,"damage_taken":0}],"boss_relics":[{"not_picked":["Snecko Eye","Velvet Choker"],"picked":"Runic Dome"},{"not_picked":["Pandora\u0027s Box","Philosopher\u0027s Stone"],"picked":"Sozu"}],"items_purged_floors":[22,38],"potions_floor_spawned":[5,7,8,13,14,16,18,28,33,37,48],"seed_played":"-177316582065225556","ascension_level":10,"potions_obtained":[{"floor":5,"key":"Ancient Potion"},{"floor":7,"key":"Swift Potion"},{"floor":8,"key":"EntropicBrew"},{"floor":13,"key":"Poison Potion"},{"floor":18,"key":"EssenceOfSteel"},{"floor":28,"key":"AttackPotion"},{"floor":33,"key":"SpeedPotion"}],"is_trial":false}