{"gold_per_floor":[99,99,99,99,99,99,99,99,99,99,99,99,25,25,25,25,25,25,25,25,25,25,25,25,25,25,25,25,25,25,25,25,25,25,25,25,25,0,0,0,0,0,0,0,0,0,0,0,0,0,0,0,0,0,0],"floor_reached":56,"playtime":4994,"items_purged":[],"score":1130,"play_id":"db1d7f3a-27ee-4c53-b9d8-184784bf9ebe","local_time":"20190823123742","is_ascension_mode":false,"campfire_choices":[{"data":"Perfected Strike","floor":8.0,"key":"SMITH"},{"data":"Searing Blow","floor":11.0,"key":"SMITH"},{"data":"Dual Wield","floor":15.0,"key":"SMITH"},{"data":"Armaments","floor":23.0,"key":"SMITH"},{"data":"Feed","floor":27.0,"key":"SMITH"},{"data":"Ghostly","floor":32.0,"key":"SMITH"},{"data":"Ghostly","floor":40.0,"key":"SMITH"},{"data":"Apotheosis","floor":44.0,"key":"SMITH"},{"floor":49.0,"key":"RECALL"},{"data":"Ghostly","floor":52.0,"key":"SMITH"}],"neow_cost":"NONE","seed_source_timestamp":0,"circlet_count":0,"master_deck":["Strike_R","Strike_R","Strike_R","Strike_R","Strike_R","Defend_R","Defend_R","Defend_R","Defend_R","Bash","Perfected Strike+1","Ghostly Armor","Wild Strike","Searing Blow+1","Wild Strike","Dual Wield+1","Feed+1","Evolve","Ghostly","Ghostly","Ghostly+1","Ghostly+1","Ghostly+1","Armaments+1","Immolate","Metallicize+1","Apotheosis+1"],"special_seed":0,"relics":["Ectoplasm","Pen Nib","Bottled Flame","Gremlin Horn","Snecko Eye","Kunai","Frozen Egg 2","Black Star","Red Mask","Blood Vial","Mercury Hourglass"],"potions_floor_usage":[55,55,55],"damage_taken":[{"damage":0.0,"enemies":"Cultist","floor":1.0,"turns":3.0},{"damage":1.0,"enemies":"Jaw Worm","floor":3.0,"turns":2.0},{"damage":5.0,"enemies":"2 Louse","floor":4.0,"turns":3.0},{"damage":4.0,"enemies":"2 Fungi Beasts","floor":5.0,"turns":2.0},{"damage":4.0,"enemies":"3 Sentries","floor":6.0,"turns":7.0},{"damage":5.0,"enemies":"3 Louse","floor":7.0,"turns":2.0},{"damage":0.0,"enemies":"Blue Slaver","floor":10.0,"turns":1.0},{"damage":0.0,"enemies":"Large Slime","floor":14.0,"turns":4.0},{"damage":54.0,"enemies":"The Guardian","floor":16.0,"turns":8.0},{"damage":0.0,"enemies":"Spheric Guardian","floor":18.0,"turns":2.0},{"damage":0.0,"enemies":"3 Byrds","floor":20.0,"turns":7.0},{"damage":0.0,"enemies":"Centurion and Healer","floor":21.0,"turns":4.0},{"damage":2.0,"enemies":"Cultist and Chosen","floor":25.0,"turns":5.0},{"damage":1.0,"enemies":"Snecko","floor":29.0,"turns":5.0},{"damage":0.0,"enemies":"Centurion and Healer","floor":30.0,"turns":4.0},{"damage":0.0,"enemies":"Cultist and Chosen","floor":31.0,"turns":4.0},{"damage":4.0,"enemies":"Collector","floor":33.0,"turns":6.0},{"damage":1.0,"enemies":"Orb Walker","floor":35.0,"turns":3.0},{"damage":0.0,"enemies":"3 Darklings","floor":36.0,"turns":4.0},{"damage":1.0,"enemies":"Maw","floor":39.0,"turns":9.0},{"damage":0.0,"enemies":"Spire Growth","floor":45.0,"turns":5.0},{"damage":0.0,"enemies":"Transient","floor":46.0,"turns":5.0},{"damage":2.0,"enemies":"Writhing Mass","floor":48.0,"turns":4.0},{"damage":37.0,"enemies":"Time Eater","floor":50.0,"turns":12.0},{"damage":6,"enemies":"Shield and Spear","floor":54,"turns":7},{"damage":80,"enemies":"The Heart","floor":55,"turns":11}],"seed_played":"-6872065466455127333","potions_obtained":[{"floor":1.0,"key":"Fire Potion"},{"floor":5.0,"key":"FearPotion"},{"floor":10.0,"key":"SteroidPotion"},{"floor":16.0,"key":"Poison Potion"},{"floor":20.0,"key":"Dexterity Potion"},{"floor":25.0,"key":"Regen Potion"},{"floor":30.0,"key":"AttackPotion"},{"floor":31.0,"key":"LiquidBronze"},{"floor":54,"key":"Weak Potion"}],"is_trial":false,"path_per_floor":["M","T","M","M","M","E","M","R","T","M","R","?","$","M","R","B",null,"M","?","M","M","?","R","?","M","T","R","?","M","M","M","R","B",null,"M","M","?","?","M","R","?","$","T","R","M","M","?","M","R","B",null,"R","$","E","B",null],"character_chosen":"IRONCLAD","items_purchased":["Dual Wield"],"campfire_rested":0,"item_purchase_floors":[13],"current_hp_per_floor":[80,80,79,74,70,66,61,61,61,61,61,66,66,66,66,12,85,85,42,51,54,45,45,45,46,46,46,46,63,67,71,71,67,74,73,77,77,77,80,80,80,80,80,80,84,84,84,82,82,45,86,86,86,80,2],"gold":0,"neow_bonus":"BOSS_RELIC","is_prod":false,"is_daily":false,"chose_seed":false,"campfire_upgraded":9,"win_rate":0,"timestamp":1566556662,"path_taken":["M","?","M","M","M","E","M","R","T","?","R","?","$","M","R","BOSS","M","?","M","M","?","R","?","M","T","R","?","M","M","?","R","BOSS","M","M","?","?","M","R","?","?","T","R","?","M","?","M","R","BOSS","R","$","E","BOSS"],"build_version":"2019-01-23","purchased_purges":0,"victory":true,"max_hp_per_floor":[80,80,80,80,80,80,80,80,80,80,80,85,85,85,85,85,85,85,42,51,54,59,59,59,62,62,62,62,66,70,74,74,74,74,74,78,78,78,82,82,82,82,82,82,86,86,86,86,86,86,86,86,86,86,86],"card_choices":[{"not_picked":["Combust","Dropkick"],"picked":"Perfected Strike","floor":1.0},{"not_picked":["Anger","True Grit","Body Slam"],"picked":"SKIP","floor":3.0},{"not_picked":["Dropkick","Anger"],"picked":"Ghostly Armor","floor":4.0},{"not_picked":["Headbutt","Clothesline"],"picked":"Wild Strike","floor":5.0},{"not_picked":["Pummel","Inflame"],"picked":"Searing Blow","floor":6.0},{"not_picked":["Iron Wave","Hemokinesis"],"picked":"Wild Strike","floor":7.0},{"not_picked":["Blood for Blood","Warcry","Heavy Blade"],"picked":"SKIP","floor":10.0},{"not_picked":["Blood for Blood","Fire Breathing","Combust"],"picked":"SKIP","floor":14.0},{"not_picked":["Berserk","Barricade"],"picked":"Feed","floor":16.0},{"not_picked":["Twin Strike","Pommel Strike"],"picked":"Evolve","floor":18.0},{"not_picked":["Seeing Red","Infernal Blade","Heavy Blade"],"picked":"SKIP","floor":20.0},{"not_picked":["Metallicize","Infernal Blade+1"],"picked":"Armaments","floor":21.0},{"not_picked":["Searing Blow","Pommel Strike","Anger"],"picked":"SKIP","floor":25.0},{"not_picked":["Headbutt","Dual Wield","Corruption+1"],"picked":"SKIP","floor":29.0},{"not_picked":["Warcry","Seeing Red+1","Uppercut"],"picked":"SKIP","floor":30.0},{"not_picked":["Rage","Fire Breathing+1","Berserk+1"],"picked":"SKIP","floor":31.0},{"not_picked":["Berserk+1","Exhume"],"picked":"Immolate","floor":33.0},{"not_picked":["Uppercut","Twin Strike+1"],"picked":"Metallicize+1","floor":35.0},{"not_picked":["Havoc","Anger+1","Rampage"],"picked":"SKIP","floor":36.0},{"not_picked":["Flex","Evolve+1","Burning Pact"],"picked":"SKIP","floor":39.0},{"not_picked":["Impatience","Master of Strategy"],"picked":"Apotheosis","floor":41.0},{"not_picked":["Carnage","Iron Wave","Clash"],"picked":"SKIP","floor":45.0},{"not_picked":["Whirlwind","Battle Trance","Cleave+1"],"picked":"SKIP","floor":46.0},{"not_picked":["Iron Wave","Carnage","Wild Strike"],"picked":"SKIP","floor":48.0},{"not_picked":["Dropkick","Iron Wave+1","Wild Strike+1"],"picked":"SKIP","floor":54}],"player_experience":301051,"relics_obtained":[{"floor":2.0,"key":"Pen Nib"},{"floor":6.0,"key":"Bottled Flame"},{"floor":9.0,"key":"Gremlin Horn"},{"floor":26.0,"key":"Kunai"},{"floor":54,"key":"Blood Vial"},{"floor":54,"key":"Mercury Hourglass"}],"event_choices":[{"damage_healed":0.0,"max_hp_gain":5.0,"max_hp_loss":0.0,"gold_gain":0.0,"event_name":"Big Fish","player_choice":"Donut","floor":12.0,"gold_loss":0.0,"damage_taken":0.0},{"damage_healed":0.0,"max_hp_gain":0.0,"max_hp_loss":43.0,"gold_gain":0.0,"event_name":"Ghosts","player_choice":"Became a Ghost","floor":19.0,"gold_loss":0.0,"damage_taken":0.0,"cards_obtained":["Ghostly","Ghostly","Ghostly","Ghostly","Ghostly"]},{"damage_healed":0.0,"max_hp_gain":5.0,"max_hp_loss":0.0,"gold_gain":0.0,"event_name":"Forgotten Altar","player_choice":"Shed Blood","floor":22.0,"gold_loss":0.0,"damage_taken":14.0},{"damage_healed":0.0,"max_hp_gain":0.0,"max_hp_loss":0.0,"gold_gain":0.0,"event_name":"The Mausoleum","player_choice":"Opened","floor":28.0,"gold_loss":0.0,"damage_taken":0.0,"relics_obtained":["Frozen Egg 2"]},{"damage_healed":0.0,"max_hp_gain":0.0,"max_hp_loss":0.0,"gold_gain":0.0,"event_name":"Mysterious Sphere","player_choice":"Ignored","floor":37.0,"gold_loss":0.0,"damage_taken":0.0},{"damage_healed":0.0,"max_hp_gain":0.0,"max_hp_loss":0.0,"gold_gain":0.0,"event_name":"Tomb of Lord Red Mask","player_choice":"Paid","floor":38.0,"gold_loss":25.0,"damage_taken":0.0,"relics_obtained":["Red Mask"]},{"damage_healed":0.0,"max_hp_gain":0.0,"max_hp_loss":0.0,"gold_gain":0.0,"event_name":"SensoryStone","player_choice":"Memory 1","floor":41.0,"gold_loss":0.0,"damage_taken":0.0},{"damage_healed":0.0,"max_hp_gain":0.0,"max_hp_loss":0.0,"gold_gain":100.0,"event_name":"Golden Shrine","player_choice":"Pray","floor":47.0,"gold_loss":0.0,"damage_taken":0.0}],"is_beta":false,"boss_relics":[{"not_picked":["Cursed Key","Calling Bell"],"picked":"Snecko Eye"},{"not_picked":["Pandora\u0027s Box","Orrery"],"picked":"Black Star"}],"items_purged_floors":[],"is_endless":false,"potions_floor_spawned":[1,5,10,16,20,25,30,31,33,48,54],"ascension_level":0}