{"gold_per_floor":[210,224,240,250,33,67,67,85,164,182,193,210,210,222,222,318,318,338,338,253,253,263,263,292,292,292,292,13,24,24,24,24,129,129,140,155,172,172,72,72,72,72,96,96,96,96],"floor_reached":46,"playtime":3272,"items_purged":["Defend_B","Zap"],"score":531,"play_id":"1ede4cb8-55f3-4752-96d7-6a8e25ad83d8","local_time":"20190823170047","is_ascension_mode":true,"campfire_choices":[{"data":"Turbo","floor":7,"key":"SMITH"},{"floor":13,"key":"REST"},{"data":"Seek","floor":15,"key":"SMITH"},{"floor":23,"key":"REST"},{"floor":25,"key":"REST"},{"floor":27,"key":"REST"},{"floor":32,"key":"REST"},{"data":"Hologram","floor":40,"key":"SMITH"}],"neow_cost":"NONE","seed_source_timestamp":17375301427982,"circlet_count":0,"master_deck":["Dualcast","Go for the Eyes","Barrage","Hologram","Turbo+1","The Bomb","Seek+1","Hologram+1","Electrodynamics","Rainbow+1","Rainbow+1","Streamline+1","Defragment+1","Bite","Bite","Bite","Bite","Bite","Chill","Cold Snap+1","Darkness+1","Hologram","Heatsinks","All For One","White Noise+1","Madness","Madness","Blind"],"relics":["Cracked Core","Juzu Bracelet","Sundial","Astrolabe","Turnip","Dream Catcher","Singing Bowl","Dodecahedron","Lantern","Empty Cage","Anchor"],"potions_floor_usage":[4,6,11,12,18,22,33,33,46,46],"damage_taken":[{"damage":0,"enemies":"Small Slimes","floor":1,"turns":2},{"damage":0,"enemies":"2 Louse","floor":2,"turns":3},{"damage":7,"enemies":"Jaw Worm","floor":3,"turns":3},{"damage":2,"enemies":"Red Slaver","floor":4,"turns":2},{"damage":16,"enemies":"Gremlin Nob","floor":6,"turns":3},{"damage":8,"enemies":"Blue Slaver","floor":8,"turns":3},{"damage":3,"enemies":"2 Fungi Beasts","floor":10,"turns":3},{"damage":9,"enemies":"Exordium Wildlife","floor":11,"turns":4},{"damage":1,"enemies":"Looter","floor":12,"turns":3},{"damage":9,"enemies":"2 Fungi Beasts","floor":14,"turns":3},{"damage":27,"enemies":"Slime Boss","floor":16,"turns":5},{"damage":13,"enemies":"2 Thieves","floor":18,"turns":2},{"damage":12,"enemies":"Chosen","floor":22,"turns":3},{"damage":39,"enemies":"Book of Stabbing","floor":24,"turns":5},{"damage":0,"enemies":"Centurion and Healer","floor":29,"turns":3},{"damage":51,"enemies":"Collector","floor":33,"turns":9},{"damage":19,"enemies":"Orb Walker","floor":35,"turns":3},{"damage":12,"enemies":"3 Darklings","floor":36,"turns":5},{"damage":30,"enemies":"Jaw Worm Horde","floor":37,"turns":3},{"damage":58,"enemies":"Nemesis","floor":46,"turns":7}],"seed_played":"1501118707116514551","potions_obtained":[{"floor":2,"key":"Poison Potion"},{"floor":3,"key":"Block Potion"},{"floor":4,"key":"FocusPotion"},{"floor":11,"key":"Dexterity Potion"},{"floor":14,"key":"GamblersBrew"},{"floor":16,"key":"PowerPotion"},{"floor":18,"key":"PowerPotion"},{"floor":33,"key":"FearPotion"},{"floor":36,"key":"FearPotion"},{"floor":37,"key":"Ancient Potion"}],"is_trial":false,"path_per_floor":["M","M","M","M","$","E","R","M","T","M","M","M","R","M","R","B",null,"M","?","?","?","M","R","E","R","T","R","$","M","?","?","R","B",null,"M","M","M","?","$","R","?","?","T","?","?","E"],"character_chosen":"DEFECT","items_purchased":["Turbo","The Bomb","Lantern","Dexterity Potion"],"campfire_rested":5,"item_purchase_floors":[5,5,28,28],"current_hp_per_floor":[75,75,68,66,66,50,50,42,42,39,30,29,51,42,42,15,75,62,62,62,52,40,52,21,36,36,53,53,54,54,45,59,16,59,44,36,12,55,55,55,48,48,48,45,45,0],"gold":96,"neow_bonus":"HUNDRED_GOLD","is_prod":false,"is_daily":false,"chose_seed":false,"campfire_upgraded":3,"win_rate":0,"timestamp":1566604847,"path_taken":["M","M","M","M","$","E","R","M","T","M","M","M","R","M","R","BOSS","M","?","?","?","M","R","E","R","T","R","$","M","?","?","R","BOSS","M","M","M","?","$","R","?","?","T","?","?","E"],"build_version":"2019-07-17","purchased_purges":2,"victory":false,"max_hp_per_floor":[75,75,75,75,75,75,75,75,75,75,75,75,75,75,75,75,75,75,75,75,52,52,52,52,52,52,54,54,54,54,59,59,59,59,59,61,63,55,55,55,55,55,55,57,57,57],"card_choices":[{"not_picked":["Leap","Doom and Gloom"],"picked":"Go for the Eyes","floor":1},{"not_picked":["Chaos","Compile Driver"],"picked":"Barrage","floor":2},{"not_picked":["Conserve Battery","Leap","Beam Cell"],"picked":"SKIP","floor":3},{"not_picked":["Compile Driver","Steam"],"picked":"Hologram","floor":4},{"not_picked":["Aggregate","Beam Cell","Doom and Gloom"],"picked":"SKIP","floor":6},{"not_picked":["FTL","Ball Lightning"],"picked":"Skim","floor":8},{"not_picked":["Recycle","BootSequence"],"picked":"Seek","floor":10},{"not_picked":["Rebound","Beam Cell"],"picked":"Hologram","floor":11},{"not_picked":["Chaos","Beam Cell","Streamline"],"picked":"SKIP","floor":12},{"not_picked":["Beam Cell","Steam","Hello World"],"picked":"SKIP","floor":14},{"not_picked":["Multi-Cast","Fission"],"picked":"Electrodynamics","floor":16},{"not_picked":["Cold Snap","Compile Driver"],"picked":"Defragment+1","floor":18},{"not_picked":["Ball Lightning","Gash","Capacitor"],"picked":"SKIP","floor":22},{"not_picked":["Consume","Recycle"],"picked":"Chill","floor":24},{"not_picked":["Redo","Hologram"],"picked":"Cold Snap+1","floor":25},{"not_picked":["Fusion","FTL","Beam Cell"],"picked":"Singing Bowl","floor":27},{"not_picked":["Ball Lightning+1","Turbo"],"picked":"Darkness+1","floor":29},{"not_picked":["Redo","Compile Driver"],"picked":"Heatsinks","floor":32},{"not_picked":["Meteor Strike","Core Surge"],"picked":"All For One","floor":33},{"not_picked":["Recycle+1","Scrape+1"],"picked":"White Noise+1","floor":35},{"not_picked":["Rebound","Lockon+1","Turbo+1"],"picked":"Singing Bowl","floor":36},{"not_picked":["Hello World+1","Steam+1","Barrage+1"],"picked":"Singing Bowl","floor":37},{"not_picked":["Enlightenment","Trip","Bandage Up"],"picked":"Singing Bowl","floor":44},{"not_picked":["Dramatic Entrance","Swift Strike"],"picked":"Blind","floor":44}],"player_experience":202302,"relics_obtained":[{"floor":6,"key":"Juzu Bracelet"},{"floor":9,"key":"Sundial"},{"floor":24,"key":"Singing Bowl"},{"floor":26,"key":"Dodecahedron"},{"floor":43,"key":"Anchor"}],"event_choices":[{"damage_healed":0,"gold_gain":0,"player_choice":"Opened","damage_taken":0,"relics_obtained":["Turnip"],"max_hp_gain":0,"max_hp_loss":0,"event_name":"The Mausoleum","floor":19,"gold_loss":0},{"damage_healed":0,"gold_gain":0,"player_choice":"Obtained Relic","damage_taken":0,"relics_obtained":["Dream Catcher"],"max_hp_gain":0,"max_hp_loss":0,"event_name":"Addict","floor":20,"gold_loss":85},{"damage_healed":0,"gold_gain":0,"player_choice":"Became a vampire","damage_taken":0,"max_hp_gain":0,"max_hp_loss":23,"event_name":"Vampires","floor":21,"gold_loss":0,"cards_obtained":["Bite","Bite","Bite","Bite","Bite"]},{"damage_healed":0,"gold_gain":0,"player_choice":"Read","damage_taken":0,"max_hp_gain":0,"max_hp_loss":0,"event_name":"The Library","floor":30,"gold_loss":0,"cards_obtained":["Hologram"]},{"damage_healed":0,"gold_gain":0,"player_choice":"Shed Blood","damage_taken":14,"max_hp_gain":5,"max_hp_loss":0,"event_name":"Forgotten Altar","floor":31,"gold_loss":0},{"damage_healed":55,"gold_gain":0,"player_choice":"Heal","damage_taken":0,"max_hp_gain":0,"max_hp_loss":8,"event_name":"The Moai Head","floor":38,"gold_loss":0},{"damage_healed":0,"gold_gain":0,"player_choice":"Embrace Madness","damage_taken":7,"max_hp_gain":0,"max_hp_loss":0,"event_name":"Winding Halls","floor":41,"gold_loss":0,"cards_obtained":["Madness","Madness"]},{"cards_removed":["Skim"],"damage_healed":0,"gold_gain":0,"player_choice":"Removed Skill","damage_taken":0,"max_hp_gain":0,"max_hp_loss":0,"event_name":"Falling","floor":42,"gold_loss":0},{"damage_healed":0,"gold_gain":0,"player_choice":"Memory 2","damage_taken":5,"max_hp_gain":0,"max_hp_loss":0,"event_name":"SensoryStone","floor":44,"gold_loss":0},{"damage_healed":0,"gold_gain":0,"player_choice":"Ignored","damage_taken":0,"max_hp_gain":0,"max_hp_loss":0,"event_name":"Mysterious Sphere","floor":45,"gold_loss":0}],"is_beta":false,"boss_relics":[{"not_picked":["Busted Crown","Orrery"],"picked":"Astrolabe"},{"not_picked":["Coffee Dripper","Lizard Tail"],"picked":"Empty Cage"}],"items_purged_floors":[28,39],"is_endless":false,"potions_floor_spawned":[2,3,4,11,14,16,18,33,36,37],"killed_by":"Nemesis","ascension_level":3}