{"gold_per_floor":[118,118,132,146,160,160,191,208,280,309,309,340,356,369,369,445,445,458,468,468,122,122,122,154,166,178,201,240,269,196,208],"floor_reached":31,"playtime":1147,"items_purged":["Strike_R+1"],"score":594,"play_id":"d3b0042f-e151-4e79-86cf-ac222bbc31f1","local_time":"20190716172544","is_ascension_mode":true,"campfire_choices":[{"data":"Carnage","floor":6,"key":"SMITH"},{"data":"Bash","floor":11,"key":"SMITH"},{"data":"Demon Form","floor":15,"key":"SMITH"},{"data":"Disarm","floor":23,"key":"SMITH"},{"data":"Immolate","floor":25,"key":"SMITH"}],"neow_cost":"NONE","seed_source_timestamp":5413952184381,"circlet_count":0,"master_deck":["AscendersBane","Defend_R+1","Defend_R+1","Defend_R+1","Defend_R+1","Bash+1","Battle Trance","Carnage+1","Thunderclap","Anger","Metallicize","Rampage","Feel No Pain","Battle Trance","Shrug It Off","Demon Form+1","Immolate+1","Reckless Charge+1","Evolve+1","Wild Strike+1","Disarm+1","Intimidate","Feel No Pain","Burning Pact","Havoc","Body Slam+1","Warcry+1"],"relics":["Burning Blood","NeowsBlessing","Blue Candle","Self Forming Clay","Torii","Lantern","Astrolabe","Gremlin Horn","MawBank","Pantograph","Darkstone Periapt","Meat on the Bone"],"potions_floor_usage":[7,7,19,24],"damage_taken":[{"damage":0,"enemies":"Small Slimes","floor":1,"turns":1},{"damage":0,"enemies":"Cultist","floor":3,"turns":1},{"damage":0,"enemies":"2 Louse","floor":4,"turns":1},{"damage":22,"enemies":"Large Slime","floor":5,"turns":6},{"damage":10,"enemies":"3 Sentries","floor":7,"turns":9},{"damage":10,"enemies":"Lots of Slimes","floor":8,"turns":4},{"damage":23,"enemies":"Gremlin Nob","floor":10,"turns":4},{"damage":10,"enemies":"3 Sentries","floor":12,"turns":7},{"damage":14,"enemies":"Exordium Wildlife","floor":13,"turns":5},{"damage":1,"enemies":"Large Slime","floor":14,"turns":7},{"damage":6,"enemies":"Hexaghost","floor":16,"turns":7},{"damage":13,"enemies":"Spheric Guardian","floor":18,"turns":4},{"damage":10,"enemies":"Shell Parasite","floor":19,"turns":5},{"damage":2,"enemies":"Slavers","floor":24,"turns":5},{"damage":21,"enemies":"Shelled Parasite and Fungi","floor":27,"turns":3},{"damage":15,"enemies":"Book of Stabbing","floor":28,"turns":6},{"damage":15,"enemies":"Snake Plant","floor":29,"turns":4},{"damage":24,"enemies":"Gremlin Leader","floor":31,"turns":3}],"seed_played":"-2454639429134374198","potions_obtained":[{"floor":3,"key":"Ancient Potion"},{"floor":4,"key":"SpeedPotion"},{"floor":8,"key":"Fire Potion"},{"floor":14,"key":"SkillPotion"},{"floor":19,"key":"Dexterity Potion"},{"floor":29,"key":"Dexterity Potion"}],"is_trial":false,"path_per_floor":["M","?","M","M","M","R","E","M","T","E","R","E","M","M","R","B",null,"M","M","?","$","?","R","E","R","T","M","E","M","?","E"],"character_chosen":"IRONCLAD","items_purchased":["Gremlin Horn"],"campfire_rested":0,"item_purchase_floors":[21],"current_hp_per_floor":[74,74,75,75,59,59,55,51,51,34,34,30,22,27,27,27,63,56,52,52,52,52,52,56,56,56,41,32,23,23,0],"gold":208,"neow_bonus":"THREE_ENEMY_KILL","is_prod":false,"is_daily":false,"chose_seed":false,"campfire_upgraded":5,"win_rate":0,"timestamp":1563294344,"path_taken":["M","?","M","?","?","R","E","M","T","E","R","E","M","M","R","BOSS","M","M","?","$","?","R","E","R","T","M","E","M","?","E"],"build_version":"2019-07-10","purchased_purges":1,"victory":false,"max_hp_per_floor":[75,75,75,75,75,75,75,75,75,75,75,75,75,75,75,75,75,75,75,75,75,75,75,75,75,75,75,75,75,75,75],"card_choices":[{"not_picked":["Warcry","Cleave"],"picked":"Battle Trance","floor":1},{"not_picked":["Twin Strike","Reckless Charge"],"picked":"Carnage","floor":3},{"not_picked":["Entrench","Armaments"],"picked":"Thunderclap","floor":4},{"not_picked":["Pommel Strike","Wild Strike"],"picked":"Anger","floor":5},{"not_picked":["Brutality","Headbutt"],"picked":"Metallicize","floor":7},{"not_picked":["Thunderclap","Headbutt"],"picked":"Rampage","floor":8},{"not_picked":["Pummel","Metallicize"],"picked":"Feel No Pain","floor":10},{"not_picked":["Body Slam","Ghostly Armor"],"picked":"Battle Trance","floor":12},{"not_picked":["True Grit","Flex"],"picked":"Shrug It Off","floor":13},{"not_picked":["Thunderclap","Searing Blow"],"picked":"Demon Form","floor":14},{"not_picked":["Bludgeon","Offering"],"picked":"Immolate","floor":16},{"not_picked":["Uppercut","Perfected Strike"],"picked":"Disarm","floor":18},{"not_picked":["Anger","Cleave"],"picked":"Intimidate","floor":19},{"not_picked":["Immolate","Power Through+1"],"picked":"Burning Pact","floor":24},{"not_picked":["Metallicize","Intimidate"],"picked":"Havoc","floor":27},{"not_picked":["Metallicize","Sword Boomerang"],"picked":"Body Slam+1","floor":28},{"not_picked":["Perfected Strike","Searing Blow"],"picked":"Warcry+1","floor":29}],"player_experience":2200444,"relics_obtained":[{"floor":7,"key":"Blue Candle"},{"floor":9,"key":"Self Forming Clay"},{"floor":10,"key":"Torii"},{"floor":12,"key":"Lantern"},{"floor":24,"key":"MawBank"},{"floor":26,"key":"Pantograph"},{"floor":28,"key":"Darkstone Periapt"}],"event_choices":[{"cards_removed":["Strike_R"],"damage_healed":0,"gold_gain":0,"player_choice":"Offered Basic","damage_taken":0,"max_hp_gain":0,"max_hp_loss":0,"event_name":"Bonfire Elementals","floor":2,"gold_loss":0},{"damage_healed":0,"gold_gain":0,"player_choice":"Simplicity","damage_taken":0,"max_hp_gain":0,"max_hp_loss":0,"event_name":"Back to Basics","floor":20,"gold_loss":0,"cards_upgraded":["Strike_R","Defend_R","Defend_R","Defend_R","Defend_R"]},{"damage_healed":0,"gold_gain":0,"player_choice":"Read","damage_taken":0,"max_hp_gain":0,"max_hp_loss":0,"event_name":"The Library","floor":22,"gold_loss":0,"cards_obtained":["Feel No Pain"]},{"damage_healed":0,"gold_gain":0,"player_choice":"Obtained Relic","damage_taken":0,"relics_obtained":["Meat on the Bone"],"max_hp_gain":0,"max_hp_loss":0,"event_name":"Addict","floor":30,"gold_loss":85}],"is_beta":true,"boss_relics":[{"not_picked":["Tiny House","Sozu"],"picked":"Astrolabe"}],"items_purged_floors":[21],"is_endless":false,"potions_floor_spawned":[3,4,8,14,16,19,29],"killed_by":"Gremlin Leader","ascension_level":20}