{"gold_per_floor":[116,129,148,148,148,148,165,165,213,138,173,190,205,263,263,364,364,377,377,327,327,341,372,372,386,411,411,441,441,190,223,235,348,360,390,402,514,544,556,568,613,637,702,744,208,242,258,258,258,258],"floor_reached":51,"playtime":2777,"items_purged":["Strike_R","Strike_R","Defend_R","Decay"],"score":1158,"play_id":"4d7fc073-61b2-4134-8717-dc7c245ccb49","local_time":"20190718095153","is_ascension_mode":true,"campfire_choices":[{"data":"Corruption","floor":6,"key":"SMITH"},{"data":"Shrug It Off","floor":8,"key":"SMITH"},{"data":"Double Tap","floor":15,"key":"SMITH"},{"data":"Uppercut","floor":24,"key":"SMITH"},{"data":"Double Tap","floor":32,"key":"SMITH"},{"data":"Bludgeon","floor":40,"key":"SMITH"},{"data":"Transmutation","floor":49,"key":"SMITH"}],"neow_cost":"NONE","seed_source_timestamp":80910668023600,"circlet_count":0,"master_deck":["Defend_R","Bash","Corruption+1","Shrug It Off+1","Dropkick","Double Tap+1","Fiend Fire","Bludgeon+1","Dropkick","Bite","Bite","Bite","Bite","Bite","Uppercut+1","Heavy Blade","Pummel","Double Tap+1","Shrug It Off","Feed","Infernal Blade+1","Transmutation+1","Battle Trance","Parasite"],"relics":["Burning Blood","Lantern","Orichalcum","Bag of Preparation","Smiling Mask","Coffee Dripper","Mummified Hand","Juzu Bracelet","Boot","MawBank","Cursed Key","Ice Cream","FossilizedHelix","PreservedInsect","Dodecahedron","Pen Nib","Red Skull","Bottled Flame","Frozen Egg 2"],"potions_floor_usage":[11,16,31,35],"damage_taken":[{"damage":16,"enemies":"Cultist","floor":1,"turns":5},{"damage":4,"enemies":"Jaw Worm","floor":2,"turns":3},{"damage":4,"enemies":"2 Louse","floor":3,"turns":2},{"damage":11,"enemies":"Looter","floor":7,"turns":4},{"damage":19,"enemies":"3 Sentries","floor":11,"turns":11},{"damage":0,"enemies":"Exordium Thugs","floor":12,"turns":3},{"damage":0,"enemies":"2 Fungi Beasts","floor":13,"turns":4},{"damage":0,"enemies":"Gremlin Nob","floor":14,"turns":2},{"damage":0,"enemies":"Slime Boss","floor":16,"turns":7},{"damage":17,"enemies":"2 Thieves","floor":18,"turns":4},{"damage":6,"enemies":"Chosen","floor":22,"turns":3},{"damage":21,"enemies":"Slavers","floor":23,"turns":6},{"damage":0,"enemies":"Snecko","floor":25,"turns":2},{"damage":22,"enemies":"Book of Stabbing","floor":28,"turns":4},{"damage":6,"enemies":"Slavers","floor":31,"turns":4},{"damage":40,"enemies":"Collector","floor":33,"turns":5},{"damage":17,"enemies":"3 Darklings","floor":35,"turns":6},{"damage":26,"enemies":"Mind Bloom Boss Battle","floor":37,"turns":7},{"damage":1,"enemies":"Orb Walker","floor":38,"turns":2},{"damage":3,"enemies":"Giant Head","floor":41,"turns":5},{"damage":0,"enemies":"Jaw Worm Horde","floor":42,"turns":3},{"damage":0,"enemies":"Nemesis","floor":44,"turns":3},{"damage":0,"enemies":"Reptomancer","floor":46,"turns":2},{"damage":0,"enemies":"Maw","floor":47,"turns":6},{"damage":26,"enemies":"Time Eater","floor":50,"turns":4}],"seed_played":"5459724634338859406","potions_obtained":[{"floor":1,"key":"Fire Potion"},{"floor":2,"key":"Ancient Potion"},{"floor":5,"key":"FairyPotion"},{"floor":5,"key":"AttackPotion"},{"floor":13,"key":"SteroidPotion"},{"floor":22,"key":"SpeedPotion"},{"floor":25,"key":"Explosive Potion"},{"floor":35,"key":"GamblersBrew"},{"floor":42,"key":"Swift Potion"}],"is_trial":false,"path_per_floor":["M","M","M","$","?","R","M","R","T","$","E","M","M","?","R","B",null,"M","?","$","?","M","E","R","M","T","?","E","?","$","E","R","B",null,"M","?","?","M","?","R","E","M","T","E","$","E","M","T","R","B",null],"character_chosen":"IRONCLAD","items_purchased":["Double Tap","Shrug It Off","Pen Nib","Red Skull","Transmutation"],"campfire_rested":0,"item_purchase_floors":[30,30,45,45,45],"current_hp_per_floor":[70,72,74,74,74,74,69,69,69,69,56,62,68,74,74,80,80,69,69,69,56,56,56,56,56,56,56,48,48,48,56,56,28,49,56,56,46,56,56,56,59,62,62,62,62,65,68,68,68,48],"gold":258,"neow_bonus":"RANDOM_COMMON_RELIC","is_prod":false,"is_daily":false,"chose_seed":false,"campfire_upgraded":7,"win_rate":0,"timestamp":1563411113,"path_taken":["M","M","?","$","?","R","M","R","T","$","E","?","M","?","R","BOSS","M","?","$","?","?","E","R","M","T","?","E","?","?","E","R","BOSS","M","?","?","M","?","R","E","M","T","E","$","E","M","?","R","BOSS"],"build_version":"2019-07-05","purchased_purges":4,"victory":true,"max_hp_per_floor":[80,80,80,80,80,80,80,80,80,80,80,80,80,80,80,80,80,80,80,80,56,56,56,56,56,56,56,56,56,56,56,56,56,56,56,56,56,59,59,59,59,62,62,62,62,65,68,68,68,68],"card_choices":[{"not_picked":["Twin Strike","Heavy Blade"],"picked":"Corruption","floor":1},{"not_picked":["Blood for Blood","Anger","Perfected Strike"],"picked":"SKIP","floor":2},{"not_picked":["Warcry","Body Slam"],"picked":"Shrug It Off","floor":3},{"not_picked":["Sword Boomerang","Pummel"],"picked":"Dropkick","floor":7},{"not_picked":["Power Through","Perfected Strike"],"picked":"Double Tap","floor":11},{"not_picked":["Thunderclap","Headbutt","Perfected Strike"],"picked":"SKIP","floor":12},{"not_picked":["Cleave","Pommel Strike"],"picked":"Fiend Fire","floor":13},{"not_picked":["Brutality","Berserk"],"picked":"Bludgeon","floor":16},{"not_picked":["Sword Boomerang","Clothesline","Second Wind"],"picked":"SKIP","floor":18},{"not_picked":["Rupture","Warcry","Entrench"],"picked":"SKIP","floor":22},{"not_picked":["Intimidate","Havoc"],"picked":"Uppercut","floor":23},{"not_picked":["Twin Strike","Ghostly Armor+1","Inflame"],"picked":"SKIP","floor":25},{"not_picked":["Perfected Strike","Headbutt","Rupture+1"],"picked":"SKIP","floor":28},{"not_picked":["Pommel Strike","Clothesline+1","Blood for Blood"],"picked":"SKIP","floor":31},{"not_picked":["Berserk","Reaper"],"picked":"Feed","floor":33},{"not_picked":["Clash","Thunderclap+1","Flex"],"picked":"SKIP","floor":35},{"not_picked":["Heavy Blade+1","Flex+1","Rupture+1"],"picked":"SKIP","floor":38},{"not_picked":["Rampage+1","Power Through+1","Iron Wave"],"picked":"SKIP","floor":41},{"not_picked":["Perfected Strike","Reckless Charge"],"picked":"Infernal Blade+1","floor":42},{"not_picked":["Dropkick","Pommel Strike","Heavy Blade"],"picked":"SKIP","floor":44},{"not_picked":["Entrench+1","Heavy Blade","Flex+1"],"picked":"SKIP","floor":46},{"not_picked":["Wild Strike","Intimidate+1"],"picked":"Battle Trance","floor":47}],"player_experience":115994,"relics_obtained":[{"floor":9,"key":"Orichalcum"},{"floor":11,"key":"Bag of Preparation"},{"floor":23,"key":"Mummified Hand"},{"floor":26,"key":"Juzu Bracelet"},{"floor":28,"key":"Boot"},{"floor":31,"key":"MawBank"},{"floor":37,"key":"Ice Cream"},{"floor":41,"key":"FossilizedHelix"},{"floor":43,"key":"PreservedInsect"},{"floor":44,"key":"Dodecahedron"},{"floor":46,"key":"Bottled Flame"},{"floor":48,"key":"Frozen Egg 2"}],"event_choices":[{"damage_healed":0,"gold_gain":0,"player_choice":"Got Potions","damage_taken":0,"max_hp_gain":0,"max_hp_loss":0,"event_name":"Lab","floor":5,"gold_loss":0},{"damage_healed":0,"gold_gain":0,"player_choice":"Searched \u00273\u0027 times","damage_taken":0,"relics_obtained":["Smiling Mask"],"max_hp_gain":0,"max_hp_loss":0,"event_name":"Dead Adventurer","floor":14,"gold_loss":0},{"damage_healed":0,"gold_gain":0,"player_choice":"Read","damage_taken":0,"max_hp_gain":0,"max_hp_loss":0,"event_name":"The Library","floor":19,"gold_loss":0,"cards_obtained":["Dropkick"]},{"damage_healed":0,"gold_gain":0,"player_choice":"Became a vampire","damage_taken":0,"max_hp_gain":0,"max_hp_loss":24,"event_name":"Vampires","floor":21,"gold_loss":0,"cards_obtained":["Bite","Bite","Bite","Bite","Bite"]},{"damage_healed":0,"gold_gain":0,"cards_transformed":["Defend_R","Defend_R"],"player_choice":"Became Test Subject","damage_taken":0,"max_hp_gain":0,"max_hp_loss":0,"event_name":"Drug Dealer","floor":27,"gold_loss":0,"cards_obtained":["Heavy Blade","Pummel"]},{"damage_healed":0,"gold_gain":0,"player_choice":"Ignored","damage_taken":0,"max_hp_gain":0,"max_hp_loss":0,"event_name":"Ghosts","floor":29,"gold_loss":0},{"damage_healed":0,"gold_gain":0,"player_choice":"Ignored","damage_taken":0,"max_hp_gain":0,"max_hp_loss":0,"event_name":"Tomb of Lord Red Mask","floor":36,"gold_loss":0},{"damage_healed":0,"gold_gain":0,"player_choice":"Fight","damage_taken":0,"max_hp_gain":0,"max_hp_loss":0,"event_name":"MindBloom","floor":37,"gold_loss":0},{"damage_healed":0,"gold_gain":0,"player_choice":"Memory 1","damage_taken":0,"max_hp_gain":0,"max_hp_loss":0,"event_name":"SensoryStone","floor":39,"gold_loss":0}],"is_beta":false,"boss_relics":[{"not_picked":["Black Star","Runic Pyramid"],"picked":"Coffee Dripper"},{"not_picked":["Snecko Eye","Philosopher\u0027s Stone"],"picked":"Cursed Key"}],"items_purged_floors":[10,20,30,45],"is_endless":false,"potions_floor_spawned":[1,2,13,14,22,25,28,35,42,47],"ascension_level":5}