{"gold_per_floor":[110,125,125,86,97,97,110,110,191,223,3,32,52,78,78,78],"floor_reached":16,"playtime":708,"items_purged":[],"score":240,"play_id":"d2bb4625-b77b-4e5e-bfaa-8d1b51265b0f","local_time":"20190731155141","is_ascension_mode":true,"campfire_choices":[{"data":"Hemokinesis","floor":6,"key":"SMITH"},{"data":"Bash","floor":8,"key":"SMITH"},{"data":"True Grit","floor":15,"key":"SMITH"}],"neow_cost":"PERCENT_DAMAGE","seed_source_timestamp":1296188772363384,"circlet_count":0,"master_deck":["AscendersBane","Strike_R","Strike_R","Strike_R","Strike_R","Defend_R","Defend_R","Defend_R","Defend_R","Bash+1","Limit Break","Twin Strike","Feel No Pain","Hemokinesis+1","Shockwave","Pommel Strike","Armaments","Spot Weakness","True Grit+1","Clothesline","Sword Boomerang"],"relics":["Burning Blood","Potion Belt","Lantern","Smiling Mask"],"potions_floor_usage":[10,12,14,16,16,16],"damage_taken":[{"damage":6,"enemies":"2 Louse","floor":1,"turns":4},{"damage":1,"enemies":"Cultist","floor":2,"turns":4},{"damage":4,"enemies":"Small Slimes","floor":5,"turns":4},{"damage":23,"enemies":"Gremlin Gang","floor":7,"turns":5},{"damage":24,"enemies":"3 Sentries","floor":10,"turns":12},{"damage":8,"enemies":"Gremlin Nob","floor":12,"turns":3},{"damage":8,"enemies":"Looter","floor":13,"turns":3},{"damage":9,"enemies":"Lagavulin","floor":14,"turns":5},{"damage":54,"enemies":"Hexaghost","floor":16,"turns":9}],"seed_played":"-7015190788279964402","potions_obtained":[{"floor":2,"key":"BloodPotion"},{"floor":5,"key":"LiquidBronze"},{"floor":10,"key":"GamblersBrew"},{"floor":13,"key":"BloodPotion"}],"is_trial":false,"path_per_floor":["M","M","?","$","M","R","M","R","T","E","$","E","M","E","R","B"],"character_chosen":"IRONCLAD","items_purchased":["Hemokinesis","Spot Weakness","SteroidPotion","True Grit","Fire Potion"],"campfire_rested":0,"item_purchase_floors":[4,11,11,11,11],"current_hp_per_floor":[50,55,55,55,57,57,40,40,40,40,40,38,36,33,33,0],"gold":78,"neow_bonus":"THREE_RARE_CARDS","is_prod":false,"is_daily":false,"chose_seed":false,"campfire_upgraded":3,"win_rate":0,"timestamp":1564584701,"path_taken":["M","M","?","?","M","R","M","R","T","E","$","E","M","E","R","BOSS"],"build_version":"2019-07-18","purchased_purges":0,"victory":false,"max_hp_per_floor":[75,75,75,75,75,75,75,75,75,75,75,75,75,75,75,75],"card_choices":[{"not_picked":["Barricade","Brutality"],"picked":"Limit Break","floor":0},{"not_picked":["Flex","True Grit"],"picked":"Twin Strike","floor":1},{"not_picked":["Infernal Blade","Thunderclap"],"picked":"Feel No Pain","floor":2},{"not_picked":["Shrug It Off","Pummel"],"picked":"Shockwave","floor":5},{"not_picked":["Dark Embrace","Flex"],"picked":"Pommel Strike","floor":7},{"not_picked":["Intimidate","Evolve"],"picked":"Armaments","floor":10},{"not_picked":["Armaments","Rupture"],"picked":"Clothesline","floor":12},{"not_picked":["Ghostly Armor","Shockwave","Twin Strike"],"picked":"SKIP","floor":13},{"not_picked":["Carnage","Warcry"],"picked":"Sword Boomerang","floor":14}],"player_experience":2268902,"relics_obtained":[{"floor":10,"key":"Potion Belt"},{"floor":12,"key":"Lantern"},{"floor":14,"key":"Smiling Mask"}],"event_choices":[{"cards_removed":["Strike_R"],"damage_healed":0,"gold_gain":0,"player_choice":"Purged","damage_taken":0,"max_hp_gain":0,"max_hp_loss":0,"event_name":"Purifier","floor":3,"gold_loss":0}],"is_beta":true,"boss_relics":[],"items_purged_floors":[],"is_endless":false,"potions_floor_spawned":[2,5,7,10,13],"killed_by":"Hexaghost","ascension_level":20}