{"gold_per_floor":[115,115,115,133,133,163,163,178,224,250,250,284,284,296,296,373,373,390,407,407,420,438,451,451,470,470,484,516,516,125,40,40,118,118,136,136,147,147,193,224,224,51,51,83,0,0],"floor_reached":46,"playtime":2174,"items_purged":["Lockon"],"score":1107,"play_id":"e554920d-b670-480f-856e-d03c707733f4","local_time":"20190615161449","is_ascension_mode":true,"campfire_choices":[{"data":"Beam Cell","floor":7,"key":"SMITH"},{"data":"Hologram","floor":11,"key":"SMITH"},{"data":"Darkness","floor":13,"key":"SMITH"},{"data":"Ball Lightning","floor":15,"key":"SMITH"},{"data":"White Noise","floor":24,"key":"SMITH"},{"floor":29,"key":"REST"},{"data":"Consume","floor":32,"key":"SMITH"},{"floor":41,"key":"REST"}],"neow_cost":"NONE","seed_source_timestamp":359408405782947,"circlet_count":0,"master_deck":["AscendersBane","Zap+1","Dualcast","Cold Snap","Ball Lightning+1","Force Field","Beam Cell+1","Hologram+1","Genetic Algorithm","Darkness+1","Gash","All For One","Steam Power","White Noise+1","Beam Cell","Capacitor","Stack","Steam","BootSequence","Go for the Eyes","Consume+1","Biased Cognition","Electrodynamics","Loop","FTL","Conserve Battery","Echo Form"],"relics":["Cracked Core","NeowsBlessing","Centennial Puzzle","Orichalcum","Mango","Regal Pillow","Pandora\u0027s Box","Shuriken","PreservedInsect","Lantern","Art of War","Black Star","Torii","Gambling Chip","Darkstone Periapt","Gremlin Horn","Molten Egg 2","Red Mask"],"potions_floor_usage":[16,28,37,39,40],"damage_taken":[{"damage":0,"enemies":"Cultist","floor":1,"turns":1},{"damage":0,"enemies":"2 Louse","floor":4,"turns":1},{"damage":0,"enemies":"3 Sentries","floor":6,"turns":2},{"damage":5,"enemies":"Small Slimes","floor":8,"turns":2},{"damage":2,"enemies":"Gremlin Nob","floor":10,"turns":3},{"damage":19,"enemies":"3 Sentries","floor":12,"turns":10},{"damage":3,"enemies":"Red Slaver","floor":14,"turns":3},{"damage":20,"enemies":"Slime Boss","floor":16,"turns":7},{"damage":37,"enemies":"3 Byrds","floor":18,"turns":5},{"damage":21,"enemies":"2 Thieves","floor":19,"turns":4},{"damage":17,"enemies":"Centurion and Healer","floor":21,"turns":6},{"damage":20,"enemies":"Chosen and Byrds","floor":22,"turns":6},{"damage":31,"enemies":"Shelled Parasite and Fungi","floor":23,"turns":5},{"damage":2,"enemies":"3 Cultists","floor":25,"turns":3},{"damage":6,"enemies":"Snake Plant","floor":27,"turns":3},{"damage":13,"enemies":"Slavers","floor":28,"turns":5},{"damage":10,"enemies":"Champ","floor":33,"turns":9},{"damage":1,"enemies":"Orb Walker","floor":35,"turns":3},{"damage":0,"enemies":"3 Shapes","floor":37,"turns":6},{"damage":29,"enemies":"2 Orb Walkers","floor":39,"turns":5},{"damage":45,"enemies":"Giant Head","floor":40,"turns":7},{"damage":45,"enemies":"Nemesis","floor":44,"turns":5},{"damage":32,"enemies":"Maw","floor":46,"turns":6}],"seed_played":"-4136473663636860021","potions_obtained":[{"floor":1,"key":"FairyPotion"},{"floor":4,"key":"SpeedPotion"},{"floor":12,"key":"AttackPotion"},{"floor":23,"key":"Swift Potion"},{"floor":25,"key":"Block Potion"},{"floor":27,"key":"PowerPotion"},{"floor":28,"key":"SkillPotion"},{"floor":37,"key":"Regen Potion"},{"floor":39,"key":"SpeedPotion"},{"floor":44,"key":"Regen Potion"}],"is_trial":false,"path_per_floor":["M","?","?","M","?","E","R","M","T","E","R","E","R","M","R","B",null,"M","M","?","M","M","M","R","M","T","M","E","R","$","?","R","B",null,"M","?","M","?","?","E","R","$","T","E","?","M"],"character_chosen":"DEFECT","items_purchased":["Lantern","Biased Cognition","Echo Form"],"campfire_rested":2,"item_purchase_floors":[30,30,42],"current_hp_per_floor":[64,69,69,69,69,69,69,64,64,76,76,57,57,54,54,34,76,39,18,100,83,63,32,32,30,30,24,11,56,56,56,56,46,87,86,86,86,86,57,27,70,70,70,25,25,0],"gold":0,"neow_bonus":"THREE_ENEMY_KILL","is_prod":false,"is_daily":false,"chose_seed":false,"campfire_upgraded":6,"win_rate":0,"timestamp":1560611689,"path_taken":["M","?","?","?","?","E","R","M","T","E","R","E","R","?","R","BOSS","M","M","?","?","M","M","R","M","T","M","E","R","$","?","R","BOSS","M","?","M","?","?","E","R","$","T","E","?","M"],"build_version":"2019-06-13","purchased_purges":1,"victory":false,"max_hp_per_floor":[71,76,76,76,76,76,76,76,76,90,90,90,90,90,90,90,90,90,90,100,100,100,100,100,100,100,100,100,100,100,100,100,100,100,100,95,95,95,95,95,95,95,95,95,95,95],"card_choices":[{"not_picked":["Consume","Stack"],"picked":"Cold Snap","floor":1},{"not_picked":["Heatsinks","Leap"],"picked":"Ball Lightning","floor":4},{"not_picked":["Redo","Rebound"],"picked":"Beam Cell","floor":6},{"not_picked":["Steam","Force Field"],"picked":"Hologram","floor":8},{"not_picked":["Machine Learning","Redo"],"picked":"Genetic Algorithm","floor":10},{"not_picked":["Turbo","Hologram"],"picked":"Darkness","floor":12},{"not_picked":["Conserve Battery","Ball Lightning"],"picked":"Gash","floor":14},{"not_picked":["Reboot","Thunder Strike"],"picked":"All For One","floor":16},{"not_picked":["Streamline","Cold Snap","Ball Lightning"],"picked":"SKIP","floor":18},{"not_picked":["Force Field","Tempest"],"picked":"Stack","floor":19},{"not_picked":["Cold Snap","Force Field","Rip and Tear"],"picked":"SKIP","floor":21},{"not_picked":["Rebound+1","Stack"],"picked":"Steam","floor":22},{"not_picked":["Undo","Hologram+1"],"picked":"BootSequence","floor":23},{"not_picked":["Cold Snap","Streamline","Redo"],"picked":"SKIP","floor":25},{"not_picked":["Rip and Tear","Gash"],"picked":"Go for the Eyes","floor":27},{"not_picked":["Coolheaded","Blizzard"],"picked":"Consume","floor":28},{"not_picked":["Biased Cognition","All For One"],"picked":"Electrodynamics","floor":33},{"not_picked":["Steam+1","Stack+1"],"picked":"Loop","floor":35},{"not_picked":["Barrage","Hologram"],"picked":"FTL","floor":37},{"not_picked":["Hologram","Go for the Eyes"],"picked":"Conserve Battery","floor":39},{"not_picked":["Genetic Algorithm","Darkness","Reprogram"],"picked":"SKIP","floor":40},{"not_picked":["Rebound","Machine Learning","Hologram"],"picked":"SKIP","floor":44}],"player_experience":2108557,"relics_obtained":[{"floor":6,"key":"Centennial Puzzle"},{"floor":9,"key":"Orichalcum"},{"floor":10,"key":"Mango"},{"floor":12,"key":"Regal Pillow"},{"floor":26,"key":"Shuriken"},{"floor":28,"key":"PreservedInsect"},{"floor":39,"key":"Torii"},{"floor":40,"key":"Gambling Chip"},{"floor":40,"key":"Darkstone Periapt"},{"floor":44,"key":"Gremlin Horn"},{"floor":44,"key":"Molten Egg 2"}],"event_choices":[{"damage_healed":0,"gold_gain":0,"player_choice":"Donut","damage_taken":0,"max_hp_gain":5,"max_hp_loss":0,"event_name":"Big Fish","floor":2,"gold_loss":0},{"damage_healed":0,"gold_gain":0,"player_choice":"Upgraded","damage_taken":0,"max_hp_gain":0,"max_hp_loss":0,"event_name":"Upgrade Shrine","floor":3,"gold_loss":0,"cards_upgraded":["Zap"]},{"damage_healed":0,"gold_gain":0,"cards_transformed":["Strike_B"],"player_choice":"Transformed","damage_taken":0,"max_hp_gain":0,"max_hp_loss":0,"event_name":"Transmorgrifier","floor":5,"gold_loss":0,"cards_obtained":["Force Field"]},{"cards_removed":["Amplify"],"damage_healed":72,"gold_gain":0,"player_choice":"Offered Rare","damage_taken":0,"max_hp_gain":10,"max_hp_loss":0,"event_name":"Bonfire Elementals","floor":20,"gold_loss":0},{"damage_healed":0,"gold_gain":0,"player_choice":"Obtained Relic","damage_taken":0,"relics_obtained":["Art of War"],"max_hp_gain":0,"max_hp_loss":0,"event_name":"Addict","floor":31,"gold_loss":85},{"damage_healed":0,"gold_gain":0,"player_choice":"Max HP","damage_taken":0,"max_hp_gain":0,"max_hp_loss":5,"event_name":"Winding Halls","floor":36,"gold_loss":0},{"cards_removed":["Auto Shields"],"damage_healed":0,"gold_gain":0,"player_choice":"Removed Skill","damage_taken":0,"max_hp_gain":0,"max_hp_loss":0,"event_name":"Falling","floor":38,"gold_loss":0},{"damage_healed":0,"gold_gain":0,"player_choice":"Fight","damage_taken":0,"max_hp_gain":0,"max_hp_loss":0,"event_name":"Mysterious Sphere","floor":39,"gold_loss":0},{"damage_healed":0,"gold_gain":0,"player_choice":"Paid","damage_taken":0,"relics_obtained":["Red Mask"],"max_hp_gain":0,"max_hp_loss":0,"event_name":"Tomb of Lord Red Mask","floor":45,"gold_loss":83}],"is_beta":true,"boss_relics":[{"not_picked":["Eternal Feather","Coffee Dripper"],"picked":"Pandora\u0027s Box"},{"not_picked":["Astrolabe","Lizard Tail"],"picked":"Black Star"}],"items_purged_floors":[30],"is_endless":false,"potions_floor_spawned":[1,4,12,23,25,27,28,37,39,44],"killed_by":"Maw","ascension_level":20}