{"gold_per_floor":[112,126,146,221,234,234,263,263,313,313,346,356,356,370,370,442,442,459,459,18,18,18,44,61,73,98,132,148,180,180,215,215,288,288,308,35,35,45,45,76,91,91,117,162,162,193,203,231,231,231,231,231,231,28,59,59],"floor_reached":56,"playtime":2625,"items_purged":["Strike_R","Strike_R"],"score":2071,"play_id":"7e612a94-e464-47f0-9990-f15cf399f351","local_time":"20190727172940","is_ascension_mode":true,"campfire_choices":[{"data":"Bash","floor":6.0,"key":"SMITH"},{"data":"Combust","floor":8.0,"key":"SMITH"},{"data":"Armaments","floor":10.0,"key":"SMITH"},{"data":"Spot Weakness","floor":13.0,"key":"SMITH"},{"data":"Twin Strike","floor":15.0,"key":"SMITH"},{"floor":32.0,"key":"REST"},{"floor":42.0,"key":"RECALL"}],"neow_cost":"NONE","seed_source_timestamp":0,"circlet_count":0,"master_deck":["AscendersBane","Strike_R+1","Strike_R","Strike_R","Defend_R","Defend_R","Defend_R","Bash+1","Spot Weakness+1","Armaments+1","Combust+1","Impervious","Feel No Pain","Twin Strike+1","Feed","Pummel+1","Feel No Pain","Reaper","Disarm","Havoc","Corruption","Immolate","Shrug It Off","Reaper","Battle Trance+1","Shrug It Off","Corruption","Pommel Strike","Master of Strategy","Thunderclap+1","Flame Barrier+1","True Grit+1","Impervious","Disarm","Juggernaut","Burning Pact"],"special_seed":0,"relics":["Burning Blood","PreservedInsect","Bottled Lightning","Red Skull","Vajra","Fusion Hammer","Bag of Preparation","Lee\u0027s Waffle","Bronze Scales","Regal Pillow","Potion Belt","Oddly Smooth Stone","Smiling Mask","Coffee Dripper","Ancient Tea Set","Juzu Bracelet","Ice Cream","Pen Nib","Molten Egg 2","Whetstone"],"potions_floor_usage":[56,56,56,56],"damage_taken":[{"damage":6.0,"enemies":"Cultist","floor":1.0,"turns":4.0},{"damage":7.0,"enemies":"Small Slimes","floor":2.0,"turns":5.0},{"damage":0.0,"enemies":"2 Louse","floor":3.0,"turns":4.0},{"damage":9.0,"enemies":"Blue Slaver","floor":5.0,"turns":6.0},{"damage":8.0,"enemies":"3 Sentries","floor":7.0,"turns":5.0},{"damage":10.0,"enemies":"Gremlin Nob","floor":11.0,"turns":3.0},{"damage":21.0,"enemies":"Gremlin Gang","floor":12.0,"turns":5.0},{"damage":5.0,"enemies":"2 Fungi Beasts","floor":14.0,"turns":3.0},{"damage":8.0,"enemies":"The Guardian","floor":16.0,"turns":8.0},{"damage":27.0,"enemies":"Spheric Guardian","floor":18.0,"turns":4.0},{"damage":48.0,"enemies":"Gremlin Leader","floor":23.0,"turns":6.0},{"damage":10.0,"enemies":"3 Byrds","floor":24.0,"turns":3.0},{"damage":20.0,"enemies":"Shelled Parasite and Fungi","floor":25.0,"turns":5.0},{"damage":11.0,"enemies":"Book of Stabbing","floor":27.0,"turns":3.0},{"damage":0.0,"enemies":"Snake Plant","floor":28.0,"turns":4.0},{"damage":27.0,"enemies":"Slavers","floor":29.0,"turns":4.0},{"damage":22.0,"enemies":"Book of Stabbing","floor":31.0,"turns":4.0},{"damage":66.0,"enemies":"Collector","floor":33.0,"turns":12.0},{"damage":5.0,"enemies":"3 Shapes","floor":35.0,"turns":4.0},{"damage":0.0,"enemies":"Orb Walker","floor":38.0,"turns":4.0},{"damage":81.0,"enemies":"Giant Head","floor":40.0,"turns":8.0},{"damage":0.0,"enemies":"Jaw Worm Horde","floor":41.0,"turns":3.0},{"damage":0.0,"enemies":"2 Orb Walkers","floor":44.0,"turns":3.0},{"damage":34.0,"enemies":"Nemesis","floor":46.0,"turns":7.0},{"damage":9.0,"enemies":"Spire Growth","floor":47.0,"turns":3.0},{"damage":20.0,"enemies":"Giant Head","floor":48.0,"turns":7.0},{"damage":45.0,"enemies":"Awakened One","floor":50.0,"turns":14.0},{"damage":95.0,"enemies":"Donu and Deca","floor":51.0,"turns":11.0},{"damage":80.0,"enemies":"Shield and Spear","floor":55.0,"turns":9.0},{"damage":67,"enemies":"The Heart","floor":56,"turns":2}],"seed_played":"4027841067123878449","potions_obtained":[{"floor":1.0,"key":"Energy Potion"},{"floor":2.0,"key":"Poison Potion"},{"floor":3.0,"key":"Explosive Potion"},{"floor":5.0,"key":"Fire Potion"},{"floor":16.0,"key":"FearPotion"},{"floor":23.0,"key":"Weak Potion"},{"floor":24.0,"key":"Energy Potion"},{"floor":27.0,"key":"Swift Potion"},{"floor":38.0,"key":"Fire Potion"},{"floor":40.0,"key":"Explosive Potion"},{"floor":47.0,"key":"Block Potion"},{"floor":48.0,"key":"SteroidPotion"}],"is_trial":false,"path_per_floor":["M","M","M","?","M","R","E","R","T","R","E","M","R","M","R","B",null,"M","?","$","?","T","E","M","M","T","E","M","E","?","E","R","B",null,"M","$","?","M","?","E","M","R","T","?","?","E","M","E","R","B","B",null,"R","$","E","B"],"character_chosen":"IRONCLAD","items_purchased":["Bag of Preparation","Lee\u0027s Waffle","Feel No Pain","Shrug It Off","Corruption","Ancient Potion","Juggernaut"],"campfire_rested":1,"item_purchase_floors":[20,20,20,36,36,36,54],"current_hp_per_floor":[68,67,73,62,59,59,57,57,57,57,53,38,38,39,39,37,66,45,24,87,87,87,48,48,46,46,49,60,39,39,36,79,31,78,87,87,87,96,86,22,40,40,40,46,46,31,66,73,73,88,54,96,96,96,31,0],"gold":59,"neow_bonus":"RANDOM_COMMON_RELIC","is_prod":false,"is_daily":false,"chose_seed":false,"campfire_upgraded":5,"win_rate":0,"timestamp":1564244980,"path_taken":["M","?","M","?","M","R","E","R","T","R","E","M","R","M","R","BOSS","M","?","$","?","?","E","M","?","T","E","M","E","?","E","R","BOSS","M","$","?","M","?","E","M","R","T","?","?","E","M","E","R","BOSS","BOSS","R","$","E","BOSS"],"build_version":"2019-07-18","purchased_purges":2,"victory":false,"max_hp_per_floor":[75,75,75,75,75,75,75,75,75,75,75,75,75,75,75,75,75,75,80,87,87,87,90,94,94,94,94,94,94,94,94,94,94,94,97,97,97,100,100,100,104,104,104,104,99,103,103,106,106,110,110,110,110,110,110,110],"card_choices":[{"not_picked":["Second Wind","Shockwave"],"picked":"Spot Weakness","floor":1.0},{"not_picked":["Warcry","Burning Pact"],"picked":"Armaments","floor":2.0},{"not_picked":["Whirlwind","Clash","Sentinel"],"picked":"SKIP","floor":3.0},{"not_picked":["Twin Strike","Armaments"],"picked":"Combust","floor":5.0},{"not_picked":["Cleave","Dual Wield"],"picked":"Impervious","floor":7.0},{"not_picked":["Heavy Blade","Perfected Strike"],"picked":"Feel No Pain","floor":11.0},{"not_picked":["Second Wind","Heavy Blade","Armaments"],"picked":"SKIP","floor":12.0},{"not_picked":["Clash","Pommel Strike"],"picked":"Twin Strike","floor":14.0},{"not_picked":["Berserk","Barricade"],"picked":"Feed","floor":16.0},{"not_picked":["Headbutt+1","Havoc"],"picked":"Pummel+1","floor":18.0},{"not_picked":["Iron Wave","Blood for Blood"],"picked":"Reaper","floor":23.0},{"not_picked":["Thunderclap","Pommel Strike"],"picked":"Disarm","floor":24.0},{"not_picked":["Pommel Strike","Seeing Red"],"picked":"Havoc","floor":25.0},{"not_picked":["Immolate","Iron Wave"],"picked":"Corruption","floor":27.0},{"not_picked":["Wild Strike","Rampage","Evolve"],"picked":"SKIP","floor":28.0},{"not_picked":["Anger","Iron Wave","Armaments+1"],"picked":"SKIP","floor":29.0},{"not_picked":["Heavy Blade","Sever Soul+1"],"picked":"Shrug It Off","floor":31.0},{"not_picked":["Fiend Fire","Impervious"],"picked":"Reaper","floor":33.0},{"not_picked":["Twin Strike","Iron Wave"],"picked":"Battle Trance+1","floor":35.0},{"not_picked":["Wild Strike+1","Perfected Strike+1"],"picked":"Pommel Strike","floor":38.0},{"not_picked":["Secret Technique","Secret Weapon"],"picked":"Master of Strategy","floor":39.0},{"not_picked":["Metallicize","Perfected Strike"],"picked":"Thunderclap","floor":40.0},{"not_picked":["Twin Strike","Cleave"],"picked":"Flame Barrier+1","floor":41.0},{"not_picked":["Thunderclap","Perfected Strike"],"picked":"True Grit+1","floor":44.0},{"not_picked":["Wild Strike","Perfected Strike","Dual Wield"],"picked":"SKIP","floor":46.0},{"not_picked":["Clothesline","Clash"],"picked":"Impervious","floor":47.0},{"not_picked":["Thunderclap","Shrug It Off"],"picked":"Disarm","floor":48.0},{"not_picked":["Sword Boomerang+1","Battle Trance"],"picked":"Burning Pact","floor":55.0}],"player_experience":2254809,"relics_obtained":[{"floor":7.0,"key":"Bottled Lightning"},{"floor":9.0,"key":"Red Skull"},{"floor":11.0,"key":"Vajra"},{"floor":22.0,"key":"Bronze Scales"},{"floor":23.0,"key":"Regal Pillow"},{"floor":27.0,"key":"Potion Belt"},{"floor":29.0,"key":"Oddly Smooth Stone"},{"floor":31.0,"key":"Smiling Mask"},{"floor":40.0,"key":"Ancient Tea Set"},{"floor":43.0,"key":"Juzu Bracelet"},{"floor":44.0,"key":"Ice Cream"},{"floor":46.0,"key":"Pen Nib"},{"floor":48.0,"key":"Molten Egg 2"},{"floor":55.0,"key":"Whetstone"}],"event_choices":[{"damage_healed":0.0,"max_hp_gain":0.0,"max_hp_loss":0.0,"gold_gain":75.0,"event_name":"World of Goop","player_choice":"Gather Gold","floor":4.0,"gold_loss":0.0,"damage_taken":11.0},{"damage_healed":0.0,"max_hp_gain":5.0,"max_hp_loss":0.0,"gold_gain":0.0,"event_name":"Forgotten Altar","player_choice":"Shed Blood","floor":19.0,"gold_loss":0.0,"damage_taken":26.0},{"damage_healed":0.0,"max_hp_gain":0.0,"max_hp_loss":0.0,"gold_gain":0.0,"event_name":"The Library","player_choice":"Read","floor":30.0,"gold_loss":0.0,"damage_taken":0.0,"cards_obtained":["Immolate"]},{"cards_removed":["Defend_R"],"damage_healed":0.0,"max_hp_gain":0.0,"max_hp_loss":0.0,"gold_gain":0.0,"event_name":"Falling","player_choice":"Removed Skill","floor":37.0,"gold_loss":0.0,"damage_taken":0.0},{"damage_healed":0.0,"max_hp_gain":0.0,"max_hp_loss":0.0,"gold_gain":0.0,"event_name":"SensoryStone","player_choice":"Memory 3","floor":39.0,"gold_loss":0.0,"damage_taken":10.0},{"damage_healed":0.0,"max_hp_gain":0.0,"max_hp_loss":0.0,"gold_gain":0.0,"event_name":"Mysterious Sphere","player_choice":"Fight","floor":44.0,"gold_loss":0.0,"damage_taken":0.0},{"damage_healed":0.0,"max_hp_gain":0.0,"max_hp_loss":5.0,"gold_gain":0.0,"event_name":"Winding Halls","player_choice":"Max HP","floor":45.0,"gold_loss":0.0,"damage_taken":0.0}],"is_beta":true,"boss_relics":[{"not_picked":["Cursed Key","Calling Bell"],"picked":"Fusion Hammer"},{"not_picked":["Runic Cube","Lizard Tail"],"picked":"Coffee Dripper"}],"items_purged_floors":[36,54],"is_endless":false,"potions_floor_spawned":[1,2,3,5,16,23,24,27,38,40,47,48],"killed_by":"The Heart","ascension_level":20}