{"gold_per_floor":[109,25,100,115,127,153,153,187,187,215,215,230,230,261,261,261],"floor_reached":16,"playtime":680,"items_purged":[],"score":306,"play_id":"e6654b86-7449-4352-ba6f-7b810a08f119","local_time":"20190718231607","is_ascension_mode":true,"campfire_choices":[{"data":"Fiend Fire","floor":7.0,"key":"SMITH"},{"floor":15.0,"key":"REST"}],"neow_cost":"PERCENT_DAMAGE","seed_source_timestamp":199509883066603,"circlet_count":0,"master_deck":["AscendersBane","Strike_R+1","Strike_R","Strike_R","Strike_R","Strike_R","Defend_R","Defend_R","Defend_R","Defend_R","Bash","Thunderclap","Combust","Dropkick","Feel No Pain","Fiend Fire+1","Shrug It Off","Twin Strike+1","True Grit"],"special_seed":0,"relics":["Burning Blood","Vajra","Dodecahedron","Bag of Preparation","Bag of Marbles"],"potions_floor_usage":[],"damage_taken":[{"damage":14.0,"enemies":"Jaw Worm","floor":1.0,"turns":4.0},{"damage":0.0,"enemies":"2 Louse","floor":4.0,"turns":2.0},{"damage":7.0,"enemies":"Cultist","floor":5.0,"turns":4.0},{"damage":26.0,"enemies":"3 Sentries","floor":6.0,"turns":7.0},{"damage":10.0,"enemies":"Gremlin Nob","floor":8.0,"turns":3.0},{"damage":3.0,"enemies":"Lagavulin","floor":10.0,"turns":4.0},{"damage":2.0,"enemies":"3 Louse","floor":12.0,"turns":5.0},{"damage":20.0,"enemies":"3 Sentries","floor":14.0,"turns":13.0},{"damage":41,"enemies":"The Guardian","floor":16,"turns":9}],"seed_played":"8155569078029334246","potions_obtained":[{"floor":1.0,"key":"Block Potion"},{"floor":4.0,"key":"Explosive Potion"},{"floor":8.0,"key":"Swift Potion"},{"floor":11.0,"key":"FairyPotion"}],"is_trial":false,"path_per_floor":["M","$","?","M","M","E","R","E","T","E","?","M","?","E","R","B"],"character_chosen":"IRONCLAD","items_purchased":["Combust"],"campfire_rested":1,"item_purchase_floors":[2],"current_hp_per_floor":[56,56,45,51,50,30,30,26,26,29,29,33,6,9,35,0],"gold":261,"neow_bonus":"TWENTY_PERCENT_HP_BONUS","is_prod":false,"is_daily":false,"chose_seed":false,"campfire_upgraded":1,"win_rate":0,"timestamp":1563488167,"path_taken":["M","$","?","M","M","E","R","E","T","E","?","?","?","E","R","BOSS"],"build_version":"2019-07-10","purchased_purges":0,"victory":false,"max_hp_per_floor":[89,89,89,89,89,89,89,89,89,89,89,89,89,89,89,89],"card_choices":[{"not_picked":["Reckless Charge","Cleave"],"picked":"Thunderclap","floor":1.0},{"not_picked":["Body Slam","Fire Breathing"],"picked":"Dropkick","floor":4.0},{"not_picked":["Pommel Strike","Power Through"],"picked":"Feel No Pain","floor":5.0},{"not_picked":["Shrug It Off","Dual Wield"],"picked":"Fiend Fire","floor":6.0},{"not_picked":["Cleave","Pommel Strike","Heavy Blade"],"picked":"SKIP","floor":8.0},{"not_picked":["Wild Strike","Whirlwind"],"picked":"Shrug It Off","floor":10.0},{"not_picked":["Cleave","Iron Wave"],"picked":"Twin Strike","floor":12.0},{"not_picked":["Headbutt","Sword Boomerang"],"picked":"True Grit","floor":14.0}],"player_experience":2217376,"relics_obtained":[{"floor":6.0,"key":"Vajra"},{"floor":8.0,"key":"Dodecahedron"},{"floor":10.0,"key":"Bag of Preparation"},{"floor":14.0,"key":"Bag of Marbles"}],"event_choices":[{"damage_healed":0.0,"max_hp_gain":0.0,"max_hp_loss":0.0,"gold_gain":75.0,"event_name":"World of Goop","player_choice":"Gather Gold","floor":3.0,"gold_loss":0.0,"damage_taken":11.0},{"damage_healed":0.0,"max_hp_gain":0.0,"max_hp_loss":0.0,"gold_gain":0.0,"event_name":"Lab","player_choice":"Got Potions","floor":11.0,"gold_loss":0.0,"damage_taken":0.0},{"damage_healed":0.0,"max_hp_gain":0.0,"max_hp_loss":0.0,"gold_gain":0.0,"event_name":"Shining Light","player_choice":"Entered Light","floor":13.0,"gold_loss":0.0,"damage_taken":27.0,"cards_upgraded":["Twin Strike","Strike_R"]}],"is_beta":true,"boss_relics":[],"items_purged_floors":[],"is_endless":false,"potions_floor_spawned":[1,4,8,12],"killed_by":"The Guardian","ascension_level":20}