{"path_per_floor":["M","M","M","M","M","E","R","E","T","R","?","M","$","M","R","B",null,"M","?","?","?","M","R","M","E","T","M","M","$","R","M","R","B",null,"M","M","?","M","?","R","M","M","T","M","M","$","M","M","R","B"],"character_chosen":"IRONCLAD","items_purchased":["Spot Weakness","True Grit","EntropicBrew","Corruption","Oddly Smooth Stone","Seeing Red"],"gold_per_floor":[10,20,38,58,74,101,101,131,154,154,184,197,0,14,14,112,112,129,129,129,79,97,97,108,137,137,155,171,69,69,81,81,181,181,191,206,253,267,267,267,277,287,287,299,317,24,38,49,49,49],"floor_reached":51,"campfire_rested":3,"playtime":3794,"item_purchase_floors":[],"current_hp_per_floor":[84,90,87,72,55,29,29,10,10,38,21,24,24,25,25,10,73,65,49,94,94,77,77,73,38,38,38,31,31,31,35,35,14,74,50,59,37,26,26,54,32,28,28,34,34,34,42,56,84,94],"items_purged":["Strike_R"],"gold":49,"score":988,"play_id":"54cd90ea-3667-4a58-b453-6f94b2550b34","local_time":"20180522114816","is_prod":false,"is_daily":false,"chose_seed":false,"is_ascension_mode":true,"campfire_upgraded":5,"timestamp":1526986096,"campfire_choices":[{"data":"True Grit","floor":7.0,"key":"SMITH"},{"floor":10.0,"key":"REST"},{"data":"Limit Break","floor":15.0,"key":"SMITH"},{"data":"True Grit","floor":23.0,"key":"SMITH"},{"data":"Offering","floor":30.0,"key":"SMITH"},{"data":"Spot Weakness","floor":32.0,"key":"SMITH"},{"floor":40.0,"key":"REST"},{"floor":49,"key":"REST"}],"path_taken":["M","M","M","M","M","E","R","E","T","R","?","M","?","M","R","BOSS","M","?","?","?","M","R","?","E","T","M","M","$","R","M","R","BOSS","M","M","?","M","?","R","?","M","T","M","M","$","M","M","R","BOSS"],"build_version":"2018-05-21v2","seed_source_timestamp":0,"purchased_purges":1,"victory":true,"master_deck":["Strike_R","Strike_R","Strike_R","Strike_R","Defend_R+1","Defend_R","Defend_R+1","Defend_R","Bash","Pummel","Clothesline","True Grit+1","Anger","Thunderclap","Limit Break+1","Body Slam+1","Iron Wave+1","Spot Weakness+1","True Grit+1","Offering+1","Immolate+1","Iron Wave+1","Swift Strike+1","Sentinel+1","Metallicize+1","Armaments+1","Battle Trance+1","Uppercut+1","Shrug It Off+1","Impervious","Feel No Pain+1","Feel No Pain","Sentinel+1","Havoc+1","Seeing Red","Reaper+1","Pommel Strike+1","Corruption","Seeing Red","Havoc+1"],"max_hp_per_floor":[94,94,94,94,94,94,94,94,94,94,94,94,94,94,94,94,94,94,94,94,94,94,94,94,94,94,94,94,94,94,94,94,94,94,94,94,94,94,94,94,94,94,94,94,94,94,94,94,94,94],"relics":["Black Blood","Mango","Du-Vu Doll","Molten Egg 2","Art of War","Odd Mushroom","War Paint","Pantograph","Snecko Eye","Dead Branch","Bottled Tornado","Oddly Smooth Stone"],"card_choices":[{"not_picked":["Dual Wield","Sword Boomerang"],"picked":"Pummel","floor":1.0},{"not_picked":["Havoc","Pommel Strike"],"picked":"Clothesline","floor":2.0},{"not_picked":["Clothesline","Warcry"],"picked":"True Grit","floor":3.0},{"not_picked":["Corruption","Body Slam"],"picked":"Anger","floor":4.0},{"not_picked":["Cleave","Perfected Strike","Rupture"],"picked":"SKIP","floor":5.0},{"not_picked":["Cleave","Heavy Blade"],"picked":"Thunderclap","floor":6.0},{"not_picked":["Dropkick","Twin Strike"],"picked":"Limit Break","floor":8.0},{"not_picked":["Fire Breathing","Thunderclap+1"],"picked":"Body Slam+1","floor":11.0},{"not_picked":["Warcry","Searing Blow+1"],"picked":"Iron Wave+1","floor":12.0},{"not_picked":["Seeing Red","Ghostly Armor"],"picked":"Offering","floor":14.0},{"not_picked":["Fiend Fire+1","Brutality"],"picked":"Immolate+1","floor":16.0},{"not_picked":["Body Slam+1","Pommel Strike+1"],"picked":"Iron Wave+1","floor":18.0},{"not_picked":["Warcry+1","Rage"],"picked":"Sentinel+1","floor":22.0},{"not_picked":["Perfected Strike+1","Infernal Blade"],"picked":"Metallicize+1","floor":24.0},{"not_picked":["Blood for Blood+1","Headbutt+1"],"picked":"Armaments+1","floor":25.0},{"not_picked":["Iron Wave+1","Clash+1"],"picked":"Battle Trance+1","floor":27.0},{"not_picked":["Havoc","Anger+1"],"picked":"Uppercut+1","floor":28.0},{"not_picked":["Iron Wave+1","Pommel Strike+1"],"picked":"Shrug It Off+1","floor":31.0},{"not_picked":["Double Tap","Berserk"],"picked":"Impervious","floor":33.0},{"not_picked":["Twin Strike+1","Armaments"],"picked":"Feel No Pain+1","floor":35.0},{"not_picked":["Shockwave+1","Twin Strike+1"],"picked":"Feel No Pain","floor":36.0},{"not_picked":["Headbutt+1","Cleave+1"],"picked":"Sentinel+1","floor":37.0},{"not_picked":["Clash+1","Anger+1"],"picked":"Havoc+1","floor":38.0},{"not_picked":["Headbutt+1","Shrug It Off+1"],"picked":"Seeing Red","floor":41.0},{"not_picked":["Headbutt+1","Twin Strike+1","Thunderclap+1"],"picked":"SKIP","floor":42.0},{"not_picked":["Rampage+1","Rage+1"],"picked":"Reaper+1","floor":44.0},{"not_picked":["Headbutt+1","Clash+1"],"picked":"Pommel Strike+1","floor":45},{"not_picked":["Clash+1","True Grit"],"picked":"Havoc+1","floor":47},{"not_picked":["Heavy Blade+1","Armaments","Perfected Strike+1"],"picked":"SKIP","floor":48}],"player_experience":586178,"potions_floor_usage":[48,50,50],"damage_taken":[{"damage":8.0,"enemies":"Jaw Worm","floor":1.0,"turns":5.0},{"damage":0.0,"enemies":"Small Slimes","floor":2.0,"turns":4.0},{"damage":9.0,"enemies":"2 Louse","floor":3.0,"turns":2.0},{"damage":21.0,"enemies":"Lots of Slimes","floor":4.0,"turns":8.0},{"damage":23.0,"enemies":"Exordium Thugs","floor":5.0,"turns":6.0},{"damage":32.0,"enemies":"Gremlin Nob","floor":6.0,"turns":5.0},{"damage":25.0,"enemies":"Lagavulin","floor":8.0,"turns":6.0},{"damage":23.0,"enemies":"The Mushroom Lair","floor":11.0,"turns":5.0},{"damage":3.0,"enemies":"Blue Slaver","floor":12.0,"turns":4.0},{"damage":5.0,"enemies":"Red Slaver","floor":14.0,"turns":3.0},{"damage":21.0,"enemies":"Slime Boss","floor":16.0,"turns":11.0},{"damage":18.0,"enemies":"Chosen","floor":18.0,"turns":5.0},{"damage":27.0,"enemies":"2 Thieves","floor":22.0,"turns":4.0},{"damage":14.0,"enemies":"Centurion and Healer","floor":24.0,"turns":7.0},{"damage":45.0,"enemies":"Book of Stabbing","floor":25.0,"turns":6.0},{"damage":10.0,"enemies":"Snecko","floor":27.0,"turns":4.0},{"damage":17.0,"enemies":"3 Cultists","floor":28.0,"turns":5.0},{"damage":6.0,"enemies":"Centurion and Healer","floor":31.0,"turns":6.0},{"damage":56.0,"enemies":"Automaton","floor":33.0,"turns":11.0},{"damage":34.0,"enemies":"3 Darklings","floor":35.0,"turns":7.0},{"damage":1.0,"enemies":"3 Shapes","floor":36.0,"turns":2.0},{"damage":32.0,"enemies":"Mysterious Sphere","floor":37.0,"turns":5.0},{"damage":21.0,"enemies":"3 Darklings","floor":38.0,"turns":5.0},{"damage":32.0,"enemies":"Transient","floor":41.0,"turns":5.0},{"damage":14.0,"enemies":"Spire Growth","floor":42.0,"turns":7.0},{"damage":4.0,"enemies":"Flame Bruiser 2 Orb","floor":44.0,"turns":7.0},{"damage":10,"enemies":"3 Darklings","floor":45,"turns":3},{"damage":7,"enemies":"Maw","floor":47,"turns":6},{"damage":3,"enemies":"Flame Bruiser 2 Orb","floor":48,"turns":4},{"damage":8,"enemies":"Time Eater","floor":50,"turns":9}],"relics_obtained":[{"floor":6.0,"key":"Du-Vu Doll"},{"floor":8.0,"key":"Molten Egg 2"},{"floor":9.0,"key":"Art of War"},{"floor":11.0,"key":"Odd Mushroom"},{"floor":25.0,"key":"War Paint"},{"floor":26.0,"key":"Pantograph"},{"floor":37.0,"key":"Dead Branch"},{"floor":43.0,"key":"Bottled Tornado"}],"event_choices":[{"event_name":"Mushrooms","player_choice":"Fought Mushrooms","floor":11.0,"damage_taken":0.0},{"event_name":"Knowing Skull","player_choice":"CARD ","floor":19.0,"damage_taken":0.0},{"event_name":"Wheel of Change","player_choice":"Full Heal","floor":20.0,"damage_taken":0.0},{"event_name":"The Joust","player_choice":"Bet on Owner","floor":21.0,"damage_taken":0.0},{"event_name":"Mysterious Sphere","player_choice":"Fight","floor":37.0,"damage_taken":0.0},{"event_name":"Tomb of Lord Red Mask","player_choice":"Ignored","floor":39.0,"damage_taken":0.0}],"boss_relics":[],"items_purged_floors":[],"potions_floor_spawned":[1,5,8,14,16,25,27,28,31,35,38,41,45,47],"seed_played":"-2663717460091306986","ascension_level":9,"potions_obtained":[{"floor":1.0,"key":"Weak Potion"},{"floor":5.0,"key":"Fire Potion"},{"floor":8.0,"key":"Weak Potion"},{"floor":14.0,"key":"PowerPotion"},{"floor":16.0,"key":"PowerPotion"},{"floor":25.0,"key":"AttackPotion"},{"floor":27.0,"key":"Block Potion"},{"floor":28.0,"key":"SkillPotion"},{"floor":31.0,"key":"Poison Potion"},{"floor":35.0,"key":"EssenceOfSteel"},{"floor":38.0,"key":"AttackPotion"},{"floor":41.0,"key":"Block Potion"},{"floor":45,"key":"SkillPotion"},{"floor":47,"key":"Poison Potion"}],"is_trial":false}