{"gold_per_floor":[109,109,109,125,125,155,155,171,171,200,215,235,264,264,264,369,369,350,350,350,304,314,314,328,328],"floor_reached":25,"playtime":894,"items_purged":[],"score":276,"play_id":"1aa077c5-9294-4f15-81a8-fa267abe16f2","local_time":"20190710211205","is_ascension_mode":true,"campfire_choices":[{"data":"Body Slam","floor":7,"key":"SMITH"},{"data":"Metallicize","floor":15,"key":"SMITH"},{"data":"Shrug It Off","floor":23,"key":"SMITH"}],"neow_cost":"TEN_PERCENT_HP_LOSS","seed_source_timestamp":26718051526900,"circlet_count":0,"master_deck":["Strike_R","Strike_R","Strike_R","Strike_R+1","Strike_R","Defend_R","Defend_R","Defend_R+1","Defend_R","Bash","Body Slam+1","Metallicize+1","Inflame","Flex","Offering","Body Slam+1","Shrug It Off+1","Shrug It Off","Armaments+1"],"relics":["Burning Blood","Champion Belt","Red Skull","Strawberry","Letter Opener","Vajra","Blood Vial","Black Star"],"potions_floor_usage":[6,10,11,16,22,25,25],"damage_taken":[{"damage":2,"enemies":"Jaw Worm","floor":1,"turns":3},{"damage":0,"enemies":"2 Louse","floor":4,"turns":3},{"damage":26,"enemies":"Gremlin Nob","floor":6,"turns":4},{"damage":4,"enemies":"Small Slimes","floor":8,"turns":3},{"damage":31,"enemies":"Lagavulin","floor":10,"turns":6},{"damage":6,"enemies":"Exordium Thugs","floor":11,"turns":3},{"damage":4,"enemies":"Blue Slaver","floor":12,"turns":4},{"damage":16,"enemies":"3 Sentries","floor":13,"turns":6},{"damage":15,"enemies":"The Guardian","floor":16,"turns":12},{"damage":29,"enemies":"2 Thieves","floor":18,"turns":4},{"damage":17,"enemies":"3 Byrds","floor":22,"turns":3},{"damage":15,"enemies":"3 Cultists","floor":24,"turns":4},{"damage":35,"enemies":"Book of Stabbing","floor":25,"turns":5}],"seed_played":"-6313545706953642534","potions_obtained":[{"floor":4,"key":"BloodPotion"},{"floor":6,"key":"Poison Potion"},{"floor":8,"key":"Explosive Potion"},{"floor":10,"key":"Poison Potion"},{"floor":13,"key":"EssenceOfSteel"},{"floor":14,"key":"Fire Potion"},{"floor":14,"key":"LiquidBronze"},{"floor":14,"key":"Strength Potion"},{"floor":22,"key":"SteroidPotion"}],"is_trial":false,"path_per_floor":["M","?","?","M","$","E","R","M","T","E","M","M","E","?","R","B",null,"M","?","?","$","M","R","M","E"],"character_chosen":"IRONCLAD","items_purchased":["Shrug It Off"],"campfire_rested":0,"item_purchase_floors":[21],"current_hp_per_floor":[72,58,55,61,61,66,66,68,68,43,43,45,35,35,35,28,66,45,45,45,45,36,36,29,0],"gold":328,"neow_bonus":"ONE_RARE_RELIC","is_prod":false,"is_daily":false,"chose_seed":false,"campfire_upgraded":3,"win_rate":0,"timestamp":1562760725,"path_taken":["M","?","?","M","$","E","R","M","T","E","M","M","E","?","R","BOSS","M","?","?","$","?","R","M","E"],"build_version":"2019-07-05","purchased_purges":0,"victory":false,"max_hp_per_floor":[72,72,72,72,72,79,79,79,79,79,79,79,79,79,79,79,79,79,79,79,79,79,79,79,79],"card_choices":[{"not_picked":["Headbutt","Sword Boomerang"],"picked":"Body Slam","floor":1},{"not_picked":["Iron Wave","Headbutt","Twin Strike"],"picked":"SKIP","floor":4},{"not_picked":["Wild Strike","Clash","Brutality"],"picked":"SKIP","floor":6},{"not_picked":["Anger","Clothesline","Flex"],"picked":"SKIP","floor":8},{"not_picked":["Hemokinesis","Blood for Blood","Sever Soul"],"picked":"SKIP","floor":10},{"not_picked":["Sentinel","Anger"],"picked":"Metallicize","floor":11},{"not_picked":["Spot Weakness","Berserk"],"picked":"Inflame","floor":12},{"not_picked":["Spot Weakness","Rage"],"picked":"Flex","floor":13},{"not_picked":["Berserk","Brutality"],"picked":"Offering","floor":16},{"not_picked":["Wild Strike+1","Clothesline+1"],"picked":"Body Slam","floor":18},{"not_picked":["Heavy Blade","Combust+1","Rage"],"picked":"SKIP","floor":22},{"not_picked":["Infernal Blade+1","Combust"],"picked":"Armaments+1","floor":24}],"player_experience":113380,"relics_obtained":[{"floor":6,"key":"Strawberry"},{"floor":9,"key":"Letter Opener"},{"floor":10,"key":"Vajra"},{"floor":13,"key":"Blood Vial"}],"event_choices":[{"damage_healed":0,"gold_gain":0,"player_choice":"Entered Light","damage_taken":14,"max_hp_gain":0,"max_hp_loss":0,"event_name":"Shining Light","floor":2,"gold_loss":0,"cards_upgraded":["Defend_R","Strike_R"]},{"damage_healed":0,"gold_gain":0,"player_choice":"Success","damage_taken":3,"relics_obtained":["Red Skull"],"max_hp_gain":0,"max_hp_loss":0,"event_name":"Scrap Ooze","floor":3,"gold_loss":0},{"damage_healed":0,"gold_gain":0,"player_choice":"Got Potions","damage_taken":0,"max_hp_gain":0,"max_hp_loss":0,"event_name":"Lab","floor":14,"gold_loss":0},{"damage_healed":0,"gold_gain":0,"player_choice":"Read","damage_taken":0,"max_hp_gain":0,"max_hp_loss":0,"event_name":"The Library","floor":19,"gold_loss":0,"cards_obtained":["Shrug It Off"]},{"damage_healed":0,"gold_gain":0,"player_choice":"Forge","damage_taken":0,"max_hp_gain":0,"max_hp_loss":0,"event_name":"Accursed Blacksmith","floor":20,"gold_loss":0,"cards_upgraded":["Body Slam"]}],"is_beta":false,"boss_relics":[{"not_picked":["Ectoplasm","Lizard Tail"],"picked":"Black Star"}],"items_purged_floors":[],"is_endless":false,"potions_floor_spawned":[4,6,8,10,13,22],"killed_by":"Book of Stabbing","ascension_level":5}