{"gold_per_floor":[114,127,20,31,31,31,65,65,65,83,83,117,117,117,117,189,189,208,153,172,22,22,56,56,75,146,181,181,196,196,213,213,287,287,299,399,415,20,20,47,0,26,53,53,83,154,165,176,176,176],"floor_reached":50,"playtime":2271,"items_purged":["Streamline","Tempest"],"score":1202,"play_id":"ba615b27-2556-4f3b-8992-8678958d935a","local_time":"20190626150318","is_ascension_mode":true,"campfire_choices":[{"data":"Barrage","floor":6,"key":"SMITH"},{"data":"Beam Cell","floor":8,"key":"SMITH"},{"floor":11,"key":"REST"},{"data":"Ball Lightning","floor":15,"key":"SMITH"},{"data":"White Noise","floor":24,"key":"SMITH"},{"floor":28,"key":"REST"},{"data":"Capacitor","floor":30,"key":"SMITH"},{"floor":32,"key":"REST"},{"floor":44,"key":"REST"},{"floor":49,"key":"RECALL"}],"neow_cost":"NONE","seed_source_timestamp":137148145749822,"circlet_count":0,"master_deck":["AscendersBane","Zap+1","Dualcast","Capacitor+1","Ball Lightning+1","Barrage+1","Beam Cell+1","Seek+1","Conserve Battery","Echo Form","Sunder","Compile Driver","White Noise+1","Amplify","Reinforced Body","Echo Form","Chill","BootSequence","Steam","Coolheaded","Go for the Eyes","Stack","Consume+1","Fusion+1","Darkness+1","Electrodynamics","Skim+1","Glacier+1","Defragment","Conserve Battery+1","Force Field+1"],"relics":["Cracked Core","Shuriken","Centennial Puzzle","Thread and Needle","Pandora\u0027s Box","Tiny Chest","Mercury Hourglass","Regal Pillow","Toxic Egg 2","Du-Vu Doll","Sozu","Girya","Membership Card","Art of War","Anchor","Red Mask","Torii","Vajra","Bottled Lightning"],"potions_floor_usage":[7,10],"damage_taken":[{"damage":12,"enemies":"Jaw Worm","floor":1,"turns":4},{"damage":1,"enemies":"2 Louse","floor":2,"turns":4},{"damage":1,"enemies":"Cultist","floor":4,"turns":4},{"damage":36,"enemies":"Gremlin Nob","floor":7,"turns":4},{"damage":13,"enemies":"Exordium Wildlife","floor":10,"turns":3},{"damage":15,"enemies":"Lagavulin","floor":12,"turns":4},{"damage":3,"enemies":"Slime Boss","floor":16,"turns":5},{"damage":0,"enemies":"Spheric Guardian","floor":18,"turns":3},{"damage":9,"enemies":"3 Byrds","floor":20,"turns":3},{"damage":13,"enemies":"Slavers","floor":23,"turns":4},{"damage":0,"enemies":"Centurion and Healer","floor":25,"turns":6},{"damage":30,"enemies":"Gremlin Leader","floor":27,"turns":5},{"damage":14,"enemies":"3 Cultists","floor":29,"turns":4},{"damage":7,"enemies":"Snake Plant","floor":31,"turns":6},{"damage":21,"enemies":"Champ","floor":33,"turns":7},{"damage":11,"enemies":"3 Shapes","floor":35,"turns":3},{"damage":0,"enemies":"Mind Bloom Boss Battle","floor":36,"turns":5},{"damage":0,"enemies":"Orb Walker","floor":37,"turns":4},{"damage":33,"enemies":"Reptomancer","floor":40,"turns":8},{"damage":0,"enemies":"Giant Head","floor":42,"turns":6},{"damage":18,"enemies":"Reptomancer","floor":45,"turns":4},{"damage":23,"enemies":"3 Darklings","floor":47,"turns":3},{"damage":0,"enemies":"4 Shapes","floor":48,"turns":4},{"damage":26,"enemies":"Time Eater","floor":50,"turns":4}],"seed_played":"7449415957443161192","potions_obtained":[{"floor":7,"key":"EssenceOfSteel"},{"floor":12,"key":"Ancient Potion"},{"floor":16,"key":"SpeedPotion"}],"is_trial":false,"path_per_floor":["M","M","$","M","?","R","E","R","T","M","R","E","?","?","R","B",null,"M","?","M","$","T","E","R","M","T","E","R","M","R","M","R","B",null,"M","?","M","$","?","E","?","E","T","R","E","T","M","M","R","B"],"character_chosen":"DEFECT","items_purchased":["Ball Lightning","Fire Potion","Steam","Coolheaded","Membership Card","Defragment","Art of War"],"campfire_rested":4,"item_purchase_floors":[3,3,21,21,38,38,38],"current_hp_per_floor":[59,58,58,57,57,57,21,21,21,8,31,16,16,16,16,13,62,62,62,53,53,53,40,40,40,40,10,48,34,34,27,65,44,70,59,59,59,59,59,26,26,26,26,63,45,45,22,22,22,0],"gold":176,"neow_bonus":"TEN_PERCENT_HP_BONUS","is_prod":false,"is_daily":false,"chose_seed":false,"campfire_upgraded":5,"win_rate":0,"timestamp":1561557798,"path_taken":["M","M","$","M","?","R","E","R","T","M","R","E","?","?","R","BOSS","M","?","M","$","?","E","R","?","T","E","R","M","R","M","R","BOSS","M","?","M","$","?","E","?","E","T","R","E","?","?","M","R","BOSS"],"build_version":"2019-06-24","purchased_purges":2,"victory":false,"max_hp_per_floor":[78,78,78,78,78,78,78,78,78,78,78,78,78,78,78,78,78,78,78,78,78,78,78,78,78,78,78,78,78,78,78,78,78,78,78,78,78,78,74,74,74,74,74,74,74,74,74,74,74,74],"card_choices":[{"not_picked":["Stack","Turbo","Conserve Battery"],"picked":"SKIP","floor":1},{"not_picked":["Steam","Hologram"],"picked":"Capacitor","floor":2},{"not_picked":["Redo","Aggregate"],"picked":"Barrage","floor":4},{"not_picked":["Redo","Scrape"],"picked":"Beam Cell","floor":7},{"not_picked":["Stack","Ball Lightning"],"picked":"Seek","floor":10},{"not_picked":["Steam","Barrage"],"picked":"Conserve Battery","floor":12},{"not_picked":["Meteor Strike","Hyperbeam"],"picked":"Echo Form","floor":16},{"not_picked":["Loop","Gash"],"picked":"Chill","floor":18},{"not_picked":["Undo","Sweeping Beam"],"picked":"BootSequence","floor":20},{"not_picked":["Reprogram","Auto Shields"],"picked":"Go for the Eyes","floor":23},{"not_picked":["Hello World","Compile Driver"],"picked":"Stack","floor":25},{"not_picked":["Rebound","Beam Cell"],"picked":"Consume+1","floor":27},{"not_picked":["Streamline","Compile Driver+1"],"picked":"Fusion+1","floor":29},{"not_picked":["Stack+1","Steam+1"],"picked":"Darkness+1","floor":31},{"not_picked":["Thunder Strike","Multi-Cast+1"],"picked":"Electrodynamics","floor":33},{"not_picked":["BootSequence+1","Stack+1"],"picked":"Skim+1","floor":35},{"not_picked":["Compile Driver+1","Hello World"],"picked":"Glacier+1","floor":36},{"not_picked":["Turbo+1","Go for the Eyes","Skim+1"],"picked":"SKIP","floor":37},{"not_picked":["Melter","Steam+1"],"picked":"Conserve Battery+1","floor":40},{"not_picked":["Turbo+1","Barrage"],"picked":"Force Field+1","floor":42},{"not_picked":["Compile Driver","Creative AI","Conserve Battery+1"],"picked":"SKIP","floor":45},{"not_picked":["Compile Driver","Hello World","Heatsinks"],"picked":"SKIP","floor":47},{"not_picked":["Steam+1","Go for the Eyes","Barrage"],"picked":"SKIP","floor":48}],"player_experience":2154298,"relics_obtained":[{"floor":7,"key":"Shuriken"},{"floor":9,"key":"Centennial Puzzle"},{"floor":12,"key":"Thread and Needle"},{"floor":22,"key":"Mercury Hourglass"},{"floor":23,"key":"Regal Pillow"},{"floor":26,"key":"Toxic Egg 2"},{"floor":27,"key":"Du-Vu Doll"},{"floor":36,"key":"Girya"},{"floor":40,"key":"Anchor"},{"floor":42,"key":"Torii"},{"floor":45,"key":"Vajra"},{"floor":46,"key":"Bottled Lightning"}],"event_choices":[{"damage_healed":0,"gold_gain":0,"player_choice":"Grow","damage_taken":0,"max_hp_gain":0,"max_hp_loss":0,"event_name":"Living Wall","floor":5,"gold_loss":0,"cards_upgraded":["Zap"]},{"damage_healed":0,"gold_gain":0,"player_choice":"Searched \u00270\u0027 times","damage_taken":0,"max_hp_gain":0,"max_hp_loss":0,"event_name":"Dead Adventurer","floor":13,"gold_loss":0},{"damage_healed":0,"gold_gain":0,"player_choice":"Upgraded","damage_taken":0,"max_hp_gain":0,"max_hp_loss":0,"event_name":"Upgrade Shrine","floor":14,"gold_loss":0,"cards_upgraded":["Seek"]},{"damage_healed":0,"gold_gain":0,"player_choice":"Obtained Relic","damage_taken":0,"relics_obtained":["Tiny Chest"],"max_hp_gain":0,"max_hp_loss":0,"event_name":"Addict","floor":19,"gold_loss":85},{"damage_healed":0,"gold_gain":0,"player_choice":"Fight","damage_taken":0,"max_hp_gain":0,"max_hp_loss":0,"event_name":"MindBloom","floor":36,"gold_loss":0},{"damage_healed":0,"gold_gain":0,"player_choice":"Max HP","damage_taken":0,"max_hp_gain":0,"max_hp_loss":4,"event_name":"Winding Halls","floor":39,"gold_loss":0},{"damage_healed":0,"gold_gain":0,"player_choice":"Paid","damage_taken":0,"relics_obtained":["Red Mask"],"max_hp_gain":0,"max_hp_loss":0,"event_name":"Tomb of Lord Red Mask","floor":41,"gold_loss":47}],"is_beta":true,"boss_relics":[{"not_picked":["Busted Crown","Tiny House"],"picked":"Pandora\u0027s Box"},{"not_picked":["Runic Pyramid","Inserter"],"picked":"Sozu"}],"items_purged_floors":[21,38],"is_endless":false,"potions_floor_spawned":[7,12,16,23,25,31,35,36,45,48],"killed_by":"Time Eater","ascension_level":20}