{"gold_per_floor":[117,137,137,147,147,147,163,183,207,219,264,276,327,362,374,386],"floor_reached":16,"playtime":466,"items_purged":[],"score":224,"play_id":"bfef9297-70f6-4580-af49-237a0dc4dc4a","local_time":"20190601193835","is_ascension_mode":true,"campfire_choices":[{"data":"Combust","floor":6,"key":"SMITH"},{"data":"Hemokinesis","floor":10,"key":"SMITH"},{"data":"True Grit","floor":15,"key":"SMITH"}],"neow_cost":"NONE","seed_source_timestamp":10775582206541,"circlet_count":0,"master_deck":["AscendersBane","Strike_R","Strike_R","Strike_R","Strike_R","Defend_R","Defend_R","Defend_R","Defend_R","Bash+1","Anger","Shrug It Off","Combust+1","Hemokinesis+1","True Grit+1"],"special_seed":0,"relics":["Burning Blood","MawBank","Smiling Mask","Golden Idol","Regal Pillow"],"potions_floor_usage":[11,13],"damage_taken":[{"damage":4,"enemies":"2 Louse","floor":1,"turns":3},{"damage":1,"enemies":"Cultist","floor":2,"turns":3},{"damage":4,"enemies":"Small Slimes","floor":4,"turns":3},{"damage":12,"enemies":"3 Louse","floor":7,"turns":2},{"damage":8,"enemies":"Red Slaver","floor":8,"turns":3},{"damage":18,"enemies":"Lagavulin","floor":11,"turns":5},{"damage":12,"enemies":"Gremlin Nob","floor":13,"turns":3},{"damage":9,"enemies":"Blue Slaver","floor":14,"turns":3},{"damage":53,"enemies":"Slime Boss","floor":16,"turns":8}],"seed_played":"-5243907735073802431","potions_obtained":[{"floor":2,"key":"PowerPotion"},{"floor":7,"key":"Fire Potion"},{"floor":14,"key":"Ancient Potion"}],"is_trial":false,"path_per_floor":["M","M","?","M","?","R","M","M","T","R","E","?","E","M","R","B"],"character_chosen":"IRONCLAD","items_purchased":[],"campfire_rested":0,"item_purchase_floors":[],"current_hp_per_floor":[70,75,80,80,80,80,74,72,72,72,60,60,54,51,51,0],"gold":386,"neow_bonus":"UPGRADE_CARD","is_prod":false,"is_daily":false,"chose_seed":false,"campfire_upgraded":3,"win_rate":0,"timestamp":1559414315,"path_taken":["M","M","?","M","?","R","M","?","T","R","E","?","E","M","R","BOSS"],"build_version":"2019-05-31","purchased_purges":0,"victory":false,"max_hp_per_floor":[75,75,80,80,80,80,80,80,80,80,80,72,72,72,72,72],"card_choices":[{"not_picked":["Pommel Strike","Twin Strike"],"picked":"Anger","floor":1},{"not_picked":["Searing Blow","Body Slam"],"picked":"Shrug It Off","floor":2},{"not_picked":["Dropkick","Rage"],"picked":"Combust","floor":4},{"not_picked":["Seeing Red","Body Slam"],"picked":"Hemokinesis","floor":7},{"not_picked":["Burning Pact","Havoc","Warcry"],"picked":"SKIP","floor":8},{"not_picked":["Dropkick","Twin Strike","Iron Wave"],"picked":"SKIP","floor":11},{"not_picked":["Clothesline","Dark Embrace"],"picked":"True Grit","floor":13},{"not_picked":["Perfected Strike","Sword Boomerang","Headbutt"],"picked":"SKIP","floor":14}],"player_experience":2092299,"relics_obtained":[{"floor":9,"key":"MawBank"},{"floor":11,"key":"Smiling Mask"},{"floor":13,"key":"Regal Pillow"}],"event_choices":[{"damage_healed":0,"gold_gain":0,"player_choice":"Donut","damage_taken":0,"max_hp_gain":5,"max_hp_loss":0,"event_name":"Big Fish","floor":3,"gold_loss":0},{"cards_removed":["Strike_R"],"damage_healed":0,"gold_gain":0,"player_choice":"Offered Basic","damage_taken":0,"max_hp_gain":0,"max_hp_loss":0,"event_name":"Bonfire Elementals","floor":5,"gold_loss":0},{"damage_healed":0,"gold_gain":0,"player_choice":"Lose Max HP","damage_taken":0,"relics_obtained":["Golden Idol"],"max_hp_gain":0,"max_hp_loss":8,"event_name":"Golden Idol","floor":12,"gold_loss":0}],"is_beta":true,"boss_relics":[],"items_purged_floors":[],"is_endless":false,"potions_floor_spawned":[2,7,14],"killed_by":"Slime Boss","ascension_level":20}