{"gold_per_floor":[15,29,40,115,132,132,159,159,184,201,201,232,245,263,263,359,359,377,18,37,37,37,37,64,64],"floor_reached":25,"playtime":2072,"items_purged":["Regret"],"score":291,"play_id":"b32b16ae-796f-4cef-a426-8a014b8deff9","local_time":"20190814160522","is_ascension_mode":true,"campfire_choices":[{"data":"Noxious Fumes","floor":6,"key":"SMITH"},{"data":"Leg Sweep","floor":11,"key":"SMITH"},{"floor":15,"key":"REST"},{"floor":23,"key":"REST"}],"neow_cost":"NO_GOLD","seed_source_timestamp":371607957846706,"circlet_count":0,"master_deck":["Strike_G","Strike_G","Strike_G","Strike_G","Defend_G","Defend_G","Defend_G","Defend_G","Survivor","Neutralize","Noxious Fumes+1","Poisoned Stab","PiercingWail","Escape Plan","Bane","Poisoned Stab","Leg Sweep+1","Noxious Fumes","Cloak And Dagger","Deadly Poison","Tools of the Trade","Dagger Spray+1","Blur","Shame","Catalyst"],"relics":["Ring of the Snake","Anchor","Blood Vial","Regal Pillow","Bottled Lightning","Black Star","MealTicket","Boot","Art of War","Juzu Bracelet"],"potions_floor_usage":[7,24,24,25],"damage_taken":[{"damage":0,"enemies":"Cultist","floor":1,"turns":4},{"damage":2,"enemies":"Small Slimes","floor":2,"turns":3},{"damage":0,"enemies":"2 Louse","floor":3,"turns":2},{"damage":1,"enemies":"Exordium Wildlife","floor":5,"turns":4},{"damage":6,"enemies":"Gremlin Nob","floor":7,"turns":3},{"damage":2,"enemies":"Gremlin Gang","floor":10,"turns":4},{"damage":15,"enemies":"Lagavulin","floor":12,"turns":7},{"damage":0,"enemies":"Looter","floor":13,"turns":3},{"damage":10,"enemies":"Blue Slaver","floor":14,"turns":4},{"damage":36,"enemies":"The Guardian","floor":16,"turns":9},{"damage":18,"enemies":"Chosen","floor":18,"turns":5},{"damage":7,"enemies":"Spheric Guardian","floor":20,"turns":5},{"damage":65,"enemies":"Slavers","floor":24,"turns":7},{"damage":4,"enemies":"3 Cultists","floor":25,"turns":2}],"seed_played":"2558320813282443667","potions_obtained":[{"floor":3,"key":"Explosive Potion"},{"floor":5,"key":"AttackPotion"},{"floor":7,"key":"Energy Potion"},{"floor":20,"key":"GamblersBrew"}],"is_trial":false,"path_per_floor":["M","M","M","?","M","R","E","?","T","M","R","E","M","M","R","B",null,"M","$","M","?","?","R","E","M"],"character_chosen":"THE_SILENT","items_purchased":["MealTicket","Blur"],"campfire_rested":2,"item_purchase_floors":[19,19],"current_hp_per_floor":[70,68,68,57,56,56,50,50,50,50,50,37,39,31,67,33,61,45,45,40,40,27,64,1,0],"gold":64,"neow_bonus":"TRANSFORM_TWO_CARDS","is_prod":false,"is_daily":false,"chose_seed":false,"campfire_upgraded":2,"win_rate":0,"timestamp":1565787922,"path_taken":["M","?","M","?","M","R","E","?","T","?","R","E","M","M","R","BOSS","M","$","?","?","?","R","E","M"],"build_version":"2019-07-17","purchased_purges":1,"victory":false,"max_hp_per_floor":[70,70,70,70,70,70,70,70,70,70,70,70,70,70,70,70,70,70,70,70,70,75,75,75,75],"card_choices":[{"not_picked":["Blur","Underhanded Strike"],"picked":"PiercingWail","floor":1},{"not_picked":["Tactician","Infinite Blades"],"picked":"Escape Plan","floor":2},{"not_picked":["Outmaneuver","Slice"],"picked":"Bane","floor":3},{"not_picked":["Heel Hook","Underhanded Strike"],"picked":"Poisoned Stab","floor":5},{"not_picked":["Accuracy","Setup","Sucker Punch"],"picked":"SKIP","floor":7},{"not_picked":["Riddle With Holes","Deflect"],"picked":"Leg Sweep","floor":10},{"not_picked":["Heel Hook","Eviscerate"],"picked":"Noxious Fumes","floor":12},{"not_picked":["Malaise","Escape Plan"],"picked":"Cloak And Dagger","floor":13},{"not_picked":["Setup","Blade Dance"],"picked":"Deadly Poison","floor":14},{"not_picked":["Venomology","Night Terror"],"picked":"Tools of the Trade","floor":16},{"not_picked":["Quick Slash","Slice"],"picked":"Dagger Spray+1","floor":18},{"not_picked":["Quick Slash","Distraction","Blade Dance"],"picked":"SKIP","floor":20},{"not_picked":["Well Laid Plans","Flying Knee"],"picked":"Catalyst","floor":24}],"player_experience":170257,"relics_obtained":[{"floor":7,"key":"Anchor"},{"floor":9,"key":"Regal Pillow"},{"floor":12,"key":"Bottled Lightning"},{"floor":24,"key":"Art of War"},{"floor":24,"key":"Juzu Bracelet"}],"event_choices":[{"damage_healed":0,"gold_gain":75,"player_choice":"Gather Gold","damage_taken":11,"max_hp_gain":0,"max_hp_loss":0,"event_name":"World of Goop","floor":4,"gold_loss":0},{"damage_healed":0,"gold_gain":0,"player_choice":"Box","damage_taken":0,"relics_obtained":["Blood Vial"],"max_hp_gain":0,"max_hp_loss":0,"event_name":"Big Fish","floor":8,"gold_loss":0,"cards_obtained":["Regret"]},{"damage_healed":0,"gold_gain":0,"player_choice":"Stole Relic","damage_taken":0,"relics_obtained":["Boot"],"max_hp_gain":0,"max_hp_loss":0,"event_name":"Addict","floor":21,"gold_loss":0,"cards_obtained":["Shame"]},{"damage_healed":0,"gold_gain":0,"player_choice":"Shed Blood","damage_taken":18,"max_hp_gain":5,"max_hp_loss":0,"event_name":"Forgotten Altar","floor":22,"gold_loss":0}],"is_beta":false,"boss_relics":[{"not_picked":["Busted Crown","Fusion Hammer"],"picked":"Black Star"}],"items_purged_floors":[19],"is_endless":false,"potions_floor_spawned":[3,5,7,10,20],"killed_by":"3 Cultists","ascension_level":5}