{"gold_per_floor":[115,132,57,74,74,105,105,105,153,153,173,248,282,293,293,293],"floor_reached":16,"playtime":458,"items_purged":[],"score":220,"play_id":"b5d9f0dd-821d-4183-952f-4b33282dfa40","local_time":"20190613235930","is_ascension_mode":true,"campfire_choices":[{"data":"Bash","floor":7,"key":"SMITH"},{"data":"Wild Strike","floor":10,"key":"SMITH"},{"data":"Clothesline","floor":15,"key":"SMITH"}],"neow_cost":"NONE","seed_source_timestamp":216208867474942,"circlet_count":0,"master_deck":["AscendersBane","Strike_R","Strike_R","Strike_R","Strike_R","Defend_R","Defend_R","Defend_R","Defend_R","Bash+1","Wild Strike+1","True Grit+1","Headbutt","Reaper","Thunderclap","Clothesline+1"],"relics":["Burning Blood","Omamori","Bronze Scales","Bag of Marbles"],"potions_floor_usage":[6,13],"damage_taken":[{"damage":9,"enemies":"2 Louse","floor":1,"turns":3},{"damage":19,"enemies":"Jaw Worm","floor":2,"turns":4},{"damage":10,"enemies":"Small Slimes","floor":4,"turns":3},{"damage":28,"enemies":"Lagavulin","floor":6,"turns":6},{"damage":17,"enemies":"3 Louse","floor":11,"turns":3},{"damage":8,"enemies":"Gremlin Nob","floor":13,"turns":3},{"damage":16,"enemies":"Exordium Wildlife","floor":14,"turns":4},{"damage":33,"enemies":"Hexaghost","floor":16,"turns":9}],"seed_played":"-2516883188065815275","potions_obtained":[{"floor":1,"key":"Strength Potion"},{"floor":2,"key":"Swift Potion"},{"floor":4,"key":"PowerPotion"}],"is_trial":false,"path_per_floor":["M","M","?","M","$","E","R","?","T","R","M","?","E","M","R","B"],"character_chosen":"IRONCLAD","items_purchased":[],"campfire_rested":0,"item_purchase_floors":[],"current_hp_per_floor":[72,59,59,55,55,33,33,33,33,33,34,23,30,26,26,0],"gold":293,"neow_bonus":"TEN_PERCENT_HP_BONUS","is_prod":false,"is_daily":false,"chose_seed":false,"campfire_upgraded":3,"win_rate":0,"timestamp":1560466770,"path_taken":["M","M","?","M","$","E","R","?","T","R","M","?","E","M","R","BOSS"],"build_version":"2019-06-12","purchased_purges":0,"victory":false,"max_hp_per_floor":[82,82,82,82,82,82,82,82,82,82,82,82,82,82,82,82],"card_choices":[{"not_picked":["Heavy Blade","Sentinel"],"picked":"Wild Strike","floor":1},{"not_picked":["Armaments","Heavy Blade"],"picked":"True Grit","floor":2},{"not_picked":["True Grit","Entrench"],"picked":"Headbutt","floor":4},{"not_picked":["Perfected Strike","Searing Blow"],"picked":"Reaper","floor":6},{"not_picked":["Shrug It Off","Whirlwind"],"picked":"Thunderclap","floor":11},{"not_picked":["Dual Wield","Dark Embrace"],"picked":"Clothesline","floor":13},{"not_picked":["Reckless Charge","Cleave","Ghostly Armor"],"picked":"SKIP","floor":14}],"player_experience":2104333,"relics_obtained":[{"floor":6,"key":"Omamori"},{"floor":9,"key":"Bronze Scales"},{"floor":13,"key":"Bag of Marbles"}],"event_choices":[{"cards_removed":["Strike_R"],"damage_healed":0,"gold_gain":0,"player_choice":"Card Removal","damage_taken":0,"max_hp_gain":0,"max_hp_loss":0,"event_name":"The Cleric","floor":3,"gold_loss":75},{"damage_healed":0,"gold_gain":0,"player_choice":"Grow","damage_taken":0,"max_hp_gain":0,"max_hp_loss":0,"event_name":"Living Wall","floor":8,"gold_loss":0,"cards_upgraded":["True Grit"]},{"damage_healed":0,"gold_gain":75,"player_choice":"Gather Gold","damage_taken":11,"max_hp_gain":0,"max_hp_loss":0,"event_name":"World of Goop","floor":12,"gold_loss":0}],"is_beta":true,"boss_relics":[],"items_purged_floors":[],"is_endless":false,"potions_floor_spawned":[1,2,4],"killed_by":"Hexaghost","ascension_level":20}