{"gold_per_floor":[119,119,129,129,129,155,172,184,184,184,184,154,154,166,166,166],"floor_reached":16,"playtime":702,"items_purged":[],"score":150,"play_id":"8a8f66e8-bd0c-492d-8e91-80283881b11d","local_time":"20190807113643","is_ascension_mode":true,"campfire_choices":[{"floor":11,"key":"REST"},{"data":"Bash","floor":13,"key":"SMITH"},{"data":"Evolve","floor":15,"key":"SMITH"}],"neow_cost":"NONE","seed_source_timestamp":370338721112000,"circlet_count":0,"master_deck":["AscendersBane","Strike_R","Strike_R","Strike_R","Strike_R","Defend_R","Defend_R","Defend_R","Defend_R","Bash+1","Reaper","Shrug It Off","Shrug It Off","Evolve+1"],"relics":["Burning Blood","Dream Catcher","Happy Flower","Matryoshka"],"potions_floor_usage":[6,8,14,14,16],"damage_taken":[{"damage":6,"enemies":"Cultist","floor":1,"turns":4},{"damage":5,"enemies":"2 Louse","floor":3,"turns":4},{"damage":50,"enemies":"3 Sentries","floor":6,"turns":12},{"damage":19,"enemies":"Jaw Worm","floor":7,"turns":5},{"damage":12,"enemies":"Gremlin Gang","floor":8,"turns":4},{"damage":6,"enemies":"Looter","floor":12,"turns":4},{"damage":21,"enemies":"Exordium Thugs","floor":14,"turns":15},{"damage":60,"enemies":"Slime Boss","floor":16,"turns":10}],"seed_played":"8777042601885599538","potions_obtained":[{"floor":5,"key":"SkillPotion"},{"floor":5,"key":"Regen Potion"},{"floor":5,"key":"LiquidBronze"},{"floor":7,"key":"Fire Potion"},{"floor":8,"key":"SkillPotion"}],"is_trial":false,"path_per_floor":["M","$","M","$","?","E","M","M","T","?","R","M","R","M","R","B"],"character_chosen":"IRONCLAD","items_purchased":[],"campfire_rested":1,"item_purchase_floors":[],"current_hp_per_floor":[72,72,73,73,73,29,16,18,18,18,42,48,48,54,54,4],"gold":166,"neow_bonus":"RANDOM_COMMON_RELIC","is_prod":false,"is_daily":false,"chose_seed":false,"campfire_upgraded":2,"win_rate":0,"timestamp":1565145403,"path_taken":["M","$","M","?","?","E","M","?","T","?","R","M","R","M","R","BOSS"],"build_version":"2019-07-17","purchased_purges":0,"victory":false,"max_hp_per_floor":[80,80,80,80,80,80,80,80,80,80,80,80,80,80,80,80],"card_choices":[{"not_picked":["Twin Strike","Cleave","Perfected Strike"],"picked":"SKIP","floor":1},{"not_picked":["Iron Wave","Spot Weakness","Perfected Strike"],"picked":"SKIP","floor":3},{"not_picked":["Pummel","Anger"],"picked":"Reaper","floor":6},{"not_picked":["Warcry","Pommel Strike"],"picked":"Shrug It Off","floor":7},{"not_picked":["Body Slam","Warcry"],"picked":"Shrug It Off","floor":8},{"not_picked":["Wild Strike","Spot Weakness","Shrug It Off"],"picked":"SKIP","floor":12},{"not_picked":["Pommel Strike","Flame Barrier"],"picked":"Evolve","floor":14}],"player_experience":137248,"relics_obtained":[{"floor":6,"key":"Happy Flower"},{"floor":9,"key":"Matryoshka"}],"event_choices":[{"damage_healed":0,"gold_gain":0,"player_choice":"Got Potions","damage_taken":0,"max_hp_gain":0,"max_hp_loss":0,"event_name":"Lab","floor":5,"gold_loss":0},{"cards_removed":["Strike_R"],"damage_healed":0,"gold_gain":0,"player_choice":"Offered Basic","damage_taken":0,"max_hp_gain":0,"max_hp_loss":0,"event_name":"Bonfire Elementals","floor":10,"gold_loss":0}],"is_beta":false,"boss_relics":[],"items_purged_floors":[],"is_endless":false,"potions_floor_spawned":[7,8],"killed_by":"Slime Boss","ascension_level":10}