{"gold_per_floor":[116,135,60,60,60,95,107,133,133,133,133,146,46,80,80,177,177,195,195,178,178,30,30,43,43,112,112,112,112,132,150,150,150],"floor_reached":33,"playtime":2767,"items_purged":["Defend_G","Strike_G"],"score":317,"play_id":"1d0e3b75-b5ef-448b-a557-90ed46d1c988","local_time":"20190815131631","is_ascension_mode":true,"campfire_choices":[{"floor":15,"key":"RECALL"},{"data":"Infinite Blades","floor":23,"key":"SMITH"},{"floor":25,"key":"REST"},{"floor":28,"key":"REST"},{"floor":32,"key":"REST"}],"neow_cost":"NONE","seed_source_timestamp":1433249926332,"circlet_count":0,"master_deck":["Strike_G","Strike_G","Strike_G","Defend_G","Defend_G","Defend_G","Defend_G","Survivor","Neutralize","After Image","Flying Knee","Endless Agony","Terror+1","Regret","Parasite","Skewer","Night Terror+1","Acrobatics+1","Cloak And Dagger+1","Noxious Fumes","Well Laid Plans","Blade Dance+1","Night Terror+1","Infinite Blades+1","Finisher","Backflip+1","Cloak And Dagger+1","Backstab"],"relics":["Ring of the Snake","Blue Candle","Sundial","Toxic Egg 2","Lantern","Bag of Marbles","Orrery","Nloth\u0027s Gift","Bottled Flame","MutagenicStrength"],"potions_floor_usage":[8,8,16,24,31],"damage_taken":[{"damage":0,"enemies":"Cultist","floor":1,"turns":1},{"damage":0,"enemies":"Jaw Worm","floor":2,"turns":1},{"damage":0,"enemies":"3 Sentries","floor":6,"turns":1},{"damage":0,"enemies":"2 Louse","floor":7,"turns":2},{"damage":11,"enemies":"Lagavulin","floor":8,"turns":7},{"damage":9,"enemies":"2 Fungi Beasts","floor":12,"turns":3},{"damage":26,"enemies":"Gremlin Nob","floor":14,"turns":5},{"damage":13,"enemies":"Hexaghost","floor":16,"turns":9},{"damage":9,"enemies":"3 Byrds","floor":18,"turns":6},{"damage":23,"enemies":"2 Thieves","floor":20,"turns":4},{"damage":27,"enemies":"Chosen and Byrds","floor":24,"turns":6},{"damage":15,"enemies":"Centurion and Healer","floor":30,"turns":6},{"damage":28,"enemies":"Snake Plant","floor":31,"turns":5},{"damage":20,"enemies":"Collector","floor":33,"turns":5}],"seed_played":"-5896743889404909052","potions_obtained":[{"floor":6,"key":"Swift Potion"},{"floor":7,"key":"Fire Potion"},{"floor":8,"key":"Explosive Potion"},{"floor":16,"key":"Ancient Potion"},{"floor":20,"key":"Fire Potion"}],"is_trial":false,"path_per_floor":["M","M","$","?","?","E","M","E","T","?","?","M","$","E","R","B",null,"M","?","M","?","$","R","M","R","T","?","R","?","M","M","R","B"],"character_chosen":"THE_SILENT","items_purchased":["Infinite Blades","Finisher"],"campfire_rested":3,"item_purchase_floors":[22,22],"current_hp_per_floor":[70,70,70,63,56,56,56,45,45,45,62,53,53,27,27,14,70,61,61,38,38,38,38,11,32,32,32,53,53,38,10,31,11],"gold":150,"neow_bonus":"THREE_ENEMY_KILL","is_prod":false,"is_daily":false,"chose_seed":false,"campfire_upgraded":1,"win_rate":0,"timestamp":1565900191,"path_taken":["M","M","$","?","?","E","M","E","T","?","?","?","$","E","R","BOSS","M","?","?","?","$","R","?","R","T","?","R","?","M","M","R","BOSS"],"build_version":"2019-07-17","purchased_purges":2,"victory":false,"max_hp_per_floor":[70,70,70,70,70,70,70,70,70,70,70,70,70,70,70,70,70,70,70,70,70,70,70,70,70,70,70,70,70,70,70,70,70],"card_choices":[{"not_picked":["Dodge and Roll","Bane","Underhanded Strike"],"picked":"SKIP","floor":1},{"not_picked":["Footwork","Dagger Spray"],"picked":"After Image","floor":2},{"not_picked":["Backstab","Dagger Spray"],"picked":"Flying Knee","floor":6},{"not_picked":["Footwork","Dagger Spray"],"picked":"Endless Agony","floor":7},{"not_picked":["Riddle With Holes","Calculated Gamble"],"picked":"Terror","floor":8},{"not_picked":["Choke","Footwork","Dagger Spray"],"picked":"SKIP","floor":12},{"not_picked":["Outmaneuver+1","Deflect+1"],"picked":"Skewer","floor":14},{"not_picked":["Doppelganger+1","Tools of the Trade"],"picked":"Night Terror+1","floor":16},{"not_picked":["Underhanded Strike","Outmaneuver+1"],"picked":"Acrobatics+1","floor":17},{"not_picked":["Skewer","Outmaneuver+1"],"picked":"Cloak And Dagger+1","floor":17},{"not_picked":["Quick Slash","Dodge and Roll+1"],"picked":"Noxious Fumes","floor":17},{"not_picked":["Dagger Spray+1","Unload"],"picked":"Well Laid Plans","floor":18},{"not_picked":["Deadly Poison+1","Eviscerate+1"],"picked":"Blade Dance+1","floor":20},{"not_picked":["Poisoned Stab","Reflex+1"],"picked":"Backflip+1","floor":24},{"not_picked":["Finisher","PiercingWail+1"],"picked":"Cloak And Dagger+1","floor":30},{"not_picked":["Blade Dance+1","Phantasmal Killer+1"],"picked":"Backstab","floor":31}],"player_experience":107220,"relics_obtained":[{"floor":6,"key":"Sundial"},{"floor":8,"key":"Toxic Egg 2"},{"floor":14,"key":"Bag of Marbles"},{"floor":26,"key":"Bottled Flame"}],"event_choices":[{"cards_removed":["Strike_G"],"damage_healed":0,"gold_gain":0,"player_choice":"Card Removal","damage_taken":7,"max_hp_gain":0,"max_hp_loss":0,"event_name":"Golden Wing","floor":4,"gold_loss":0},{"damage_healed":0,"gold_gain":0,"player_choice":"Success","damage_taken":7,"relics_obtained":["Blue Candle"],"max_hp_gain":0,"max_hp_loss":0,"event_name":"Scrap Ooze","floor":5,"gold_loss":0},{"damage_healed":0,"gold_gain":0,"player_choice":"Box","damage_taken":0,"relics_obtained":["Lantern"],"max_hp_gain":0,"max_hp_loss":0,"event_name":"Big Fish","floor":10,"gold_loss":0,"cards_obtained":["Regret"]},{"damage_healed":17,"gold_gain":0,"player_choice":"Healed and dodged fight","damage_taken":0,"max_hp_gain":0,"max_hp_loss":0,"event_name":"Mushrooms","floor":11,"gold_loss":0,"cards_obtained":["Parasite"]},{"damage_healed":0,"gold_gain":0,"player_choice":"Traded Relic","damage_taken":0,"relics_obtained":["Nloth\u0027s Gift"],"max_hp_gain":0,"max_hp_loss":0,"event_name":"N\u0027loth","floor":19,"relics_lost":["NeowsBlessing"],"gold_loss":0},{"damage_healed":0,"gold_gain":0,"player_choice":"Copied","damage_taken":0,"max_hp_gain":0,"max_hp_loss":0,"event_name":"Duplicator","floor":21,"gold_loss":0,"cards_obtained":["Night Terror"]},{"damage_healed":0,"gold_gain":0,"player_choice":"Ignored","damage_taken":0,"max_hp_gain":0,"max_hp_loss":0,"event_name":"Cursed Tome","floor":27,"gold_loss":0},{"damage_healed":0,"gold_gain":0,"player_choice":"Inject Mutagens","damage_taken":0,"relics_obtained":["MutagenicStrength"],"max_hp_gain":0,"max_hp_loss":0,"event_name":"Drug Dealer","floor":29,"gold_loss":0}],"is_beta":false,"boss_relics":[{"not_picked":["Busted Crown","Fusion Hammer"],"picked":"Orrery"}],"items_purged_floors":[3,13],"is_endless":false,"potions_floor_spawned":[6,7,8,16,20],"killed_by":"Collector","ascension_level":2}