{"gold_per_floor":[118,138,158,158,175,205,205,167,167,167,180,17,17,48,48,48],"floor_reached":16,"playtime":634,"items_purged":[],"score":220,"play_id":"0295c025-9967-4937-bf94-9c2d666ac75e","local_time":"20190814215426","is_ascension_mode":true,"campfire_choices":[{"data":"Poisoned Stab","floor":7,"key":"SMITH"},{"floor":10,"key":"REST"},{"data":"Dash","floor":13,"key":"SMITH"},{"data":"Footwork","floor":15,"key":"SMITH"}],"neow_cost":"NONE","seed_source_timestamp":492635603102800,"circlet_count":0,"master_deck":["AscendersBane","Strike_G","Strike_G","Strike_G","Strike_G","Strike_G","Defend_G","Defend_G","Defend_G","Defend_G","Defend_G","Survivor","Neutralize","Sucker Punch+1","Poisoned Stab+1","PiercingWail","Dash+1","Footwork+1","Die Die Die","Well Laid Plans"],"relics":["Ring of the Snake","Centennial Puzzle","Kunai"],"potions_floor_usage":[6,14,16],"damage_taken":[{"damage":18,"enemies":"Jaw Worm","floor":1,"turns":9},{"damage":4,"enemies":"Cultist","floor":2,"turns":5},{"damage":5,"enemies":"2 Louse","floor":3,"turns":3},{"damage":0,"enemies":"Looter","floor":5,"turns":5},{"damage":21,"enemies":"Gremlin Nob","floor":6,"turns":4},{"damage":0,"enemies":"3 Louse","floor":11,"turns":4},{"damage":7,"enemies":"Lagavulin","floor":14,"turns":7},{"damage":27,"enemies":"Hexaghost","floor":16,"turns":15}],"seed_played":"4284107810636769236","potions_obtained":[{"floor":0,"key":"Strength Potion"},{"floor":0,"key":"GhostInAJar"},{"floor":6,"key":"Strength Potion"}],"is_trial":false,"path_per_floor":["M","M","M","?","M","E","R","?","T","R","M","$","R","E","R","B"],"character_chosen":"THE_SILENT","items_purchased":["Footwork","Die Die Die"],"campfire_rested":1,"item_purchase_floors":[12,12],"current_hp_per_floor":[41,37,32,32,32,11,11,11,11,30,30,30,30,23,23,0],"gold":48,"neow_bonus":"THREE_SMALL_POTIONS","is_prod":false,"is_daily":false,"chose_seed":false,"campfire_upgraded":3,"win_rate":0,"timestamp":1565816066,"path_taken":["M","M","M","?","?","E","R","?","T","R","M","$","R","E","R","BOSS"],"build_version":"2019-07-18","purchased_purges":0,"victory":false,"max_hp_per_floor":[66,66,66,66,66,66,66,66,66,66,66,66,66,66,66,66],"card_choices":[{"not_picked":["Deflect","Bane","Cloak And Dagger"],"picked":"SKIP","floor":1},{"not_picked":["Prepared","Outmaneuver"],"picked":"Sucker Punch","floor":2},{"not_picked":["Dodge and Roll","Burst","Backflip"],"picked":"SKIP","floor":3},{"not_picked":["Bane","Quick Slash"],"picked":"Poisoned Stab","floor":5},{"not_picked":["Doppelganger","Blade Dance"],"picked":"PiercingWail","floor":6},{"not_picked":["Slice","Choke"],"picked":"Dash","floor":11},{"not_picked":["Sucker Punch","Masterful Stab"],"picked":"Well Laid Plans","floor":14}],"player_experience":2318091,"relics_obtained":[{"floor":6,"key":"Centennial Puzzle"},{"floor":14,"key":"Kunai"}],"event_choices":[{"damage_healed":0,"gold_gain":0,"player_choice":"Upgraded","damage_taken":0,"max_hp_gain":0,"max_hp_loss":0,"event_name":"Upgrade Shrine","floor":4,"gold_loss":0,"cards_upgraded":["Sucker Punch"]},{"damage_healed":0,"gold_gain":0,"player_choice":"Left Gold","damage_taken":0,"max_hp_gain":0,"max_hp_loss":0,"event_name":"World of Goop","floor":8,"gold_loss":38}],"is_beta":true,"boss_relics":[],"items_purged_floors":[],"is_endless":false,"potions_floor_spawned":[3,5,6],"killed_by":"Hexaghost","ascension_level":20}