{"gold_per_floor":[118,133,13,13,30,58,58,78,78,95,95,120,120],"floor_reached":13,"playtime":384,"items_purged":[],"score":190,"play_id":"b63df043-061e-4883-81fb-4ca98b135c57","local_time":"20190621221808","is_ascension_mode":true,"campfire_choices":[{"data":"Noxious Fumes","floor":7,"key":"SMITH"}],"neow_cost":"NONE","seed_source_timestamp":361345491916163,"circlet_count":0,"master_deck":["AscendersBane","Strike_G","Strike_G","Strike_G","Strike_G","Defend_G","Defend_G","Defend_G","Defend_G","Defend_G","Survivor","Neutralize","Masterful Stab","Bouncing Flask","Noxious Fumes+1","Predator","Dagger Spray","Crippling Poison","Caltrops","Corpse Explosion"],"relics":["Ring of the Snake","NeowsBlessing","Gremlin Horn","The Courier","NlothsMask","Happy Flower"],"potions_floor_usage":[6,10],"damage_taken":[{"damage":0,"enemies":"Cultist","floor":1,"turns":1},{"damage":0,"enemies":"Jaw Worm","floor":2,"turns":1},{"damage":0,"enemies":"2 Louse","floor":5,"turns":1},{"damage":22,"enemies":"3 Sentries","floor":6,"turns":7},{"damage":4,"enemies":"Blue Slaver","floor":8,"turns":4},{"damage":8,"enemies":"3 Louse","floor":10,"turns":3},{"damage":24,"enemies":"Gremlin Nob","floor":12,"turns":4},{"damage":1,"enemies":"Exordium Thugs","floor":13,"turns":1}],"seed_played":"-5890377145512317295","potions_obtained":[{"floor":1,"key":"FearPotion"},{"floor":2,"key":"EssenceOfSteel"}],"is_trial":false,"path_per_floor":["M","M","$","?","M","E","R","M","T","M","?","E","M"],"character_chosen":"THE_SILENT","items_purchased":["Noxious Fumes","Predator"],"campfire_rested":0,"item_purchase_floors":[3,3],"current_hp_per_floor":[59,59,59,59,59,37,37,33,33,25,25,1,0],"gold":120,"neow_bonus":"THREE_ENEMY_KILL","is_prod":false,"is_daily":false,"chose_seed":false,"campfire_upgraded":1,"win_rate":0,"timestamp":1561151888,"path_taken":["M","?","$","?","?","E","R","?","T","M","?","E","M"],"build_version":"2019-06-21","purchased_purges":0,"victory":false,"max_hp_per_floor":[66,66,66,66,66,66,66,66,66,66,66,66,66],"card_choices":[{"not_picked":["Outmaneuver","Dodge and Roll"],"picked":"Masterful Stab","floor":1},{"not_picked":["Eviscerate","Flechettes"],"picked":"Bouncing Flask","floor":2},{"not_picked":["Dodge and Roll","Outmaneuver"],"picked":"Dagger Spray","floor":5},{"not_picked":["Choke","Endless Agony"],"picked":"Crippling Poison","floor":6},{"not_picked":["Endless Agony","Backflip","Blade Dance"],"picked":"SKIP","floor":8},{"not_picked":["Endless Agony","Dagger Throw"],"picked":"Caltrops","floor":10},{"not_picked":["Tools of the Trade","Doppelganger"],"picked":"Corpse Explosion","floor":12}],"player_experience":2132459,"relics_obtained":[{"floor":6,"key":"Gremlin Horn"},{"floor":9,"key":"The Courier"},{"floor":12,"key":"Happy Flower"}],"event_choices":[{"cards_removed":["Strike_G"],"damage_healed":0,"gold_gain":0,"player_choice":"Purged","damage_taken":0,"max_hp_gain":0,"max_hp_loss":0,"event_name":"Purifier","floor":4,"gold_loss":0},{"damage_healed":0,"gold_gain":0,"player_choice":"Trade","damage_taken":0,"relics_obtained":["NlothsMask"],"max_hp_gain":0,"max_hp_loss":0,"event_name":"FaceTrader","floor":11,"gold_loss":0}],"is_beta":true,"boss_relics":[],"items_purged_floors":[],"is_endless":false,"potions_floor_spawned":[1,2,5],"killed_by":"Exordium Thugs","ascension_level":20}