{"gold_per_floor":[119,131,146,156,175,200,76,76,76,351,351,1,15,15,15,139,139,164,189,208,222,222],"floor_reached":22,"playtime":1447,"items_purged":["Strike_B"],"score":190,"play_id":"742bfd5e-b516-41a6-a6a7-67601a860891","local_time":"20190817163320","is_ascension_mode":false,"campfire_choices":[{"data":"Fusion","floor":8,"key":"SMITH"},{"floor":11,"key":"RECALL"},{"data":"Fission","floor":15,"key":"SMITH"}],"neow_cost":"NONE","seed_source_timestamp":103117848568802,"circlet_count":0,"master_deck":["Strike_B","Strike_B","Strike_B","Defend_B","Defend_B","Defend_B","Defend_B","Zap","Dualcast","Self Repair","Ball Lightning","Ball Lightning","Fusion+1","Consume","Redo","Fission+1","Meteor Strike","Fission","Rebound+1","Hologram"],"relics":["Cracked Core","NeowsBlessing","Pear","Omamori","Runic Capacitor","Golden Idol","Philosopher\u0027s Stone"],"potions_floor_usage":[6,6,18,19,21],"damage_taken":[{"damage":0,"enemies":"2 Louse","floor":1,"turns":1},{"damage":0,"enemies":"Cultist","floor":2,"turns":1},{"damage":0,"enemies":"Jaw Worm","floor":3,"turns":1},{"damage":6,"enemies":"Blue Slaver","floor":4,"turns":4},{"damage":5,"enemies":"Looter","floor":5,"turns":3},{"damage":25,"enemies":"3 Sentries","floor":6,"turns":7},{"damage":25,"enemies":"3 Louse","floor":13,"turns":3},{"damage":14,"enemies":"Slime Boss","floor":16,"turns":9},{"damage":18,"enemies":"2 Thieves","floor":18,"turns":3},{"damage":19,"enemies":"Shell Parasite","floor":19,"turns":4},{"damage":42,"enemies":"Sentry and Sphere","floor":20,"turns":6},{"damage":11,"enemies":"Shelled Parasite and Fungi","floor":21,"turns":3},{"damage":14,"enemies":"Cultist and Chosen","floor":22,"turns":3}],"seed_played":"1072560241731064007","potions_obtained":[{"floor":1,"key":"EssenceOfSteel"},{"floor":5,"key":"Energy Potion"},{"floor":16,"key":"PowerPotion"},{"floor":18,"key":"Energy Potion"},{"floor":20,"key":"FocusPotion"},{"floor":21,"key":"FearPotion"}],"is_trial":false,"path_per_floor":["M","M","M","M","M","E","$","R","T","?","R","$","M","?","R","B",null,"M","M","M","M","M"],"character_chosen":"DEFECT","items_purchased":["Redo","Fission","Runic Capacitor"],"campfire_rested":0,"item_purchase_floors":[7,12,12],"current_hp_per_floor":[75,75,75,75,70,62,62,62,62,62,62,62,44,44,44,37,79,68,56,21,17,3],"gold":222,"neow_bonus":"THREE_ENEMY_KILL","is_prod":false,"is_daily":false,"chose_seed":false,"campfire_upgraded":2,"win_rate":0,"timestamp":1566084800,"path_taken":["M","M","M","M","M","E","$","R","T","?","R","$","?","?","R","BOSS","M","M","M","M","M"],"build_version":"2019-07-17","purchased_purges":1,"victory":false,"max_hp_per_floor":[75,75,75,75,75,85,85,85,85,85,85,85,85,79,79,79,79,79,79,79,79,79],"card_choices":[{"not_picked":["Auto Shields","Redo","Gash"],"picked":"SKIP","floor":1},{"not_picked":["Redo","Barrage"],"picked":"Self Repair","floor":2},{"not_picked":["Stack","Go for the Eyes"],"picked":"Ball Lightning","floor":3},{"not_picked":["Storm","Chaos"],"picked":"Ball Lightning","floor":4},{"not_picked":["Barrage","Ball Lightning"],"picked":"Fusion","floor":5},{"not_picked":["Sweeping Beam","Stack"],"picked":"Consume","floor":6},{"not_picked":["Blizzard","Leap"],"picked":"Meteor Strike","floor":13},{"not_picked":["Machine Learning","Buffer"],"picked":"Fission","floor":16},{"not_picked":["Hologram","Barrage"],"picked":"Rebound+1","floor":18},{"not_picked":["Gash","Doom and Gloom"],"picked":"Hologram","floor":19},{"not_picked":["Static Discharge","Ball Lightning","Force Field+1"],"picked":"SKIP","floor":20},{"not_picked":["Beam Cell","Reprogram","Storm"],"picked":"SKIP","floor":21}],"player_experience":145617,"relics_obtained":[{"floor":6,"key":"Pear"},{"floor":9,"key":"Omamori"}],"event_choices":[{"damage_healed":0,"gold_gain":275,"player_choice":"Desecrate","damage_taken":0,"max_hp_gain":0,"max_hp_loss":0,"event_name":"Golden Shrine","floor":10,"gold_loss":0,"cards_obtained":["Regret"]},{"damage_healed":0,"gold_gain":0,"player_choice":"Lose Max HP","damage_taken":0,"relics_obtained":["Golden Idol"],"max_hp_gain":0,"max_hp_loss":6,"event_name":"Golden Idol","floor":14,"gold_loss":0}],"is_beta":false,"boss_relics":[{"not_picked":["Sozu","Fusion Hammer"],"picked":"Philosopher\u0027s Stone"}],"items_purged_floors":[7],"is_endless":false,"potions_floor_spawned":[1,5,16,18,20,21],"killed_by":"Cultist and Chosen","ascension_level":0}