{"gold_per_floor":[116,134,59,59,77,107,163,194,229,241,279,303,315,343,355,465,477,500,512,524,546,302,327,338,338,338,0,0,31,31,50,50,148,148,161,161,261,273,273,273,285,285,285,160,10,10,21,56,56,56],"floor_reached":51,"playtime":2912,"items_purged":["Strike_MRS","Strike_MRS","Pain","Clumsy"],"score":913,"play_id":"53a64cc4-4004-4c40-8ef7-1ef58e4d75e4","local_time":"20190804045055","is_ascension_mode":false,"campfire_choices":[{"data":"MillisecondPulsars","floor":13,"key":"SMITH"},{"data":"DarkMatter","floor":15,"key":"SMITH"},{"data":"ManaRampage","floor":25,"key":"SMITH"},{"data":"MasterSpark","floor":32,"key":"SMITH"},{"data":"PolarisUnique","floor":40,"key":"SMITH"},{"data":"UpSweep","floor":42,"key":"SMITH"},{"data":"EarthLightRay","floor":46,"key":"SMITH"},{"data":"Defend_MRS","floor":49,"key":"SMITH"}],"neow_cost":"NONE","seed_source_timestamp":84572626533800,"circlet_count":0,"master_deck":["Strike_MRS","Defend_MRS","Defend_MRS","Defend_MRS+1","Defend_MRS+1","MasterSpark+1","UpSweep+1","PropBag","DoubleSpark+1","EarthLightRay+1","MillisecondPulsars+1","DarkMatter+1","ManaRampage+1","ShootTheMoon+1","SporeBomb+1","PolarisUnique+1","Dramatic Entrance","OortCloud+1","Wraith"],"relics":["MiniHakkero","NeowsBlessing","Vajra","MawBank","Art of War","Orichalcum","Cursed Key","Bag of Preparation","Thread and Needle","Mummified Hand","Happy Flower","Coffee Dripper","Calipers","Kunai","Juzu Bracelet"],"potions_floor_usage":[6,18,18,33,33,37,48,48,50,50],"damage_taken":[{"damage":0,"enemies":"Jaw Worm","floor":1,"turns":1},{"damage":0,"enemies":"Small Slimes","floor":2,"turns":1},{"damage":0,"enemies":"2 Louse","floor":5,"turns":1},{"damage":16,"enemies":"Lagavulin","floor":6,"turns":7},{"damage":17,"enemies":"Lagavulin Event","floor":7,"turns":5},{"damage":7,"enemies":"Looter","floor":8,"turns":3},{"damage":0,"enemies":"Exordium Thugs","floor":12,"turns":3},{"damage":8,"enemies":"Blue Slaver","floor":14,"turns":3},{"damage":7,"enemies":"The Guardian","floor":16,"turns":13},{"damage":0,"enemies":"3 Byrds","floor":18,"turns":6},{"damage":0,"enemies":"Spheric Guardian","floor":21,"turns":3},{"damage":4,"enemies":"Gremlin Leader","floor":23,"turns":4},{"damage":2,"enemies":"Centurion and Healer","floor":24,"turns":4},{"damage":0,"enemies":"Book of Stabbing","floor":29,"turns":2},{"damage":5,"enemies":"Snake Plant","floor":31,"turns":3},{"damage":0,"enemies":"Champ","floor":33,"turns":6},{"damage":0,"enemies":"Orb Walker","floor":35,"turns":3},{"damage":0,"enemies":"Mind Bloom Boss Battle","floor":37,"turns":2},{"damage":0,"enemies":"3 Darklings","floor":38,"turns":1},{"damage":12,"enemies":"Spire Growth","floor":41,"turns":4},{"damage":0,"enemies":"Jaw Worm Horde","floor":47,"turns":4},{"damage":32,"enemies":"Giant Head","floor":48,"turns":8},{"damage":24,"enemies":"Time Eater","floor":50,"turns":9}],"seed_played":"5002502798562757083","potions_obtained":[{"floor":2,"key":"EssenceOfSteel"},{"floor":6,"key":"Swift Potion"},{"floor":14,"key":"AttackPotion"},{"floor":16,"key":"Weak Potion"},{"floor":20,"key":"Explosive Potion"},{"floor":20,"key":"AttackPotion"},{"floor":35,"key":"Strength Potion"},{"floor":41,"key":"PowerPotion"},{"floor":47,"key":"Swift Potion"},{"floor":48,"key":"Dexterity Potion"}],"is_trial":false,"path_per_floor":["M","M","$","?","M","E","?","M","T","?","T","M","R","M","R","B",null,"M","?","?","M","$","E","M","R","T","?","$","E","$","M","R","B",null,"M","?","?","M","?","R","M","R","T","$","$","R","M","E","R","B",null],"character_chosen":"MARISA","items_purchased":["Bag of Preparation"],"campfire_rested":0,"item_purchase_floors":[22],"current_hp_per_floor":[75,75,75,60,60,44,31,28,28,21,21,25,25,21,21,18,75,75,75,75,75,75,71,73,73,73,73,73,73,73,70,70,74,75,75,75,75,75,75,75,63,63,63,63,63,63,69,43,43,25],"gold":56,"neow_bonus":"THREE_ENEMY_KILL","is_prod":false,"is_daily":false,"chose_seed":false,"campfire_upgraded":8,"win_rate":0.0,"timestamp":1564861855,"path_taken":["M","M","$","?","M","E","?","M","T","?","?","?","R","M","R","BOSS","M","?","?","M","$","E","?","R","T","?","?","E","$","M","R","BOSS","M","?","?","M","?","R","M","R","T","?","$","R","?","E","R","BOSS"],"build_version":"2019-07-17","purchased_purges":4,"victory":true,"max_hp_per_floor":[75,75,75,75,75,75,75,75,75,75,75,75,75,75,75,75,75,75,75,75,75,75,75,75,75,75,75,75,75,75,75,75,75,75,75,75,75,75,75,75,75,75,75,75,75,75,75,75,75,75],"card_choices":[{"not_picked":["NonDirectionalLaser","GalacticHalo"],"picked":"PropBag","floor":1},{"not_picked":["Singularity","AsteroidBelt"],"picked":"DoubleSpark","floor":2},{"not_picked":["OortCloud","IllusionStar","SporeBomb"],"picked":"SKIP","floor":5},{"not_picked":["PowerUp","DC"],"picked":"EarthLightRay","floor":6},{"not_picked":["DC","DeepEcoloBomb"],"picked":"MillisecondPulsars","floor":8},{"not_picked":["DarkSpark","NonDirectionalLaser"],"picked":"DarkMatter","floor":12},{"not_picked":["GrandCross","ManaConvection","MilkyWay"],"picked":"SKIP","floor":14},{"not_picked":["CasketOfStar","MaximisePower"],"picked":"ManaRampage","floor":16},{"not_picked":["DC","Robbery","GrandCross"],"picked":"SKIP","floor":18},{"not_picked":["ManaConvection","ShootingEcho","Robbery"],"picked":"SKIP","floor":21},{"not_picked":["MilkyWay","StarBarrage"],"picked":"ShootTheMoon+1","floor":23},{"not_picked":["AsteroidBelt","PowerUp"],"picked":"SporeBomb+1","floor":24},{"not_picked":["DarkMatter","Singularity","NonDirectionalLaser"],"picked":"SKIP","floor":29},{"not_picked":["EventHorizon","ShootingEcho","StarBarrage"],"picked":"SKIP","floor":31},{"not_picked":["ManaRampage","EscapeVelocity"],"picked":"PolarisUnique","floor":33},{"not_picked":["LuminesStrike","GalacticHalo","MilkyWay+1"],"picked":"SKIP","floor":35},{"not_picked":["Trip","Sadistic Nature"],"picked":"Dramatic Entrance","floor":36},{"not_picked":["ManaConvection+1","GalacticHalo"],"picked":"OortCloud+1","floor":37},{"not_picked":["WitchLeyline","GrandCross+1","SporeBomb+1"],"picked":"SKIP","floor":38},{"not_picked":["ChargingUp+1","LuminesStrike+1","SporeBomb+1"],"picked":"SKIP","floor":41},{"not_picked":["IllusionStar+1","DeepEcoloBomb+1","6A"],"picked":"SKIP","floor":47},{"not_picked":["Occultation","Robbery+1","GravityBeat+1"],"picked":"SKIP","floor":48}],"player_experience":136645,"relics_obtained":[{"floor":6,"key":"Vajra"},{"floor":7,"key":"MawBank"},{"floor":9,"key":"Art of War"},{"floor":11,"key":"Orichalcum"},{"floor":23,"key":"Thread and Needle"},{"floor":26,"key":"Mummified Hand"},{"floor":29,"key":"Happy Flower"},{"floor":37,"key":"Calipers"},{"floor":43,"key":"Kunai"},{"floor":48,"key":"Juzu Bracelet"}],"event_choices":[{"damage_healed":0,"gold_gain":0,"player_choice":"Entered Light","damage_taken":15,"max_hp_gain":0,"max_hp_loss":0,"event_name":"Shining Light","floor":4,"gold_loss":0,"cards_upgraded":["Defend_MRS","DoubleSpark"]},{"damage_healed":0,"gold_gain":0,"player_choice":"Searched \u00271\u0027 times","damage_taken":0,"max_hp_gain":0,"max_hp_loss":0,"event_name":"Dead Adventurer","floor":7,"gold_loss":0},{"cards_removed":["Strike_MRS"],"damage_healed":0,"gold_gain":0,"player_choice":"Card Removal","damage_taken":7,"max_hp_gain":0,"max_hp_loss":0,"event_name":"Golden Wing","floor":10,"gold_loss":0},{"damage_healed":0,"gold_gain":0,"player_choice":"Ignored","damage_taken":0,"max_hp_gain":0,"max_hp_loss":0,"event_name":"Ghosts","floor":19,"gold_loss":0},{"damage_healed":0,"gold_gain":0,"player_choice":"Got Potions","damage_taken":0,"max_hp_gain":0,"max_hp_loss":0,"event_name":"Lab","floor":20,"gold_loss":0},{"damage_healed":0,"gold_gain":0,"player_choice":"Paid Fearfully","damage_taken":0,"max_hp_gain":0,"max_hp_loss":0,"event_name":"Masked Bandits","floor":27,"gold_loss":338},{"damage_healed":0,"gold_gain":0,"player_choice":"Memory 1","damage_taken":0,"max_hp_gain":0,"max_hp_loss":0,"event_name":"SensoryStone","floor":36,"gold_loss":0},{"damage_healed":0,"gold_gain":0,"player_choice":"Fight","damage_taken":0,"max_hp_gain":0,"max_hp_loss":0,"event_name":"MindBloom","floor":37,"gold_loss":0},{"damage_healed":0,"gold_gain":0,"player_choice":"Ignored","damage_taken":0,"max_hp_gain":0,"max_hp_loss":0,"event_name":"OrinTheCat","floor":39,"gold_loss":0}],"is_beta":false,"boss_relics":[{"not_picked":["White Beast Statue","Runic Dome"],"picked":"Cursed Key"},{"not_picked":["Calling Bell","Velvet Choker"],"picked":"Coffee Dripper"}],"items_purged_floors":[3,22,44,45],"is_endless":false,"potions_floor_spawned":[2,6,14,16,21,23,31,35,41,47,48],"ascension_level":0}