{"gold_per_floor":[112,130,1,17,36,63,63,92,92,106,106,120,148,166,166,239,239,251,261,161,176,192,192,225,243,266,266,300,333,333,362,362,435,435,446,464,686,702,721,721,752,765,791,816,816,816,816,871,871,871,871,871,871,51,84,84],"floor_reached":57,"playtime":4423,"items_purged":["Strike_R","Strike_R"],"score":2763,"play_id":"c5535fde-198f-4fa8-ba26-f4c3f144956b","local_time":"20190719163207","is_ascension_mode":true,"campfire_choices":[{"data":"Armaments","floor":15.0,"key":"SMITH"},{"data":"True Grit","floor":23.0,"key":"SMITH"},{"floor":27.0,"key":"REST"},{"floor":32.0,"key":"REST"},{"floor":40.0,"key":"RECALL"},{"floor":47.0,"key":"REST"},{"data":"Battle Trance","floor":49.0,"key":"SMITH"},{"data":"Fiend Fire","floor":53,"key":"SMITH"}],"neow_cost":"NONE","seed_source_timestamp":0,"circlet_count":0,"master_deck":["AscendersBane","Defend_R","Defend_R","Defend_R","Defend_R","Pommel Strike","Spot Weakness","Shrug It Off","Twin Strike","Sword Boomerang","Exhume","Armaments+1","Battle Trance+1","Combust+1","True Grit+1","Fiend Fire+1","Inflame+1","Impervious","Burning Pact","Shockwave","True Grit","Pummel","Havoc","Impervious","Exhume","Feel No Pain+1","Seeing Red","Feel No Pain+1","Corruption+1","Shrug It Off"],"special_seed":0,"relics":["Burning Blood","Omamori","Dead Branch","Oddly Smooth Stone","Frozen Egg 2","Potion Belt","Self Forming Clay","Empty Cage","Centennial Puzzle","Lantern","Ancient Tea Set","Red Mask","Regal Pillow","Singing Bowl","Cursed Key","Blood Vial","Juzu Bracelet","Ice Cream","Medical Kit","Torii","Bronze Scales"],"potions_floor_usage":[56,56,56,56],"damage_taken":[{"damage":2.0,"enemies":"Cultist","floor":1.0,"turns":4.0},{"damage":11.0,"enemies":"Jaw Worm","floor":2.0,"turns":6.0},{"damage":1.0,"enemies":"Small Slimes","floor":4.0,"turns":4.0},{"damage":8.0,"enemies":"Blue Slaver","floor":5.0,"turns":3.0},{"damage":17.0,"enemies":"3 Sentries","floor":6.0,"turns":6.0},{"damage":11.0,"enemies":"Gremlin Nob","floor":8.0,"turns":3.0},{"damage":7.0,"enemies":"Exordium Wildlife","floor":10.0,"turns":4.0},{"damage":5.0,"enemies":"Looter","floor":12.0,"turns":3.0},{"damage":18.0,"enemies":"Lagavulin","floor":13.0,"turns":8.0},{"damage":5.0,"enemies":"3 Louse","floor":14.0,"turns":4.0},{"damage":25.0,"enemies":"Hexaghost","floor":16.0,"turns":10.0},{"damage":17.0,"enemies":"2 Thieves","floor":18.0,"turns":5.0},{"damage":0.0,"enemies":"Spheric Guardian","floor":19.0,"turns":3.0},{"damage":25.0,"enemies":"Centurion and Healer","floor":21.0,"turns":8.0},{"damage":16.0,"enemies":"Snecko","floor":22.0,"turns":7.0},{"damage":43.0,"enemies":"Gremlin Leader","floor":24.0,"turns":7.0},{"damage":13.0,"enemies":"3 Cultists","floor":25.0,"turns":5.0},{"damage":15.0,"enemies":"Book of Stabbing","floor":28.0,"turns":5.0},{"damage":10.0,"enemies":"Masked Bandits","floor":29.0,"turns":4.0},{"damage":0.0,"enemies":"Gremlin Leader","floor":31.0,"turns":3.0},{"damage":40.0,"enemies":"Automaton","floor":33.0,"turns":11.0},{"damage":0.0,"enemies":"3 Darklings","floor":35.0,"turns":6.0},{"damage":6.0,"enemies":"Orb Walker","floor":36.0,"turns":3.0},{"damage":6.0,"enemies":"3 Darklings","floor":38.0,"turns":6.0},{"damage":0.0,"enemies":"4 Shapes","floor":39.0,"turns":9.0},{"damage":2.0,"enemies":"Nemesis","floor":41.0,"turns":13.0},{"damage":0.0,"enemies":"Sphere and 2 Shapes","floor":42.0,"turns":4.0},{"damage":46.0,"enemies":"Reptomancer","floor":44.0,"turns":11.0},{"damage":20.0,"enemies":"2 Orb Walkers","floor":48.0,"turns":4.0},{"damage":30.0,"enemies":"Donu and Deca","floor":50.0,"turns":8.0},{"damage":6,"enemies":"Time Eater","floor":51,"turns":13},{"damage":28,"enemies":"Shield and Spear","floor":55,"turns":6},{"damage":11,"enemies":"The Heart","floor":56,"turns":8}],"seed_played":"-5153969173670137869","potions_obtained":[{"floor":1.0,"key":"Fire Potion"},{"floor":2.0,"key":"EssenceOfSteel"},{"floor":4.0,"key":"Strength Potion"},{"floor":10.0,"key":"Regen Potion"},{"floor":16.0,"key":"Regen Potion"},{"floor":18.0,"key":"GamblersBrew"},{"floor":21.0,"key":"EntropicBrew"},{"floor":24.0,"key":"Fire Potion"},{"floor":39.0,"key":"Explosive Potion"},{"floor":41.0,"key":"Strength Potion"},{"floor":42.0,"key":"Swift Potion"}],"is_trial":false,"path_per_floor":["M","M","$","M","M","E","?","E","T","M","?","M","E","M","R","B",null,"M","M","$","M","M","R","E","M","T","R","E","?","?","E","R","B",null,"M","M","?","M","M","R","E","M","T","E","T","?","R","?","R","B","B",null,"R","$","E","B",null],"character_chosen":"IRONCLAD","items_purchased":["Shrug It Off","Corruption+1","Medical Kit","Torii","Strength Potion","Block Potion","Weak Potion","Shrug It Off"],"campfire_rested":3,"item_purchase_floors":[3,54,54,54,54,54,54,54],"current_hp_per_floor":[72,67,67,72,70,59,48,43,43,42,42,43,31,32,32,13,60,49,55,55,36,66,66,29,22,22,44,35,31,31,39,77,43,69,77,77,77,79,83,83,85,85,85,47,47,47,87,73,73,51,53,79,79,79,61,58],"gold":84,"neow_bonus":"RANDOM_COMMON_RELIC","is_prod":false,"is_daily":false,"chose_seed":false,"campfire_upgraded":4,"win_rate":0,"timestamp":1563550327,"path_taken":["M","?","$","M","M","E","?","E","T","M","?","M","E","M","R","BOSS","M","M","$","?","?","R","E","M","T","R","E","?","?","E","R","BOSS","M","M","?","M","M","R","E","M","T","E","?","?","R","?","R","BOSS","BOSS","R","$","E","BOSS"],"build_version":"2019-07-18","purchased_purges":2,"victory":true,"max_hp_per_floor":[75,75,75,75,75,75,75,75,75,75,75,75,75,75,75,75,75,75,75,75,75,75,75,75,75,75,75,75,75,75,77,77,77,77,79,79,79,81,83,83,85,85,85,87,87,87,87,87,87,87,87,87,87,87,89,89],"card_choices":[{"not_picked":["Ghostly Armor","Armaments"],"picked":"Pommel Strike","floor":1.0},{"not_picked":["Pommel Strike","Reckless Charge"],"picked":"Spot Weakness","floor":2.0},{"not_picked":["Reckless Charge","Iron Wave"],"picked":"Twin Strike","floor":4.0},{"not_picked":["Armaments","Body Slam"],"picked":"Sword Boomerang","floor":5.0},{"not_picked":["Carnage","Pommel Strike"],"picked":"Exhume","floor":6.0},{"not_picked":["Sword Boomerang","Warcry"],"picked":"Armaments","floor":8.0},{"not_picked":["Headbutt","Shockwave"],"picked":"Battle Trance","floor":10.0},{"not_picked":["Ghostly Armor","Wild Strike"],"picked":"True Grit","floor":12.0},{"not_picked":["Twin Strike","Flex"],"picked":"Fiend Fire","floor":13.0},{"not_picked":["Shrug It Off","Heavy Blade"],"picked":"Inflame+1","floor":14.0},{"not_picked":["Juggernaut+1","Dark Embrace+1"],"picked":"Impervious","floor":16.0},{"not_picked":["Twin Strike","Wild Strike","Carnage"],"picked":"SKIP","floor":18.0},{"not_picked":["Iron Wave","Sword Boomerang"],"picked":"Burning Pact","floor":19.0},{"not_picked":["Perfected Strike+1","Burning Pact"],"picked":"Shockwave","floor":21.0},{"not_picked":["Armaments","Clothesline","Shockwave"],"picked":"SKIP","floor":22.0},{"not_picked":["Thunderclap","Iron Wave"],"picked":"True Grit","floor":24.0},{"not_picked":["Dual Wield","Spot Weakness"],"picked":"Pummel","floor":25.0},{"not_picked":["Twin Strike","Rampage"],"picked":"Havoc","floor":28.0},{"not_picked":["Perfected Strike","Clash"],"picked":"Impervious","floor":29.0},{"not_picked":["Pommel Strike","Power Through","Battle Trance"],"picked":"Singing Bowl","floor":31.0},{"not_picked":["Fiend Fire","Double Tap"],"picked":"Exhume","floor":33.0},{"not_picked":["Perfected Strike","Sword Boomerang","Twin Strike"],"picked":"Singing Bowl","floor":35.0},{"not_picked":["True Grit","Clothesline"],"picked":"Feel No Pain+1","floor":36.0},{"not_picked":["Sword Boomerang+1","Perfected Strike","Pommel Strike"],"picked":"Singing Bowl","floor":38.0},{"not_picked":["Rupture+1","Warcry","Armaments+1"],"picked":"Singing Bowl","floor":39.0},{"not_picked":["Thunderclap+1","Cleave","Uppercut"],"picked":"Singing Bowl","floor":41.0},{"not_picked":["Heavy Blade","Fiend Fire"],"picked":"Seeing Red","floor":42.0},{"not_picked":["Rupture+1","Twin Strike","Iron Wave"],"picked":"Singing Bowl","floor":44.0},{"not_picked":["Thunderclap","Combust+1"],"picked":"Feel No Pain+1","floor":48.0},{"not_picked":["Havoc","Fire Breathing+1","True Grit"],"picked":"Singing Bowl","floor":55}],"player_experience":2218056,"relics_obtained":[{"floor":6.0,"key":"Dead Branch"},{"floor":8.0,"key":"Frozen Egg 2"},{"floor":9.0,"key":"Potion Belt"},{"floor":13.0,"key":"Self Forming Clay"},{"floor":24.0,"key":"Centennial Puzzle"},{"floor":26.0,"key":"Lantern"},{"floor":28.0,"key":"Ancient Tea Set"},{"floor":29.0,"key":"Red Mask"},{"floor":31.0,"key":"Singing Bowl"},{"floor":41.0,"key":"Blood Vial"},{"floor":44.0,"key":"Juzu Bracelet"},{"floor":48.0,"key":"Ice Cream"},{"floor":55,"key":"Bronze Scales"}],"event_choices":[{"damage_healed":0.0,"max_hp_gain":0.0,"max_hp_loss":0.0,"gold_gain":0.0,"event_name":"Scrap Ooze","player_choice":"Success","floor":7.0,"gold_loss":0.0,"damage_taken":11.0,"relics_obtained":["Oddly Smooth Stone"]},{"damage_healed":0.0,"max_hp_gain":0.0,"max_hp_loss":0.0,"gold_gain":0.0,"cards_transformed":["Strike_R"],"event_name":"Transmorgrifier","player_choice":"Transformed","floor":11.0,"gold_loss":0.0,"damage_taken":0.0,"cards_obtained":["Combust"]},{"damage_healed":0.0,"max_hp_gain":0.0,"max_hp_loss":0.0,"gold_gain":0.0,"event_name":"Masked Bandits","player_choice":"Fought Bandits","floor":29.0,"gold_loss":0.0,"damage_taken":0.0},{"damage_healed":0.0,"max_hp_gain":0.0,"max_hp_loss":0.0,"gold_gain":0.0,"event_name":"The Mausoleum","player_choice":"Opened","floor":30.0,"gold_loss":0.0,"damage_taken":0.0,"relics_obtained":["Regal Pillow"],"cards_obtained":["Writhe"]},{"damage_healed":0.0,"max_hp_gain":0.0,"max_hp_loss":0.0,"gold_gain":222.0,"event_name":"Tomb of Lord Red Mask","player_choice":"Wore Mask","floor":37.0,"gold_loss":0.0,"damage_taken":0.0},{"cards_removed":["Bash"],"damage_healed":0.0,"max_hp_gain":0.0,"max_hp_loss":0.0,"gold_gain":0.0,"event_name":"Falling","player_choice":"Removed Attack","floor":46.0,"gold_loss":0.0,"damage_taken":0.0},{"damage_healed":0.0,"max_hp_gain":0.0,"max_hp_loss":0.0,"gold_gain":0.0,"event_name":"Mysterious Sphere","player_choice":"Fight","floor":48.0,"gold_loss":0.0,"damage_taken":0.0}],"is_beta":true,"boss_relics":[{"not_picked":["Velvet Choker","Eternal Feather"],"picked":"Empty Cage"},{"not_picked":["Black Star","Busted Crown"],"picked":"Cursed Key"}],"items_purged_floors":[3,20],"is_endless":false,"potions_floor_spawned":[1,2,4,10,16,18,21,24,39,41,42],"ascension_level":20}