{"gold_per_floor":[117,192,162,174,187,187,1,26,26,26,39,54,54,67,67,141,141,160,210,223,223,23,23],"floor_reached":23,"playtime":1064,"items_purged":["Normality"],"score":372,"play_id":"e5755f09-85e2-4cc9-9e7c-567a3c05fdbd","local_time":"20190822222949","is_ascension_mode":true,"campfire_choices":[{"data":"Zap","floor":6.0,"key":"SMITH"},{"floor":13,"key":"REST"},{"data":"Conserve Battery","floor":15,"key":"SMITH"}],"neow_cost":"CURSE","seed_source_timestamp":29680977697532,"circlet_count":0,"master_deck":["AscendersBane","Zap+1","Dualcast","Compile Driver","Rebound","Static Discharge","Conserve Battery+1","Double Energy","Cold Snap","Genetic Algorithm","Heatsinks","Electrodynamics","Aggregate","Rainbow","Aggregate","Hyperbeam","Rip and Tear","Steam","Consume","Biased Cognition","Hologram","White Noise","Bite","Bite","Bite","Bite","Bite","Storm","Fusion"],"special_seed":0,"relics":["Cracked Core","DataDisk","Ornamental Fan","Lantern","Pandora\u0027s Box"],"potions_floor_usage":[8,10,16,16],"damage_taken":[{"damage":0.0,"enemies":"Small Slimes","floor":1.0,"turns":3.0},{"damage":0.0,"enemies":"2 Louse","floor":4.0,"turns":2.0},{"damage":1.0,"enemies":"Cultist","floor":5.0,"turns":3.0},{"damage":28,"enemies":"3 Sentries","floor":8,"turns":4},{"damage":0,"enemies":"Large Slime","floor":10,"turns":1},{"damage":9,"enemies":"2 Fungi Beasts","floor":11,"turns":3},{"damage":3,"enemies":"Blue Slaver","floor":12,"turns":3},{"damage":20,"enemies":"Gremlin Gang","floor":14,"turns":4},{"damage":21,"enemies":"The Guardian","floor":16,"turns":9},{"damage":18,"enemies":"Shell Parasite","floor":18,"turns":4},{"damage":12,"enemies":"Chosen","floor":20,"turns":4},{"damage":43,"enemies":"Book of Stabbing","floor":23,"turns":5}],"seed_played":"6987524788885007718","potions_obtained":[{"floor":3.0,"key":"Explosive Potion"},{"floor":3.0,"key":"SmokeBomb"},{"floor":5.0,"key":"AttackPotion"},{"floor":8,"key":"LiquidBronze"},{"floor":11,"key":"SteroidPotion"}],"is_trial":false,"path_per_floor":["M","?","?","M","M","R","$","E","T","M","M","M","R","M","R","B",null,"M","?","M","?","$","E"],"character_chosen":"DEFECT","items_purchased":["DataDisk","Conserve Battery","Storm","Fusion"],"campfire_rested":1,"item_purchase_floors":[7,7,22,22],"current_hp_per_floor":[78,67,67,67,66,66,66,38,38,38,29,26,51,31,31,10,66,48,48,36,36,36,0],"gold":23,"neow_bonus":"TWENTY_PERCENT_HP_BONUS","is_prod":false,"is_daily":false,"chose_seed":false,"campfire_upgraded":2,"win_rate":0,"timestamp":1566538189,"path_taken":["M","?","?","M","M","R","$","E","T","M","M","M","R","?","R","BOSS","M","?","M","?","$","E"],"build_version":"2019-07-17","purchased_purges":1,"victory":false,"max_hp_per_floor":[85,85,85,85,85,85,85,85,85,85,85,85,85,85,85,85,85,85,85,85,59,59,59],"card_choices":[{"not_picked":["Barrage","Beam Cell"],"picked":"Compile Driver","floor":1.0},{"not_picked":["Go for the Eyes","Recycle"],"picked":"Rebound","floor":4.0},{"not_picked":["Chaos","Scrape"],"picked":"Static Discharge","floor":5.0},{"not_picked":["Skim","Beam Cell"],"picked":"Double Energy","floor":8},{"not_picked":["Aggregate","Hello World"],"picked":"Cold Snap","floor":11},{"not_picked":["Sweeping Beam","Lockon"],"picked":"Genetic Algorithm","floor":12},{"not_picked":["Stack","Redo"],"picked":"Heatsinks","floor":14},{"not_picked":["Multi-Cast","Buffer"],"picked":"Electrodynamics","floor":16},{"not_picked":["Static Discharge","Compile Driver"],"picked":"Hologram","floor":18},{"not_picked":["Beam Cell","Streamline"],"picked":"White Noise","floor":20}],"player_experience":685551,"relics_obtained":[{"floor":8,"key":"Ornamental Fan"},{"floor":9,"key":"Lantern"}],"event_choices":[{"damage_healed":0.0,"max_hp_gain":0.0,"max_hp_loss":0.0,"gold_gain":75.0,"event_name":"World of Goop","player_choice":"Gather Gold","floor":2.0,"gold_loss":0.0,"damage_taken":11.0},{"damage_healed":0.0,"max_hp_gain":0.0,"max_hp_loss":0.0,"gold_gain":0.0,"event_name":"The Woman in Blue","player_choice":"Bought 2 Potions","floor":3.0,"gold_loss":0.0,"damage_taken":0.0},{"damage_healed":0,"gold_gain":50,"player_choice":"Stole From Cult","damage_taken":0,"max_hp_gain":0,"max_hp_loss":0,"event_name":"Nest","floor":19,"gold_loss":0},{"damage_healed":0,"gold_gain":0,"player_choice":"Became a vampire","damage_taken":0,"max_hp_gain":0,"max_hp_loss":26,"event_name":"Vampires","floor":21,"gold_loss":0,"cards_obtained":["Bite","Bite","Bite","Bite","Bite"]}],"is_beta":false,"boss_relics":[{"not_picked":["Tiny House","Astrolabe"],"picked":"Pandora\u0027s Box"}],"items_purged_floors":[22],"is_endless":false,"potions_floor_spawned":[5,8,11,14],"killed_by":"Book of Stabbing","ascension_level":16}