{"gold_per_floor":[109,34,134,147,97,97,123,133,133,167,167,167,167,183,183,183],"floor_reached":16,"playtime":530,"items_purged":["Strike_R"],"score":162,"play_id":"ba5967a1-c472-4594-8c8f-30d88d523c6c","local_time":"20190807114543","is_ascension_mode":true,"campfire_choices":[{"data":"Bash","floor":6,"key":"SMITH"},{"floor":11,"key":"REST"},{"floor":13,"key":"DIG"},{"floor":15,"key":"DIG"}],"neow_cost":"TEN_PERCENT_HP_LOSS","seed_source_timestamp":371052857847300,"circlet_count":0,"master_deck":["AscendersBane","Strike_R","Strike_R","Strike_R","Defend_R","Defend_R","Defend_R","Defend_R","Bash+1","Corruption","Shockwave"],"relics":["Burning Blood","Gambling Chip","Shovel","Turnip","Happy Flower","Potion Belt","Singing Bowl"],"potions_floor_usage":[7,10,16],"damage_taken":[{"damage":5,"enemies":"Small Slimes","floor":1,"turns":4},{"damage":1,"enemies":"Cultist","floor":4,"turns":4},{"damage":40,"enemies":"3 Sentries","floor":7,"turns":11},{"damage":3,"enemies":"Jaw Worm","floor":8,"turns":4},{"damage":50,"enemies":"Gremlin Nob","floor":10,"turns":5},{"damage":12,"enemies":"Large Slime","floor":14,"turns":6},{"damage":60,"enemies":"The Guardian","floor":16,"turns":8}],"seed_played":"-2260361356098808150","potions_obtained":[{"floor":1,"key":"Explosive Potion"},{"floor":4,"key":"Dexterity Potion"},{"floor":7,"key":"BloodPotion"}],"is_trial":false,"path_per_floor":["M","$","?","M","?","R","E","M","T","E","R","$","R","M","R","B"],"character_chosen":"IRONCLAD","items_purchased":[],"campfire_rested":1,"item_purchase_floors":[],"current_hp_per_floor":[72,72,72,72,72,72,38,41,41,15,36,36,36,30,30,0],"gold":183,"neow_bonus":"ONE_RARE_RELIC","is_prod":false,"is_daily":false,"chose_seed":false,"campfire_upgraded":1,"win_rate":0,"timestamp":1565145943,"path_taken":["M","$","?","?","?","R","E","M","T","E","R","$","R","M","R","BOSS"],"build_version":"2019-07-17","purchased_purges":1,"victory":false,"max_hp_per_floor":[72,72,72,72,72,72,72,72,72,72,72,72,72,72,72,72],"card_choices":[{"not_picked":["Thunderclap","Flex"],"picked":"Corruption","floor":1},{"not_picked":["Intimidate","Twin Strike","Seeing Red"],"picked":"SKIP","floor":4},{"not_picked":["Cleave","True Grit","Perfected Strike"],"picked":"SKIP","floor":7},{"not_picked":["Hemokinesis","Twin Strike"],"picked":"Shockwave","floor":8},{"not_picked":["True Grit","Sword Boomerang","Pommel Strike"],"picked":"SKIP","floor":10},{"not_picked":["Clothesline","Carnage","Second Wind"],"picked":"SKIP","floor":14}],"player_experience":137950,"relics_obtained":[{"floor":7,"key":"Shovel"},{"floor":9,"key":"Turnip"},{"floor":10,"key":"Happy Flower"},{"floor":13,"key":"Potion Belt"},{"floor":15,"key":"Singing Bowl"}],"event_choices":[{"damage_healed":0,"gold_gain":100,"player_choice":"Pray","damage_taken":0,"max_hp_gain":0,"max_hp_loss":0,"event_name":"Golden Shrine","floor":3,"gold_loss":0},{"cards_removed":["Strike_R"],"damage_healed":0,"gold_gain":0,"player_choice":"Card Removal","damage_taken":0,"max_hp_gain":0,"max_hp_loss":0,"event_name":"The Cleric","floor":5,"gold_loss":50}],"is_beta":false,"boss_relics":[],"items_purged_floors":[2],"is_endless":false,"potions_floor_spawned":[1,4,7],"killed_by":"The Guardian","ascension_level":10}