{"gold_per_floor":[119,144,154,171,171,196,196,196,196,44,9,9,40,63,63,63],"floor_reached":16,"playtime":442,"items_purged":["Regret"],"score":175,"play_id":"e15a95c8-9a00-4f14-a423-579c54607590","local_time":"20190823073703","is_ascension_mode":true,"campfire_choices":[{"data":"Pommel Strike","floor":7,"key":"SMITH"},{"data":"Bash","floor":12,"key":"SMITH"},{"floor":15,"key":"REST"}],"neow_cost":"PERCENT_DAMAGE","seed_source_timestamp":97135209289400,"circlet_count":0,"master_deck":["AscendersBane","Strike_R","Strike_R","Strike_R","Strike_R","Strike_R","Defend_R","Defend_R","Defend_R","Defend_R","Bash+1","Pommel Strike+1","Infernal Blade","Bludgeon","Metallicize","Impervious"],"relics":["Burning Blood","Girya","Strawberry","Centennial Puzzle","Bottled Flame","Golden Idol","Singing Bowl","Boot","Orichalcum"],"potions_floor_usage":[13,16],"damage_taken":[{"damage":6,"enemies":"Cultist","floor":1,"turns":4},{"damage":13,"enemies":"Small Slimes","floor":3,"turns":4},{"damage":14,"enemies":"Jaw Worm","floor":4,"turns":5},{"damage":39,"enemies":"3 Sentries","floor":6,"turns":8},{"damage":12,"enemies":"Gremlin Nob","floor":13,"turns":3},{"damage":49,"enemies":"Hexaghost","floor":16,"turns":11}],"seed_played":"8308548600601739494","potions_obtained":[{"floor":1,"key":"Swift Potion"},{"floor":6,"key":"Explosive Potion"}],"is_trial":false,"path_per_floor":["M","T","M","M","?","E","R","?","T","$","?","R","E","T","R","B"],"character_chosen":"IRONCLAD","items_purchased":["Metallicize"],"campfire_rested":1,"item_purchase_floors":[10],"current_hp_per_floor":[51,58,51,43,43,10,10,10,10,10,30,30,24,24,48,0],"gold":63,"neow_bonus":"ONE_RARE_RELIC","is_prod":false,"is_daily":false,"chose_seed":false,"campfire_upgraded":2,"win_rate":0,"timestamp":1566513423,"path_taken":["M","?","?","M","?","E","R","?","T","$","?","R","E","?","R","BOSS"],"build_version":"2019-07-17","purchased_purges":1,"victory":false,"max_hp_per_floor":[80,87,87,87,87,87,87,81,81,81,81,81,81,81,81,81],"card_choices":[{"not_picked":["Evolve","Warcry"],"picked":"Pommel Strike","floor":1},{"not_picked":["Reckless Charge","Second Wind"],"picked":"Infernal Blade","floor":3},{"not_picked":["Heavy Blade","Havoc","Clothesline"],"picked":"SKIP","floor":4},{"not_picked":["Warcry","Twin Strike"],"picked":"Bludgeon","floor":6},{"not_picked":["Pommel Strike","Rupture"],"picked":"Impervious","floor":13}],"player_experience":183714,"relics_obtained":[{"floor":2,"key":"Strawberry"},{"floor":6,"key":"Bottled Flame"},{"floor":9,"key":"Singing Bowl"},{"floor":13,"key":"Boot"},{"floor":14,"key":"Orichalcum"}],"event_choices":[{"damage_healed":0,"gold_gain":0,"player_choice":"Box","damage_taken":0,"relics_obtained":["Centennial Puzzle"],"max_hp_gain":0,"max_hp_loss":0,"event_name":"Big Fish","floor":5,"gold_loss":0,"cards_obtained":["Regret"]},{"damage_healed":0,"gold_gain":0,"player_choice":"Lose Max HP","damage_taken":0,"relics_obtained":["Golden Idol"],"max_hp_gain":0,"max_hp_loss":6,"event_name":"Golden Idol","floor":8,"gold_loss":0},{"damage_healed":20,"gold_gain":0,"player_choice":"Healed","damage_taken":0,"max_hp_gain":0,"max_hp_loss":0,"event_name":"The Cleric","floor":11,"gold_loss":35}],"is_beta":false,"boss_relics":[],"items_purged_floors":[10],"is_endless":false,"potions_floor_spawned":[1,6],"killed_by":"Hexaghost","ascension_level":13}