{"gold_per_floor":[117,131,56,67,67,67,99,111,177,208,235,274,286,314,326,414,426,426,366,44,44,44,44,44],"floor_reached":24,"playtime":1198,"items_purged":["Strike_R","Strike_R"],"score":416,"play_id":"e46629a4-39a9-4f54-a302-e029091da7f7","local_time":"20190713010445","is_ascension_mode":true,"campfire_choices":[{"data":"Hemokinesis","floor":6.0,"key":"SMITH"},{"data":"Bash","floor":8.0,"key":"SMITH"},{"data":"Armaments","floor":13.0,"key":"SMITH"},{"data":"Metallicize","floor":15.0,"key":"SMITH"},{"data":"True Grit","floor":23,"key":"SMITH"}],"neow_cost":"PERCENT_DAMAGE","seed_source_timestamp":0,"circlet_count":0,"master_deck":["AscendersBane","Strike_R","Strike_R","Strike_R","Defend_R+1","Defend_R+1","Defend_R","Defend_R","Bash+1","Reaper","Hemokinesis+1","Shrug It Off","Metallicize+1","Armaments+1","Thunderclap","Anger","Feed","Clothesline","Shrug It Off","True Grit+1","Dark Embrace"],"special_seed":0,"relics":["Burning Blood","MawBank","Tiny Chest","Paper Frog","Ectoplasm","Ancient Tea Set"],"potions_floor_usage":[16,16,22,22],"damage_taken":[{"damage":1.0,"enemies":"2 Louse","floor":1.0,"turns":3.0},{"damage":2.0,"enemies":"Small Slimes","floor":2.0,"turns":6.0},{"damage":8.0,"enemies":"Cultist","floor":4.0,"turns":4.0},{"damage":34.0,"enemies":"Gremlin Nob","floor":7.0,"turns":4.0},{"damage":6.0,"enemies":"Looter","floor":10.0,"turns":5.0},{"damage":8.0,"enemies":"3 Louse","floor":11.0,"turns":4.0},{"damage":25.0,"enemies":"3 Sentries","floor":12.0,"turns":12.0},{"damage":0.0,"enemies":"Blue Slaver","floor":14.0,"turns":8.0},{"damage":62,"enemies":"Hexaghost","floor":16,"turns":10},{"damage":13,"enemies":"Chosen","floor":18,"turns":6},{"damage":34,"enemies":"2 Thieves","floor":19,"turns":4},{"damage":40,"enemies":"Chosen and Byrds","floor":22,"turns":8},{"damage":46,"enemies":"Book of Stabbing","floor":24,"turns":5}],"seed_played":"-7071567177170289808","potions_obtained":[{"floor":4.0,"key":"Regen Potion"},{"floor":7.0,"key":"Explosive Potion"},{"floor":12.0,"key":"Weak Potion"},{"floor":16,"key":"Swift Potion"},{"floor":19,"key":"AttackPotion"}],"is_trial":false,"path_per_floor":["M","M","$","M","?","R","E","R","T","M","M","E","R","M","R","B",null,"M","M","$","?","M","R","E"],"character_chosen":"IRONCLAD","items_purchased":["Ancient Tea Set","True Grit"],"campfire_rested":0,"item_purchase_floors":[20,20],"current_hp_per_floor":[63,71,71,73,50,50,28,28,28,34,38,31,31,41,41,7,58,54,34,34,75,41,41,0],"gold":44,"neow_bonus":"THREE_RARE_CARDS","is_prod":false,"is_daily":false,"chose_seed":false,"campfire_upgraded":5,"win_rate":0,"timestamp":1562976285,"path_taken":["M","M","$","M","?","R","E","R","T","M","M","E","R","M","R","BOSS","M","M","$","?","?","R","E"],"build_version":"2019-07-10","purchased_purges":2,"victory":false,"max_hp_per_floor":[75,75,75,75,75,75,75,75,75,75,75,75,75,75,75,75,75,75,75,75,75,75,75,75],"card_choices":[{"not_picked":["Double Tap","Limit Break"],"picked":"Reaper","floor":0.0},{"not_picked":["Sword Boomerang","Blood for Blood"],"picked":"Hemokinesis","floor":1.0},{"not_picked":["Dropkick","Second Wind","Body Slam"],"picked":"SKIP","floor":2.0},{"not_picked":["Dropkick","Warcry"],"picked":"Shrug It Off","floor":4.0},{"not_picked":["Havoc","Reckless Charge"],"picked":"Metallicize","floor":7.0},{"not_picked":["Wild Strike","Clash","Warcry"],"picked":"SKIP","floor":10.0},{"not_picked":["True Grit","Bloodletting"],"picked":"Armaments","floor":11.0},{"not_picked":["Perfected Strike","Double Tap"],"picked":"Thunderclap","floor":12.0},{"not_picked":["Havoc","Thunderclap"],"picked":"Anger","floor":14.0},{"not_picked":["Double Tap","Juggernaut"],"picked":"Feed","floor":16},{"not_picked":["Rupture","Iron Wave+1"],"picked":"Clothesline","floor":18},{"not_picked":["Perfected Strike","Pommel Strike"],"picked":"Shrug It Off","floor":19},{"not_picked":["Armaments","Entrench+1"],"picked":"Dark Embrace","floor":22}],"player_experience":2193105,"relics_obtained":[{"floor":7.0,"key":"MawBank"},{"floor":9.0,"key":"Tiny Chest"},{"floor":12.0,"key":"Paper Frog"}],"event_choices":[{"damage_healed":0.0,"max_hp_gain":0.0,"max_hp_loss":0.0,"gold_gain":0.0,"event_name":"Shining Light","player_choice":"Entered Light","floor":5.0,"gold_loss":0.0,"damage_taken":23.0,"cards_upgraded":["Defend_R","Defend_R"]},{"damage_healed":41,"gold_gain":0,"player_choice":"Full Heal","damage_taken":0,"max_hp_gain":0,"max_hp_loss":0,"event_name":"Wheel of Change","floor":21,"gold_loss":0}],"is_beta":true,"boss_relics":[{"not_picked":["Empty Cage","Runic Dome"],"picked":"Ectoplasm"}],"items_purged_floors":[3,20],"is_endless":false,"potions_floor_spawned":[4,7,11,12,16,19],"killed_by":"Book of Stabbing","ascension_level":20}