{"gold_per_floor":[217,231,231,249,20,20,40,40,65,65,83,96,126,126,126,199,199,218,191,203,203,203,203,30,30,30,64,79,95,109,109,109,109],"floor_reached":33,"playtime":2137,"items_purged":[],"score":563,"play_id":"58393ef9-3897-4f22-beac-72c056e2bb9c","local_time":"20180922140553","is_ascension_mode":true,"campfire_choices":[{"data":"Uppercut","floor":6,"key":"SMITH"},{"data":"Armaments","floor":8,"key":"SMITH"},{"data":"Fire Breathing","floor":10,"key":"SMITH"},{"data":"Feel No Pain","floor":15,"key":"SMITH"},{"data":"Uppercut","floor":23,"key":"SMITH"},{"data":"Body Slam","floor":25,"key":"SMITH"},{"data":"Limit Break","floor":32,"key":"SMITH"}],"neow_cost":"NONE","seed_source_timestamp":404318647054958,"circlet_count":0,"master_deck":["Strike_R","Strike_R","Defend_R","Defend_R","Defend_R","Defend_R","Bash","AscendersBane","Battle Trance","Uppercut+1","Fire Breathing+1","Iron Wave","Armaments+1","Uppercut+1","Body Slam+1","Feel No Pain+1","Limit Break+1","Dual Wield","Cleave+1","Battle Trance","Havoc+1","Iron Wave","Ghostly","Ghostly","Ghostly","Ghostly","Ghostly"],"relics":["Burning Blood","Lantern","PreservedInsect","Pen Nib","Cursed Key","Bronze Scales","Letter Opener"],"potions_floor_usage":[18,20,27,28,33],"damage_taken":[{"damage":11,"enemies":"Jaw Worm","floor":1,"turns":6},{"damage":7,"enemies":"Cultist","floor":2,"turns":4},{"damage":1,"enemies":"2 Louse","floor":4,"turns":3},{"damage":5,"enemies":"Blue Slaver","floor":7,"turns":4},{"damage":11,"enemies":"Exordium Thugs","floor":11,"turns":5},{"damage":0,"enemies":"2 Fungi Beasts","floor":12,"turns":3},{"damage":5,"enemies":"3 Sentries","floor":13,"turns":7},{"damage":24,"enemies":"The Guardian","floor":16,"turns":13},{"damage":2,"enemies":"Chosen","floor":18,"turns":4},{"damage":17,"enemies":"2 Thieves","floor":19,"turns":4},{"damage":17,"enemies":"Centurion and Healer","floor":20,"turns":6},{"damage":42,"enemies":"Slavers","floor":27,"turns":5},{"damage":25,"enemies":"Shelled Parasite and Fungi","floor":28,"turns":4},{"damage":2,"enemies":"Cultist and Chosen","floor":29,"turns":7},{"damage":0,"enemies":"Centurion and Healer","floor":30,"turns":4},{"damage":42,"enemies":"Collector","floor":33,"turns":6}],"seed_played":"-4355290610764501040","potions_obtained":[{"floor":1,"key":"SpeedPotion"},{"floor":2,"key":"SkillPotion"},{"floor":7,"key":"Regen Potion"},{"floor":20,"key":"Fruit Juice"},{"floor":27,"key":"BloodPotion"},{"floor":29,"key":"Strength Potion"}],"is_trial":false,"path_per_floor":["M","M","?","M","$","R","M","R","T","R","M","M","E","?","R","B",null,"M","M","M","?","?","R","$","R","T","E","M","M","M","?","R"],"character_chosen":"IRONCLAD","items_purchased":["Lantern","Armaments","Bronze Scales"],"campfire_rested":0,"item_purchase_floors":[5,5,24],"current_hp_per_floor":[63,62,62,67,67,67,68,68,68,68,63,69,70,70,70,52,69,73,62,56,56,56,56,56,56,56,35,24,28,34,34,34,0],"gold":109,"neow_bonus":"HUNDRED_GOLD","is_prod":false,"is_daily":false,"chose_seed":false,"campfire_upgraded":7,"win_rate":0,"timestamp":1537621553,"path_taken":["M","M","?","M","$","R","M","R","T","R","M","M","E","?","R","BOSS","M","M","M","?","?","R","$","R","T","E","M","?","M","?","R","BOSS"],"build_version":"2018-09-20","purchased_purges":0,"victory":false,"max_hp_per_floor":[75,75,75,75,75,75,75,75,75,75,75,75,75,75,75,75,75,75,75,80,80,80,80,80,80,80,80,80,80,80,40,40,40],"card_choices":[{"not_picked":["Feel No Pain","Heavy Blade"],"picked":"Battle Trance","floor":1},{"not_picked":["Carnage","Clash"],"picked":"Uppercut","floor":2},{"not_picked":["Fire Breathing","Bloodletting"],"picked":"Iron Wave","floor":4},{"not_picked":["Twin Strike","Havoc"],"picked":"Uppercut","floor":7},{"not_picked":["Sword Boomerang","Cleave"],"picked":"Body Slam","floor":11},{"not_picked":["Cleave","Armaments"],"picked":"Feel No Pain","floor":12},{"not_picked":["Armaments","Sentinel","Warcry"],"picked":"SKIP","floor":13},{"not_picked":["Fiend Fire","Reaper"],"picked":"Limit Break","floor":16},{"not_picked":["Headbutt","Rage"],"picked":"Dual Wield","floor":18},{"not_picked":["Rage","Body Slam"],"picked":"Cleave+1","floor":19},{"not_picked":["Clash","Hemokinesis","Clothesline"],"picked":"SKIP","floor":20},{"not_picked":["Blood for Blood","Twin Strike+1","Shockwave"],"picked":"SKIP","floor":27},{"not_picked":["Barricade","Sword Boomerang"],"picked":"Havoc+1","floor":28},{"not_picked":["Uppercut+1","Perfected Strike","Seeing Red"],"picked":"SKIP","floor":29},{"not_picked":["Wild Strike","Flex"],"picked":"Iron Wave","floor":30}],"player_experience":1345427,"relics_obtained":[{"floor":9,"key":"PreservedInsect"},{"floor":13,"key":"Pen Nib"},{"floor":27,"key":"Letter Opener"}],"event_choices":[{"event_name":"Transmorgrifier","player_choice":"Transform","floor":3,"damage_taken":0},{"event_name":"Purifier","player_choice":"One Purge","floor":14,"damage_taken":0},{"event_name":"Duplicator","player_choice":"One dupe","floor":21,"damage_taken":0},{"event_name":"Bonfire Elementals","player_choice":"BASIC","floor":22,"damage_taken":0},{"event_name":"Ghosts","player_choice":"Became a Ghost","floor":31,"damage_taken":0}],"is_beta":true,"boss_relics":[{"not_picked":["Busted Crown","Astrolabe"],"picked":"Cursed Key"}],"items_purged_floors":[],"is_endless":false,"potions_floor_spawned":[1,2,7,11,13,20,27,29],"killed_by":"Collector","ascension_level":20}