{"gold_per_floor":[115,128,128,140,140,173,173,9,9,24,24,34,34,67,67,146,146,159,159,171,190,25,25,59,59,59,88,38,38,53,82,82,159,159,178,178,178,189,200,200,230,230,230,230,261,361,217,228,228,228,228,228,228,65,99,99],"floor_reached":56,"playtime":2742,"items_purged":["Strike_R","Strike_R"],"score":1992,"play_id":"18282cd0-d14b-4c7a-bac9-b66d4e3399cd","local_time":"20190724143122","is_ascension_mode":true,"campfire_choices":[{"data":"Pommel Strike","floor":7,"key":"SMITH"},{"data":"Spot Weakness","floor":11,"key":"SMITH"},{"data":"Anger","floor":13,"key":"SMITH"},{"data":"Metallicize","floor":15,"key":"SMITH"},{"data":"Rampage","floor":23,"key":"SMITH"},{"data":"Uppercut","floor":29,"key":"SMITH"},{"data":"Corruption","floor":32,"key":"SMITH"},{"floor":40,"key":"RECALL"},{"data":"Feed","floor":42,"key":"SMITH"},{"data":"Iron Wave","floor":44,"key":"SMITH"},{"data":"Feel No Pain","floor":49,"key":"SMITH"},{"data":"Shrug It Off","floor":53,"key":"SMITH"}],"neow_cost":"NONE","seed_source_timestamp":684541727851868,"circlet_count":0,"master_deck":["AscendersBane","Defend_R","Defend_R","Defend_R","Defend_R","Bash+1","Pommel Strike+1","Sword Boomerang+1","Rampage+1","Shrug It Off+1","Spot Weakness+1","Anger+1","Metallicize+1","Thunderclap+1","Battle Trance+1","Inflame+1","Spot Weakness+1","Corruption+1","Iron Wave+1","Uppercut+1","Dual Wield+1","True Grit+1","Battle Trance+1","Burning Pact+1","Feed+1","True Grit+1","Feel No Pain+1","Evolve","Shrug It Off+1"],"relics":["Burning Blood","Letter Opener","Bag of Preparation","Lantern","Toxic Egg 2","Coffee Dripper","Pen Nib","Pantograph","Bird Faced Urn","Red Skull","Black Star","Anchor","Strawberry","Bronze Scales","Meat on the Bone","Turnip","Centennial Puzzle","Happy Flower"],"potions_floor_usage":[16,20,24,24,41,45,56,56],"damage_taken":[{"damage":5,"enemies":"Small Slimes","floor":1,"turns":3},{"damage":1,"enemies":"Cultist","floor":2,"turns":3},{"damage":9,"enemies":"2 Louse","floor":4,"turns":2},{"damage":8,"enemies":"Gremlin Nob","floor":6,"turns":3},{"damage":2,"enemies":"Exordium Wildlife","floor":10,"turns":5},{"damage":7,"enemies":"3 Louse","floor":12,"turns":4},{"damage":2,"enemies":"3 Sentries","floor":14,"turns":4},{"damage":27,"enemies":"Hexaghost","floor":16,"turns":7},{"damage":0,"enemies":"Spheric Guardian","floor":18,"turns":3},{"damage":22,"enemies":"2 Thieves","floor":20,"turns":2},{"damage":6,"enemies":"Snake Plant","floor":21,"turns":3},{"damage":13,"enemies":"Gremlin Leader","floor":24,"turns":4},{"damage":16,"enemies":"Slavers","floor":27,"turns":3},{"damage":5,"enemies":"Chosen and Byrds","floor":30,"turns":4},{"damage":0,"enemies":"Book of Stabbing","floor":31,"turns":2},{"damage":14,"enemies":"Automaton","floor":33,"turns":5},{"damage":38,"enemies":"3 Shapes","floor":35,"turns":11},{"damage":0,"enemies":"Orb Walker","floor":38,"turns":1},{"damage":14,"enemies":"Transient","floor":39,"turns":6},{"damage":18,"enemies":"Nemesis","floor":41,"turns":7},{"damage":60,"enemies":"Reptomancer","floor":45,"turns":6},{"damage":0,"enemies":"Mind Bloom Boss Battle","floor":46,"turns":4},{"damage":1,"enemies":"4 Shapes","floor":48,"turns":7},{"damage":57,"enemies":"Time Eater","floor":50,"turns":10},{"damage":30,"enemies":"Donu and Deca","floor":51,"turns":10},{"damage":46,"enemies":"Shield and Spear","floor":55,"turns":6},{"damage":123,"enemies":"The Heart","floor":56,"turns":9}],"seed_played":"-264061995314544773","potions_obtained":[{"floor":2,"key":"Swift Potion"},{"floor":4,"key":"Block Potion"},{"floor":21,"key":"GamblersBrew"},{"floor":24,"key":"BloodPotion"},{"floor":30,"key":"Poison Potion"},{"floor":31,"key":"AttackPotion"},{"floor":46,"key":"SteroidPotion"}],"is_trial":false,"path_per_floor":["M","M","?","M","?","E","R","$","T","M","R","M","R","E","R","B",null,"M","?","M","M","$","R","E","?","T","E","$","R","M","E","R","B",null,"M","?","?","M","M","R","E","R","T","R","E","?","$","M","R","B","B",null,"R","$","E","B"],"character_chosen":"IRONCLAD","items_purchased":["Bag of Preparation","Corruption","SkillPotion","True Grit+1","Feel No Pain","Ancient Potion","Evolve"],"campfire_rested":0,"item_purchase_floors":[8,22,22,28,47,54,54],"current_hp_per_floor":[69,74,74,71,71,69,69,69,69,73,73,72,72,75,75,54,70,75,75,59,59,59,59,52,52,52,42,42,42,47,55,55,69,74,46,46,46,54,56,56,57,57,57,57,32,77,77,94,94,62,83,100,100,100,78,0],"gold":99,"neow_bonus":"UPGRADE_CARD","is_prod":false,"is_daily":false,"chose_seed":false,"campfire_upgraded":11,"win_rate":0,"timestamp":1563975082,"path_taken":["M","M","?","M","?","E","R","$","T","M","R","M","R","E","R","BOSS","M","?","M","M","$","R","E","?","T","E","?","R","M","E","R","BOSS","M","?","?","M","M","R","E","R","T","R","E","?","$","M","R","BOSS","BOSS","R","$","E","BOSS"],"build_version":"2019-07-18","purchased_purges":2,"victory":false,"max_hp_per_floor":[75,75,75,75,75,75,75,75,75,75,75,75,75,75,75,75,75,75,75,75,75,75,75,75,75,75,75,75,75,75,75,75,75,75,78,78,78,78,78,78,85,85,85,85,89,93,93,97,97,97,105,105,105,105,113,113],"card_choices":[{"not_picked":["Second Wind","Flex"],"picked":"Pommel Strike","floor":1},{"not_picked":["Iron Wave","Sever Soul"],"picked":"Sword Boomerang","floor":2},{"not_picked":["Perfected Strike","Thunderclap"],"picked":"Rampage","floor":4},{"not_picked":["Clothesline","Heavy Blade"],"picked":"Shrug It Off","floor":6},{"not_picked":["Shrug It Off","Corruption"],"picked":"Spot Weakness","floor":10},{"not_picked":["Sword Boomerang","Rage"],"picked":"Anger","floor":12},{"not_picked":["Blood for Blood","Seeing Red"],"picked":"Metallicize","floor":14},{"not_picked":["Heavy Blade","Clash"],"picked":"Thunderclap+1","floor":18},{"not_picked":["Sword Boomerang","Cleave"],"picked":"Inflame+1","floor":20},{"not_picked":["Warcry+1","Uppercut"],"picked":"Spot Weakness+1","floor":21},{"not_picked":["Spot Weakness+1","Twin Strike","Cleave"],"picked":"SKIP","floor":24},{"not_picked":["Warcry+1","Carnage"],"picked":"Dual Wield+1","floor":27},{"not_picked":["Warcry+1","Thunderclap"],"picked":"Battle Trance+1","floor":30},{"not_picked":["Clash","Blood for Blood"],"picked":"Burning Pact+1","floor":31},{"not_picked":["Bludgeon","Immolate"],"picked":"Feed","floor":33},{"not_picked":["Anger","Rampage"],"picked":"Battle Trance+1","floor":35},{"not_picked":["Hemokinesis+1","Iron Wave","Anger+1"],"picked":"SKIP","floor":38},{"not_picked":["Heavy Blade","Metallicize","Carnage"],"picked":"SKIP","floor":39},{"not_picked":["Twin Strike","Rage+1","Clash"],"picked":"SKIP","floor":41},{"not_picked":["Anger","Cleave"],"picked":"True Grit+1","floor":45},{"not_picked":["Infernal Blade+1","Cleave+1","Havoc+1"],"picked":"SKIP","floor":48},{"not_picked":["Iron Wave","Perfected Strike"],"picked":"Shrug It Off+1","floor":55}],"player_experience":2243016,"relics_obtained":[{"floor":6,"key":"Letter Opener"},{"floor":9,"key":"Lantern"},{"floor":14,"key":"Toxic Egg 2"},{"floor":24,"key":"Pen Nib"},{"floor":26,"key":"Pantograph"},{"floor":27,"key":"Bird Faced Urn"},{"floor":31,"key":"Red Skull"},{"floor":41,"key":"Anchor"},{"floor":41,"key":"Strawberry"},{"floor":45,"key":"Bronze Scales"},{"floor":45,"key":"Meat on the Bone"},{"floor":46,"key":"Turnip"},{"floor":55,"key":"Centennial Puzzle"},{"floor":55,"key":"Happy Flower"}],"event_choices":[{"damage_healed":0,"gold_gain":0,"player_choice":"Grow","damage_taken":0,"max_hp_gain":0,"max_hp_loss":0,"event_name":"Living Wall","floor":3,"gold_loss":0,"cards_upgraded":["Sword Boomerang"]},{"cards_removed":["Strike_R"],"damage_healed":0,"gold_gain":0,"player_choice":"Purged","damage_taken":0,"max_hp_gain":0,"max_hp_loss":0,"event_name":"Purifier","floor":5,"gold_loss":0},{"damage_healed":0,"gold_gain":0,"player_choice":"Read","damage_taken":0,"max_hp_gain":0,"max_hp_loss":0,"event_name":"The Library","floor":19,"gold_loss":0,"cards_obtained":["Battle Trance"]},{"damage_healed":0,"gold_gain":0,"cards_transformed":["Strike_R","Strike_R"],"player_choice":"Became Test Subject","damage_taken":0,"max_hp_gain":0,"max_hp_loss":0,"event_name":"Drug Dealer","floor":25,"gold_loss":0,"cards_obtained":["Iron Wave","Uppercut"]},{"cards_removed":["Battle Trance"],"damage_healed":0,"gold_gain":0,"player_choice":"Removed Skill","damage_taken":0,"max_hp_gain":0,"max_hp_loss":0,"event_name":"Falling","floor":36,"gold_loss":0},{"damage_healed":0,"gold_gain":0,"player_choice":"Ignored","damage_taken":0,"max_hp_gain":0,"max_hp_loss":0,"event_name":"Tomb of Lord Red Mask","floor":37,"gold_loss":0},{"damage_healed":0,"gold_gain":0,"player_choice":"Fight","damage_taken":0,"max_hp_gain":0,"max_hp_loss":0,"event_name":"MindBloom","floor":46,"gold_loss":0}],"is_beta":true,"boss_relics":[{"not_picked":["Black Blood","Empty Cage"],"picked":"Coffee Dripper"},{"not_picked":["Runic Cube","Eternal Feather"],"picked":"Black Star"}],"items_purged_floors":[22,47],"is_endless":false,"potions_floor_spawned":[2,4,12,14,21,24,30,31,35,38,46],"killed_by":"The Heart","ascension_level":20}