{"gold_per_floor":[109,109,128,28,44,44,76,76,76,76,76,138,188,257,257,331,331,347,364,377,447,497,497,567,601,624,624,644,609,609,628,628,703,703,718,822,280,330,26,26,54,104,104,138,151,201,219,286,286,286,286],"floor_reached":52,"playtime":2420,"items_purged":["Strike_B","Strike_B+1"],"score":1939,"play_id":"ef82b75b-9e8c-4922-86a7-402a6994fcf7","local_time":"20181019181047","is_ascension_mode":true,"campfire_choices":[{"data":"Zap","floor":6.0,"key":"SMITH"},{"data":"Go for the Eyes","floor":8.0,"key":"SMITH"},{"data":"Ball Lightning","floor":10.0,"key":"SMITH"},{"data":"Melter","floor":15.0,"key":"SMITH"},{"floor":23.0,"key":"REST"},{"floor":27,"key":"REST"},{"data":"Defragment","floor":30,"key":"SMITH"},{"data":"Defragment","floor":32,"key":"SMITH"},{"data":"Buffer","floor":40,"key":"SMITH"},{"data":"Coolheaded","floor":49,"key":"SMITH"}],"neow_cost":"NONE","seed_source_timestamp":757878140257399,"circlet_count":0,"master_deck":["Defend_B+1","Defend_B+1","Defend_B+1","Defend_B+1","Zap+1","Dualcast","AscendersBane","Go for the Eyes+1","Ball Lightning+1","Glacier","Ball Lightning","Genetic Algorithm","Melter+1","Buffer+1","Sweeping Beam","Defragment+1","Compile Driver","Defragment+1","Ball Lightning+1","Coolheaded+1","Beam Cell+1","Rainbow","Leap+1","White Noise"],"special_seed":0,"relics":["Cracked Core","Mercury Hourglass","Vajra","SsserpentHead","Inserter","Meat on the Bone","Pen Nib","Oddly Smooth Stone","Cursed Key","Bird Faced Urn","Bag of Marbles","Regal Pillow","Mummified Hand","DataDisk","Peace Pipe"],"potions_floor_usage":[25,31,36,37,41,50],"damage_taken":[{"damage":1.0,"enemies":"Cultist","floor":1.0,"turns":3.0},{"damage":7.0,"enemies":"Jaw Worm","floor":3.0,"turns":3.0},{"damage":1.0,"enemies":"2 Louse","floor":5.0,"turns":2.0},{"damage":4.0,"enemies":"3 Sentries","floor":7.0,"turns":8.0},{"damage":1.0,"enemies":"Gremlin Gang","floor":12.0,"turns":3.0},{"damage":0.0,"enemies":"3 Louse","floor":14.0,"turns":2.0},{"damage":7.0,"enemies":"Slime Boss","floor":16.0,"turns":6.0},{"damage":0.0,"enemies":"Spheric Guardian","floor":18.0,"turns":3.0},{"damage":5.0,"enemies":"Shell Parasite","floor":19.0,"turns":5.0},{"damage":16.0,"enemies":"Centurion and Healer","floor":20.0,"turns":6.0},{"damage":20.0,"enemies":"Snake Plant","floor":21.0,"turns":3.0},{"damage":10.0,"enemies":"3 Cultists","floor":24.0,"turns":4.0},{"damage":39,"enemies":"Slavers","floor":25,"turns":4},{"damage":15,"enemies":"Cultist and Chosen","floor":28,"turns":6},{"damage":0,"enemies":"Chosen and Byrds","floor":31,"turns":5},{"damage":11,"enemies":"Champ","floor":33,"turns":15},{"damage":0,"enemies":"Orb Walker","floor":35,"turns":4},{"damage":19,"enemies":"2 Orb Walkers","floor":36,"turns":4},{"damage":2,"enemies":"Nemesis","floor":41,"turns":7},{"damage":0,"enemies":"Giant Head","floor":44,"turns":8},{"damage":0,"enemies":"3 Shapes","floor":45,"turns":3},{"damage":0,"enemies":"Sphere and 2 Shapes","floor":47,"turns":4},{"damage":0,"enemies":"Transient","floor":48,"turns":6},{"damage":22,"enemies":"Time Eater","floor":50,"turns":16},{"damage":26,"enemies":"Awakened One","floor":51,"turns":14}],"seed_played":"-7977171136210613381","potions_obtained":[{"floor":1.0,"key":"Fire Potion"},{"floor":3.0,"key":"SpeedPotion"},{"floor":5.0,"key":"FocusPotion"},{"floor":16.0,"key":"Poison Potion"},{"floor":19.0,"key":"EssenceOfSteel"},{"floor":20.0,"key":"SteroidPotion"},{"floor":25,"key":"AttackPotion"},{"floor":28,"key":"Poison Potion"},{"floor":33,"key":"EssenceOfSteel"},{"floor":44,"key":"GamblersBrew"}],"is_trial":false,"path_per_floor":["M","?","M","$","M","R","E","R","T","R","?","M","?","M","R","B",null,"M","M","M","M","?","R","M","E","T","R","M","?","R","M","R","B",null,"M","?","$","?","$","R","E","?","T","E","M","?","M","M","R","B","B"],"character_chosen":"DEFECT","items_purchased":["Ball Lightning","Fruit Juice","Bag of Marbles","Regal Pillow","Mummified Hand","Blizzard"],"campfire_rested":2,"item_purchase_floors":[4,37,37,37,39,39],"current_hp_per_floor":[70,63,56,56,55,55,51,51,51,51,51,50,50,50,50,43,69,69,64,48,28,28,51,41,2,2,25,22,22,22,34,34,35,67,67,48,53,53,53,53,57,57,57,63,65,65,71,77,77,59,41],"gold":286,"neow_bonus":"TEN_PERCENT_HP_BONUS","is_prod":false,"is_daily":false,"chose_seed":false,"campfire_upgraded":8,"win_rate":0,"timestamp":1539969047,"path_taken":["M","?","M","$","M","R","E","R","T","R","?","?","?","?","R","BOSS","M","M","M","?","?","R","?","E","T","R","M","?","R","M","R","BOSS","M","?","$","?","$","R","E","?","T","E","M","?","M","?","R","BOSS","BOSS"],"build_version":"2018-10-18","purchased_purges":2,"victory":true,"max_hp_per_floor":[78,78,78,78,78,78,78,78,78,78,78,78,78,78,78,78,78,78,78,78,78,78,78,78,78,78,78,78,78,78,78,78,78,78,78,78,83,83,83,83,83,83,83,83,83,79,79,79,79,79,79],"card_choices":[{"not_picked":["Scrape","Leap","Recycle"],"picked":"SKIP","floor":1.0},{"not_picked":["Gash","Chill"],"picked":"Go for the Eyes","floor":3.0},{"not_picked":["Static Discharge","Melter"],"picked":"Glacier","floor":5.0},{"not_picked":["Hello World","Heatsinks"],"picked":"Ball Lightning","floor":7.0},{"not_picked":["Lockon","Blizzard"],"picked":"Genetic Algorithm","floor":12.0},{"not_picked":["Tempest","Reinforced Body"],"picked":"Melter","floor":14.0},{"not_picked":["Amplify","Fission"],"picked":"Buffer","floor":16.0},{"not_picked":["Streamline","Go for the Eyes+1"],"picked":"Sweeping Beam","floor":18.0},{"not_picked":["Capacitor","Steam"],"picked":"Defragment","floor":19.0},{"not_picked":["Coolheaded","Streamline"],"picked":"Compile Driver","floor":20.0},{"not_picked":["Hologram","Auto Shields+1"],"picked":"Defragment","floor":21.0},{"not_picked":["Doom and Gloom","Chaos"],"picked":"Ball Lightning+1","floor":24.0},{"not_picked":["Ball Lightning","Genetic Algorithm"],"picked":"Coolheaded","floor":25},{"not_picked":["Steam","Tempest"],"picked":"Beam Cell+1","floor":28},{"not_picked":["Aggregate","Gash","Barrage"],"picked":"SKIP","floor":31},{"not_picked":["Aggregate","Gash","Barrage"],"picked":"SKIP","floor":31},{"not_picked":["Hyperbeam","Core Surge"],"picked":"Rainbow","floor":33},{"not_picked":["FTL","Stack+1","Gash+1"],"picked":"SKIP","floor":35},{"not_picked":["Chaos","Cold Snap+1","Steam"],"picked":"SKIP","floor":41},{"not_picked":["Coolheaded","Steam Power+1"],"picked":"Leap+1","floor":44},{"not_picked":["Barrage","Cold Snap","Go for the Eyes"],"picked":"SKIP","floor":45},{"not_picked":["Turbo","Hologram","Static Discharge"],"picked":"SKIP","floor":47},{"not_picked":["Redo+1","Reprogram+1"],"picked":"White Noise","floor":48}],"player_experience":1503523,"relics_obtained":[{"floor":7.0,"key":"Mercury Hourglass"},{"floor":9.0,"key":"Vajra"},{"floor":25,"key":"Meat on the Bone"},{"floor":26,"key":"Pen Nib"},{"floor":36,"key":"Bird Faced Urn"},{"floor":41,"key":"DataDisk"},{"floor":44,"key":"Peace Pipe"}],"event_choices":[{"cards_removed":["Strike_B"],"damage_healed":0.0,"max_hp_gain":0.0,"max_hp_loss":0.0,"gold_gain":0.0,"event_name":"Golden Wing","player_choice":"Card Removal","floor":2.0,"gold_loss":0.0,"damage_taken":7.0},{"damage_healed":0.0,"max_hp_gain":0.0,"max_hp_loss":0.0,"gold_gain":0.0,"event_name":"FaceTrader","player_choice":"Trade","floor":11.0,"gold_loss":0.0,"damage_taken":0.0,"relics_obtained":["SsserpentHead"]},{"cards_removed":["Strike_B"],"damage_healed":0.0,"max_hp_gain":0.0,"max_hp_loss":0.0,"gold_gain":0.0,"event_name":"Purifier","player_choice":"Purged","floor":13.0,"gold_loss":0.0,"damage_taken":0.0},{"damage_healed":0.0,"max_hp_gain":0.0,"max_hp_loss":0.0,"gold_gain":0.0,"event_name":"Back to Basics","player_choice":"Simplicity","floor":22.0,"gold_loss":0.0,"damage_taken":0.0,"cards_upgraded":["Strike_B","Defend_B","Defend_B","Defend_B","Defend_B"]},{"damage_healed":0,"gold_gain":0,"player_choice":"Obtained Relic","damage_taken":0,"relics_obtained":["Oddly Smooth Stone"],"max_hp_gain":0,"max_hp_loss":0,"event_name":"Addict","floor":29,"gold_loss":85},{"damage_healed":0,"gold_gain":0,"player_choice":"Fight","damage_taken":0,"max_hp_gain":0,"max_hp_loss":0,"event_name":"Mysterious Sphere","floor":36,"gold_loss":0},{"damage_healed":0,"gold_gain":0,"player_choice":"Ignored","damage_taken":0,"max_hp_gain":0,"max_hp_loss":0,"event_name":"Tomb of Lord Red Mask","floor":38,"gold_loss":0},{"cards_removed":["Blizzard"],"damage_healed":0,"gold_gain":0,"player_choice":"Removed Attack","damage_taken":0,"max_hp_gain":0,"max_hp_loss":0,"event_name":"Falling","floor":42,"gold_loss":0},{"damage_healed":0,"gold_gain":0,"player_choice":"Max HP","damage_taken":0,"max_hp_gain":0,"max_hp_loss":4,"event_name":"Winding Halls","floor":46,"gold_loss":0}],"is_beta":true,"boss_relics":[{"not_picked":["Lizard Tail","Tiny House"],"picked":"Inserter"},{"not_picked":["Orrery","Busted Crown"],"picked":"Cursed Key"}],"items_purged_floors":[4,37],"is_endless":false,"potions_floor_spawned":[1,3,5,16,19,20,25,28,33,35,44],"ascension_level":20}