{"gold_per_floor":[119,294,310,324,340,340,365,73,73,90,90,119,19,19,19,19],"floor_reached":16,"playtime":1314,"items_purged":["Doubt","Strike_B"],"score":116,"play_id":"802574fa-9ccc-4fed-8b9c-613d87c44bb7","local_time":"20190816122536","is_ascension_mode":true,"campfire_choices":[{"data":"Machine Learning","floor":6,"key":"SMITH"},{"floor":11,"key":"REST"},{"floor":15,"key":"REST"}],"neow_cost":"NONE","seed_source_timestamp":1988173454563,"circlet_count":0,"master_deck":["Strike_B","Strike_B","Strike_B","Defend_B","Defend_B","Defend_B","Defend_B","Zap","Dualcast","Machine Learning+1","Double Energy","Steam","Multi-Cast","Fission+1","FTL","BootSequence"],"relics":["Cracked Core","Dodecahedron","Matryoshka","Anchor"],"potions_floor_usage":[5,12,12],"damage_taken":[{"damage":6,"enemies":"Jaw Worm","floor":1,"turns":4},{"damage":1,"enemies":"Cultist","floor":3,"turns":4},{"damage":8,"enemies":"Small Slimes","floor":4,"turns":4},{"damage":10,"enemies":"2 Fungi Beasts","floor":5,"turns":4},{"damage":37,"enemies":"3 Sentries","floor":7,"turns":9},{"damage":1,"enemies":"Blue Slaver","floor":10,"turns":4},{"damage":11,"enemies":"Lagavulin","floor":12,"turns":5},{"damage":41,"enemies":"Hexaghost","floor":16,"turns":12}],"seed_played":"6055965132519248697","potions_obtained":[{"floor":4,"key":"EssenceOfSteel"},{"floor":5,"key":"Poison Potion"}],"is_trial":false,"path_per_floor":["M","?","M","M","M","R","E","$","T","M","R","E","$","?","R","B"],"character_chosen":"DEFECT","items_purchased":["Fission","FocusPotion"],"campfire_rested":2,"item_purchase_floors":[8,8],"current_hp_per_floor":[69,69,68,60,50,50,13,13,13,12,34,23,23,23,45,4],"gold":19,"neow_bonus":"ONE_RANDOM_RARE_CARD","is_prod":false,"is_daily":false,"chose_seed":false,"campfire_upgraded":1,"win_rate":0,"timestamp":1565983536,"path_taken":["M","?","M","M","M","R","E","$","T","M","R","E","$","?","R","BOSS"],"build_version":"2019-07-17","purchased_purges":2,"victory":false,"max_hp_per_floor":[75,75,75,75,75,75,75,75,75,75,75,75,75,75,75,75],"card_choices":[{"not_picked":["Coolheaded","Sweeping Beam"],"picked":"Double Energy","floor":1},{"not_picked":["Cold Snap","Compile Driver","Sweeping Beam"],"picked":"SKIP","floor":3},{"not_picked":["Scrape","Redo","Compile Driver"],"picked":"SKIP","floor":4},{"not_picked":["Gash","Skim"],"picked":"Steam","floor":5},{"not_picked":["Sweeping Beam","Auto Shields"],"picked":"Multi-Cast","floor":7},{"not_picked":["Redo","Coolheaded"],"picked":"FTL","floor":10},{"not_picked":["Storm","Chill"],"picked":"BootSequence","floor":12}],"player_experience":116839,"relics_obtained":[{"floor":7,"key":"Dodecahedron"},{"floor":9,"key":"Matryoshka"},{"floor":12,"key":"Anchor"}],"event_choices":[{"damage_healed":0,"gold_gain":175,"player_choice":"AGREE","damage_taken":0,"max_hp_gain":0,"max_hp_loss":0,"event_name":"Liars Game","floor":2,"gold_loss":0,"cards_obtained":["Doubt"]},{"damage_healed":0,"gold_gain":0,"player_choice":"Forge","damage_taken":0,"max_hp_gain":0,"max_hp_loss":0,"event_name":"Accursed Blacksmith","floor":14,"gold_loss":0,"cards_upgraded":["Fission"]}],"is_beta":false,"boss_relics":[],"items_purged_floors":[8,13],"is_endless":false,"potions_floor_spawned":[4,5],"killed_by":"Hexaghost","ascension_level":1}