{"gold_per_floor":[117,133,0,16,16,74,74,93,117,117,132,164,193,203,203,203],"floor_reached":16,"playtime":979,"items_purged":[],"score":224,"play_id":"cfff55cd-f64b-4549-834d-14c085a53627","local_time":"20190325230007","is_ascension_mode":true,"campfire_choices":[{"data":"Noxious Fumes","floor":7.0,"key":"SMITH"},{"data":"Dash","floor":10.0,"key":"SMITH"},{"data":"Deadly Poison","floor":15.0,"key":"SMITH"}],"neow_cost":"NONE","seed_source_timestamp":0,"circlet_count":0,"master_deck":["AscendersBane","Defend_G+1","Defend_G","Defend_G","Defend_G","Defend_G","Strike_G","Strike_G","Strike_G","Strike_G","Survivor+1","Neutralize","Dash+1","Deadly Poison+1","Crippling Poison","Noxious Fumes+1","PiercingWail","Backstab","Backflip"],"special_seed":0,"relics":["Ring of the Snake","Tiny Chest","Strawberry","Boot","Odd Mushroom"],"potions_floor_usage":[16,16],"damage_taken":[{"damage":3.0,"enemies":"Cultist","floor":1.0,"turns":4.0},{"damage":3.0,"enemies":"Small Slimes","floor":2.0,"turns":5.0},{"damage":0.0,"enemies":"2 Louse","floor":4.0,"turns":3.0},{"damage":13.0,"enemies":"Lagavulin","floor":6.0,"turns":10.0},{"damage":2.0,"enemies":"Exordium Thugs","floor":8.0,"turns":5.0},{"damage":0.0,"enemies":"Large Slime","floor":11.0,"turns":5.0},{"damage":21.0,"enemies":"Gremlin Nob","floor":12.0,"turns":4.0},{"damage":0.0,"enemies":"The Mushroom Lair","floor":13.0,"turns":4.0},{"damage":0.0,"enemies":"2 Fungi Beasts","floor":14.0,"turns":4.0},{"damage":6,"enemies":"Hexaghost","floor":16,"turns":8}],"seed_played":"-8068969424737682364","potions_obtained":[{"floor":2.0,"key":"FearPotion"},{"floor":11.0,"key":"Dexterity Potion"},{"floor":14.0,"key":"FearPotion"}],"is_trial":false,"path_per_floor":["M","M","$","M","?","E","R","M","T","R","M","E","?","M","R","B"],"character_chosen":"THE_SILENT","items_purchased":["Deadly Poison","GhostInAJar"],"campfire_rested":0,"item_purchase_floors":[3,3],"current_hp_per_floor":[56,53,53,53,33,20,20,18,25,25,25,4,4,4,4,0],"gold":203,"neow_bonus":"REMOVE_CARD","is_prod":false,"is_daily":false,"chose_seed":false,"campfire_upgraded":3,"win_rate":0,"timestamp":1553554807,"path_taken":["M","M","$","M","?","E","R","M","T","R","M","E","?","M","R","BOSS"],"build_version":"2019-03-15","purchased_purges":0,"victory":false,"max_hp_per_floor":[66,66,66,66,66,66,66,66,73,73,73,73,73,73,73,73],"card_choices":[{"not_picked":["Acrobatics","Tactician","Blade Dance"],"picked":"SKIP","floor":1.0},{"not_picked":["Acrobatics","Quick Slash"],"picked":"Dash","floor":2.0},{"not_picked":["Dagger Spray","Heel Hook"],"picked":"Crippling Poison","floor":4.0},{"not_picked":["Grand Finale","Flechettes"],"picked":"Noxious Fumes","floor":6.0},{"not_picked":["Outmaneuver","Poisoned Stab"],"picked":"PiercingWail","floor":8.0},{"not_picked":["Tactician","Leg Sweep"],"picked":"Backstab","floor":11.0},{"not_picked":["Tactician","Accuracy","Slice"],"picked":"SKIP","floor":12.0},{"not_picked":["Dodge and Roll","Setup"],"picked":"Backflip","floor":14.0}],"player_experience":1958098,"relics_obtained":[{"floor":6.0,"key":"Tiny Chest"},{"floor":9.0,"key":"Strawberry"},{"floor":12.0,"key":"Boot"},{"floor":13.0,"key":"Odd Mushroom"}],"event_choices":[{"damage_healed":0.0,"max_hp_gain":0.0,"max_hp_loss":0.0,"gold_gain":0.0,"event_name":"Shining Light","player_choice":"Entered Light","floor":5.0,"gold_loss":0.0,"damage_taken":20.0,"cards_upgraded":["Defend_G","Survivor"]},{"damage_healed":0.0,"max_hp_gain":0.0,"max_hp_loss":0.0,"gold_gain":0.0,"event_name":"Mushrooms","player_choice":"Fought Mushrooms","floor":13.0,"gold_loss":0.0,"damage_taken":0.0}],"is_beta":true,"boss_relics":[],"items_purged_floors":[],"is_endless":false,"potions_floor_spawned":[2,11,14],"killed_by":"Hexaghost","ascension_level":20}