{"gold_per_floor":[112,112,112,37,112,152,152,103,103,127,146,169,169,193,193,317,317,335,335,360,331,331,331,331],"floor_reached":24,"playtime":805,"items_purged":["Strike_R"],"score":269,"play_id":"4efd70ac-2de8-4685-bb04-afbdfa449d67","local_time":"20190725214241","is_ascension_mode":true,"campfire_choices":[{"floor":7,"key":"DIG"},{"data":"Armaments","floor":13,"key":"SMITH"},{"floor":15,"key":"DIG"},{"floor":23,"key":"DIG"}],"neow_cost":"PERCENT_DAMAGE","seed_source_timestamp":730346576233900,"circlet_count":0,"master_deck":["Strike_R+1","Strike_R","Strike_R+1","Strike_R","Defend_R","Defend_R","Defend_R","Defend_R","Bash","Clash","Shrug It Off","Armaments+1","Berserk","Shockwave"],"relics":["Burning Blood","Shovel","Golden Idol","Regal Pillow","Centennial Puzzle","Bottled Lightning","Pen Nib","Whetstone","Black Star","Nilry\u0027s Codex","Art of War","Smiling Mask"],"potions_floor_usage":[6,16],"damage_taken":[{"damage":5,"enemies":"Jaw Worm","floor":1,"turns":6},{"damage":36,"enemies":"Lagavulin","floor":6,"turns":7},{"damage":0,"enemies":"Small Slimes","floor":11,"turns":3},{"damage":5,"enemies":"2 Louse","floor":12,"turns":2},{"damage":0,"enemies":"Looter","floor":14,"turns":3},{"damage":10,"enemies":"The Guardian","floor":16,"turns":13},{"damage":15,"enemies":"Shell Parasite","floor":18,"turns":11},{"damage":18,"enemies":"2 Thieves","floor":21,"turns":5},{"damage":37,"enemies":"Book of Stabbing","floor":24,"turns":3}],"seed_played":"6201102090410960336","potions_obtained":[{"floor":1,"key":"PowerPotion"},{"floor":11,"key":"GamblersBrew"}],"is_trial":false,"path_per_floor":["M","?","?","$","?","E","R","$","T","T","M","M","R","M","R","B",null,"M","?","T","M","?","R","E"],"character_chosen":"IRONCLAD","items_purchased":["Shrug It Off"],"campfire_rested":0,"item_purchase_floors":[8],"current_hp_per_floor":[52,32,58,58,47,17,17,17,17,17,23,24,24,30,30,26,67,58,42,42,30,30,30,0],"gold":331,"neow_bonus":"ONE_RARE_RELIC","is_prod":false,"is_daily":false,"chose_seed":false,"campfire_upgraded":1,"win_rate":0,"timestamp":1564058561,"path_taken":["M","?","?","$","?","E","R","$","T","?","M","?","R","?","R","BOSS","M","?","?","M","?","R","E"],"build_version":"2019-07-17","purchased_purges":1,"victory":false,"max_hp_per_floor":[80,80,80,80,80,80,80,80,80,80,80,80,80,80,80,80,80,80,80,80,80,80,80,80],"card_choices":[{"not_picked":["Infernal Blade","Second Wind"],"picked":"Clash","floor":1},{"not_picked":["Heavy Blade","Wild Strike","Twin Strike"],"picked":"SKIP","floor":6},{"not_picked":["Bloodletting","Twin Strike","Ghostly Armor"],"picked":"SKIP","floor":11},{"not_picked":["Spot Weakness","Warcry"],"picked":"Armaments","floor":12},{"not_picked":["Exhume","Burning Pact","Headbutt"],"picked":"SKIP","floor":14},{"not_picked":["Brutality","Offering"],"picked":"Berserk","floor":16},{"not_picked":["Thunderclap+1","Armaments","Clothesline"],"picked":"SKIP","floor":18},{"not_picked":["Clash","Searing Blow"],"picked":"Shockwave","floor":21}],"player_experience":129123,"relics_obtained":[{"floor":6,"key":"Regal Pillow"},{"floor":7,"key":"Centennial Puzzle"},{"floor":9,"key":"Bottled Lightning"},{"floor":10,"key":"Pen Nib"},{"floor":15,"key":"Whetstone"},{"floor":19,"key":"Nilry\u0027s Codex"},{"floor":20,"key":"Art of War"},{"floor":23,"key":"Smiling Mask"}],"event_choices":[{"damage_healed":0,"gold_gain":0,"player_choice":"Take Damage","damage_taken":20,"relics_obtained":["Golden Idol"],"max_hp_gain":0,"max_hp_loss":0,"event_name":"Golden Idol","floor":2,"gold_loss":0},{"damage_healed":26,"gold_gain":0,"player_choice":"Banana","damage_taken":0,"max_hp_gain":0,"max_hp_loss":0,"event_name":"Big Fish","floor":3,"gold_loss":0},{"damage_healed":0,"gold_gain":75,"player_choice":"Gather Gold","damage_taken":11,"max_hp_gain":0,"max_hp_loss":0,"event_name":"World of Goop","floor":5,"gold_loss":0},{"damage_healed":0,"gold_gain":0,"player_choice":"Obtained Book","damage_taken":16,"max_hp_gain":0,"max_hp_loss":0,"event_name":"Cursed Tome","floor":19,"gold_loss":0},{"damage_healed":0,"gold_gain":0,"player_choice":"Leave","damage_taken":0,"max_hp_gain":0,"max_hp_loss":0,"event_name":"FaceTrader","floor":22,"gold_loss":0}],"is_beta":false,"boss_relics":[{"not_picked":["Lizard Tail","Snecko Eye"],"picked":"Black Star"}],"items_purged_floors":[4],"is_endless":false,"potions_floor_spawned":[1,11],"killed_by":"Book of Stabbing","ascension_level":8}