{"gold_per_floor":[109,129,129,129,140,168,93,113,138,165,181,181,198,198,198,296,296,313,41,52,52,71,104,104,138,188,200,300,175,188,215,215,314,314,329,347,56,56,56,83,94,94,94,113,125,154,0,34,34,34],"floor_reached":51,"playtime":2717,"items_purged":["Strike_R","Strike_R","Regret"],"score":1561,"play_id":"f9c16e64-d3ca-4098-83dd-1e17fce226e0","local_time":"20190820021054","is_ascension_mode":true,"campfire_choices":[{"data":"Corruption","floor":15,"key":"SMITH"},{"data":"Armaments","floor":24,"key":"SMITH"},{"data":"Pommel Strike","floor":32,"key":"SMITH"},{"data":"Infernal Blade","floor":49,"key":"SMITH"}],"neow_cost":"NONE","seed_source_timestamp":378228884755900,"circlet_count":0,"master_deck":["AscendersBane","Defend_R","Defend_R","Defend_R","Defend_R","Bash","Finesse","Flex","Pommel Strike+1","Infernal Blade+1","Corruption+1","Berserk","Armaments+1","Impervious","Master of Strategy","Sentinel+1","Shrug It Off+1","Impervious","Madness","Madness"],"relics":["Burning Blood","Ornamental Fan","Dead Branch","Orichalcum","Bottled Lightning","Cursed Key","Red Skull","Ancient Tea Set","Art of War","Pen Nib","Busted Crown","Oddly Smooth Stone","Bronze Scales","Blue Candle","Omamori","Red Mask","Molten Egg 2"],"potions_floor_usage":[11,25,30,45,50,50,50],"damage_taken":[{"damage":4,"enemies":"Jaw Worm","floor":1,"turns":4},{"damage":0,"enemies":"Small Slimes","floor":2,"turns":3},{"damage":4,"enemies":"Cultist","floor":5,"turns":3},{"damage":41,"enemies":"Gremlin Nob","floor":6,"turns":5},{"damage":6,"enemies":"Exordium Wildlife","floor":8,"turns":4},{"damage":12,"enemies":"3 Sentries","floor":10,"turns":5},{"damage":10,"enemies":"Gremlin Gang","floor":11,"turns":6},{"damage":5,"enemies":"Red Slaver","floor":13,"turns":2},{"damage":21,"enemies":"The Guardian","floor":16,"turns":6},{"damage":0,"enemies":"Chosen","floor":18,"turns":4},{"damage":9,"enemies":"Spheric Guardian","floor":20,"turns":3},{"damage":12,"enemies":"Centurion and Healer","floor":22,"turns":4},{"damage":0,"enemies":"Slavers","floor":23,"turns":2},{"damage":3,"enemies":"Book of Stabbing","floor":25,"turns":3},{"damage":7,"enemies":"Snake Plant","floor":27,"turns":2},{"damage":7,"enemies":"Snecko","floor":30,"turns":4},{"damage":5,"enemies":"Slavers","floor":31,"turns":4},{"damage":10,"enemies":"Collector","floor":33,"turns":3},{"damage":0,"enemies":"Orb Walker","floor":35,"turns":3},{"damage":2,"enemies":"3 Shapes","floor":36,"turns":2},{"damage":0,"enemies":"Reptomancer","floor":40,"turns":3},{"damage":0,"enemies":"Spire Growth","floor":41,"turns":3},{"damage":0,"enemies":"3 Darklings","floor":44,"turns":3},{"damage":7,"enemies":"4 Shapes","floor":45,"turns":3},{"damage":1,"enemies":"Giant Head","floor":46,"turns":2},{"damage":4,"enemies":"Reptomancer","floor":48,"turns":3},{"damage":22,"enemies":"Donu and Deca","floor":50,"turns":6}],"seed_played":"-2049699664856532682","potions_obtained":[{"floor":1,"key":"SpeedPotion"},{"floor":10,"key":"Block Potion"},{"floor":13,"key":"FearPotion"},{"floor":23,"key":"Poison Potion"},{"floor":25,"key":"Swift Potion"},{"floor":40,"key":"Block Potion"},{"floor":42,"key":"Fruit Juice"},{"floor":42,"key":"PowerPotion"},{"floor":46,"key":"Fruit Juice"}],"is_trial":false,"path_per_floor":["M","M","?","T","M","E","$","M","T","E","M","?","M","?","R","B",null,"M","$","M","$","M","E","R","E","T","M","?","$","M","E","R","B",null,"M","M","$","?","?","E","M","?","T","M","M","E","?","E","R","B",null],"character_chosen":"IRONCLAD","items_purchased":["Master of Strategy","Oddly Smooth Stone","Bronze Scales"],"campfire_rested":0,"item_purchase_floors":[19,37,37],"current_hp_per_floor":[74,80,85,85,85,50,50,50,50,44,40,40,41,41,41,26,70,76,76,73,73,67,73,73,76,76,75,75,75,74,75,75,71,82,85,85,85,74,74,80,85,85,85,85,89,90,90,90,90,79],"gold":34,"neow_bonus":"RANDOM_COLORLESS","is_prod":false,"is_daily":false,"chose_seed":false,"campfire_upgraded":4,"win_rate":0,"timestamp":1566234654,"path_taken":["M","M","?","?","M","E","$","M","T","E","M","?","?","?","R","BOSS","M","$","M","?","M","E","R","E","T","M","?","$","M","E","R","BOSS","M","?","$","?","?","E","M","?","T","M","?","E","?","E","R","BOSS"],"build_version":"2019-07-17","purchased_purges":3,"victory":true,"max_hp_per_floor":[80,80,85,85,85,85,85,85,85,85,85,85,85,85,85,85,85,85,85,85,85,85,85,85,85,85,85,85,85,85,85,85,85,85,85,85,85,85,85,85,85,85,85,85,90,90,90,90,90,95],"card_choices":[{"not_picked":["Wild Strike","Twin Strike"],"picked":"Flex","floor":1},{"not_picked":["Cleave","Flex"],"picked":"Pommel Strike","floor":2},{"not_picked":["Armaments","Inflame"],"picked":"Infernal Blade","floor":5},{"not_picked":["Body Slam","Reaper"],"picked":"Corruption","floor":6},{"not_picked":["Perfected Strike","Thunderclap","Sword Boomerang"],"picked":"SKIP","floor":8},{"not_picked":["Clothesline","Sword Boomerang"],"picked":"Berserk","floor":10},{"not_picked":["Cleave","Ghostly Armor","Clash"],"picked":"SKIP","floor":11},{"not_picked":["Spot Weakness","Perfected Strike"],"picked":"Armaments","floor":13},{"not_picked":["Reaper","Fiend Fire"],"picked":"Impervious","floor":16},{"not_picked":["Twin Strike+1","Pommel Strike","Rage"],"picked":"SKIP","floor":18},{"not_picked":["Carnage+1","Corruption","Sword Boomerang"],"picked":"SKIP","floor":20},{"not_picked":["Fire Breathing","Bloodletting","Entrench"],"picked":"SKIP","floor":22},{"not_picked":["Rage","Disarm","Fire Breathing"],"picked":"SKIP","floor":23},{"not_picked":["Clothesline+1","Clash"],"picked":"Sentinel+1","floor":25},{"not_picked":["Disarm","Seeing Red"],"picked":"Shrug It Off+1","floor":27},{"not_picked":["Warcry","Shrug It Off","Power Through"],"picked":"SKIP","floor":30},{"not_picked":["Armaments+1","Dropkick","Uppercut+1"],"picked":"SKIP","floor":31},{"not_picked":["Brutality","Limit Break"],"picked":"Impervious","floor":33},{"not_picked":["Sword Boomerang+1"],"picked":"SKIP","floor":35},{"not_picked":["Second Wind"],"picked":"SKIP","floor":36},{"not_picked":["Heavy Blade"],"picked":"SKIP","floor":40},{"not_picked":["Sever Soul"],"picked":"SKIP","floor":41},{"not_picked":["Pommel Strike"],"picked":"SKIP","floor":44},{"not_picked":["Twin Strike"],"picked":"SKIP","floor":45},{"not_picked":["Clothesline"],"picked":"SKIP","floor":46},{"not_picked":["Demon Form"],"picked":"SKIP","floor":48}],"player_experience":149386,"relics_obtained":[{"floor":4,"key":"Ornamental Fan"},{"floor":6,"key":"Dead Branch"},{"floor":9,"key":"Orichalcum"},{"floor":10,"key":"Bottled Lightning"},{"floor":23,"key":"Red Skull"},{"floor":25,"key":"Ancient Tea Set"},{"floor":26,"key":"Art of War"},{"floor":31,"key":"Pen Nib"},{"floor":40,"key":"Blue Candle"},{"floor":46,"key":"Omamori"},{"floor":48,"key":"Molten Egg 2"}],"event_choices":[{"damage_healed":0,"gold_gain":0,"player_choice":"Donut","damage_taken":0,"max_hp_gain":5,"max_hp_loss":0,"event_name":"Big Fish","floor":3,"gold_loss":0},{"cards_removed":["Strike_R"],"damage_healed":0,"gold_gain":0,"player_choice":"Forget","damage_taken":0,"max_hp_gain":0,"max_hp_loss":0,"event_name":"Living Wall","floor":12,"gold_loss":0},{"cards_removed":["Strike_R"],"damage_healed":0,"gold_gain":0,"player_choice":"Purged","damage_taken":0,"max_hp_gain":0,"max_hp_loss":0,"event_name":"Purifier","floor":14,"gold_loss":0},{"damage_healed":0,"gold_gain":100,"player_choice":"Pray","damage_taken":0,"max_hp_gain":0,"max_hp_loss":0,"event_name":"Golden Shrine","floor":28,"gold_loss":0},{"damage_healed":0,"gold_gain":0,"player_choice":"Embrace Madness","damage_taken":11,"max_hp_gain":0,"max_hp_loss":0,"event_name":"Winding Halls","floor":38,"gold_loss":0,"cards_obtained":["Madness","Madness"]},{"cards_removed":["Strike_R"],"damage_healed":0,"gold_gain":0,"player_choice":"Removed Attack","damage_taken":0,"max_hp_gain":0,"max_hp_loss":0,"event_name":"Falling","floor":39,"gold_loss":0},{"damage_healed":0,"gold_gain":0,"player_choice":"Got Potions","damage_taken":0,"max_hp_gain":0,"max_hp_loss":0,"event_name":"Lab","floor":42,"gold_loss":0},{"damage_healed":0,"gold_gain":0,"player_choice":"Paid","damage_taken":0,"relics_obtained":["Red Mask"],"max_hp_gain":0,"max_hp_loss":0,"event_name":"Tomb of Lord Red Mask","floor":47,"gold_loss":154}],"is_beta":false,"boss_relics":[{"not_picked":["Runic Pyramid","Coffee Dripper"],"picked":"Cursed Key"},{"not_picked":["White Beast Statue","Lizard Tail"],"picked":"Busted Crown"}],"items_purged_floors":[7,19,29],"is_endless":false,"potions_floor_spawned":[1,10,13,23,25,27,40,44,46],"ascension_level":10}