{"gold_per_floor":[118,118,130,130,130,164,164,195,195,211,246,269,31,59,59,131,131,145,145,145,245,160,160,160,180,206,256,289,289,306,325,325,404,404,419,419,438,455,128,155,155,155,155,155,180,180,180,215,215,215,215,215,215,45,78,78],"floor_reached":56,"playtime":3084,"items_purged":["Hello World"],"score":2225,"play_id":"0c735a7b-6256-43fd-9f6e-50ec622d2b70","local_time":"20190416231855","is_ascension_mode":true,"campfire_choices":[{"data":"Cold Snap","floor":7.0,"key":"SMITH"},{"floor":15.0,"key":"REST"},{"data":"Buffer","floor":23.0,"key":"SMITH"},{"data":"Loop","floor":29.0,"key":"SMITH"},{"data":"Capacitor","floor":32.0,"key":"SMITH"},{"data":"Defragment","floor":42.0,"key":"SMITH"},{"data":"Biased Cognition","floor":44.0,"key":"SMITH"},{"floor":46.0,"key":"RECALL"},{"floor":49.0,"key":"REST"},{"data":"Capacitor","floor":53.0,"key":"SMITH"}],"neow_cost":"NONE","seed_source_timestamp":0,"circlet_count":0,"master_deck":["AscendersBane","Zap+1","Dualcast","Compile Driver","Cold Snap+1","Core Surge","Sweeping Beam","Go for the Eyes","Doom and Gloom","Loop+1","Buffer+1","Capacitor+1","All For One","Barrage","BootSequence","Chill","Beam Cell+1","Seek","Ball Lightning","Reboot","Recycle","Leap","Biased Cognition+1","Hologram","Fusion","Defragment+1","Electrodynamics","Storm","Capacitor+1","White Noise","Defragment+1","Defragment"],"special_seed":0,"relics":["Cracked Core","NeowsBlessing","Bottled Flame","Pantograph","Lantern","Bag of Marbles","Smiling Mask","Centennial Puzzle","Happy Flower","Runic Pyramid","Incense Burner","The Courier","Boot","Oddly Smooth Stone","Mummified Hand","Pandora\u0027s Box","Ice Cream","Kunai","Gremlin Horn","Bronze Scales","DollysMirror","Orichalcum"],"potions_floor_usage":[56,56],"damage_taken":[{"damage":0.0,"enemies":"Jaw Worm","floor":1.0,"turns":1.0},{"damage":0.0,"enemies":"Small Slimes","floor":3.0,"turns":1.0},{"damage":0.0,"enemies":"3 Sentries","floor":6.0,"turns":2.0},{"damage":23.0,"enemies":"Lagavulin","floor":8.0,"turns":6.0},{"damage":0.0,"enemies":"2 Louse","floor":10.0,"turns":2.0},{"damage":9.0,"enemies":"Gremlin Nob","floor":11.0,"turns":3.0},{"damage":10.0,"enemies":"Lagavulin","floor":14.0,"turns":7.0},{"damage":16.0,"enemies":"Slime Boss","floor":16.0,"turns":5.0},{"damage":0.0,"enemies":"Chosen","floor":18.0,"turns":5.0},{"damage":6.0,"enemies":"Colosseum Slavers","floor":21.0,"turns":2.0},{"damage":11.0,"enemies":"Colosseum Nobs","floor":21.0,"turns":5.0},{"damage":8.0,"enemies":"3 Byrds","floor":25.0,"turns":4.0},{"damage":0.0,"enemies":"Slavers","floor":28.0,"turns":5.0},{"damage":0.0,"enemies":"Centurion and Healer","floor":30.0,"turns":6.0},{"damage":0.0,"enemies":"Sentry and Sphere","floor":31.0,"turns":6.0},{"damage":0.0,"enemies":"Collector","floor":33.0,"turns":10.0},{"damage":12.0,"enemies":"3 Shapes","floor":35.0,"turns":4.0},{"damage":0.0,"enemies":"3 Darklings","floor":37.0,"turns":3.0},{"damage":0.0,"enemies":"Sphere and 2 Shapes","floor":38.0,"turns":5.0},{"damage":12.0,"enemies":"Nemesis","floor":40.0,"turns":4.0},{"damage":0.0,"enemies":"Giant Head","floor":45.0,"turns":6.0},{"damage":0.0,"enemies":"Reptomancer","floor":48.0,"turns":3.0},{"damage":24.0,"enemies":"Time Eater","floor":50.0,"turns":9.0},{"damage":13.0,"enemies":"Awakened One","floor":51.0,"turns":9.0},{"damage":30.0,"enemies":"Shield and Spear","floor":55.0,"turns":4.0},{"damage":65,"enemies":"The Heart","floor":56,"turns":2}],"seed_played":"-5520572905676294164","potions_obtained":[{"floor":6.0,"key":"Explosive Potion"},{"floor":11.0,"key":"Fire Potion"},{"floor":16.0,"key":"Dexterity Potion"},{"floor":18.0,"key":"Strength Potion"},{"floor":21.0,"key":"GamblersBrew"},{"floor":31.0,"key":"Block Potion"},{"floor":37.0,"key":"Fire Potion"}],"is_trial":false,"path_per_floor":["M","?","M","?","?","E","R","E","T","M","E","T","$","E","R","B",null,"M","?","?","?","?","R","?","M","T","?","E","R","M","M","R","B",null,"M","?","M","M","$","E","?","R","T","R","E","R","?","E","R","B","B",null,"R","$","E","B"],"character_chosen":"DEFECT","items_purchased":["Doom and Gloom","Centennial Puzzle","Defragment","Electrodynamics","Storm","Capacitor","DollysMirror"],"campfire_rested":2,"item_purchase_floors":[13,13,39,39,39,39,54],"current_hp_per_floor":[64,64,64,43,43,43,43,20,20,20,11,11,11,1,22,31,61,61,61,61,44,44,44,44,36,36,36,36,36,36,36,36,61,69,57,57,57,57,57,45,45,45,45,45,45,45,45,45,65,43,54,64,64,64,34,0],"gold":78,"neow_bonus":"THREE_ENEMY_KILL","is_prod":false,"is_daily":false,"chose_seed":false,"campfire_upgraded":7,"win_rate":0,"timestamp":1555453135,"path_taken":["M","?","M","?","?","E","R","E","T","?","E","?","$","E","R","BOSS","M","?","?","?","?","R","?","?","T","?","E","R","?","M","R","BOSS","M","?","?","M","$","E","?","R","T","R","E","R","?","E","R","BOSS","BOSS","R","$","E","BOSS"],"build_version":"2019-04-04","purchased_purges":1,"victory":false,"max_hp_per_floor":[71,71,71,71,71,71,71,71,71,71,71,71,71,71,71,71,71,71,71,71,71,71,71,71,71,71,71,71,71,71,71,71,71,71,71,71,71,71,71,71,71,71,71,71,71,71,67,67,67,67,67,67,67,67,67,67],"card_choices":[{"not_picked":["Reprogram","Aggregate"],"picked":"Compile Driver","floor":1.0},{"not_picked":["Lockon","Conserve Battery","Stack"],"picked":"SKIP","floor":3.0},{"not_picked":["Seek","Beam Cell"],"picked":"Cold Snap","floor":6.0},{"not_picked":["Go for the Eyes","Redo"],"picked":"Core Surge","floor":8.0},{"not_picked":["Coolheaded","Stack"],"picked":"Sweeping Beam","floor":10.0},{"not_picked":["Beam Cell","FTL"],"picked":"Go for the Eyes","floor":11.0},{"not_picked":["Reinforced Body","Go for the Eyes"],"picked":"Loop","floor":14.0},{"not_picked":["Thunder Strike","Meteor Strike"],"picked":"Buffer","floor":16.0},{"not_picked":["Redo","Steam Power","Melter"],"picked":"SKIP","floor":18.0},{"not_picked":["Doom and Gloom+1","Cold Snap"],"picked":"BootSequence","floor":21.0},{"not_picked":["Streamline","Doom and Gloom","Sweeping Beam"],"picked":"SKIP","floor":25.0},{"not_picked":["Darkness","Rebound","Leap"],"picked":"SKIP","floor":28.0},{"not_picked":["Darkness","Rebound","Leap"],"picked":"SKIP","floor":28.0},{"not_picked":["Compile Driver","Stack"],"picked":"Chill","floor":30.0},{"not_picked":["Sweeping Beam","Undo"],"picked":"Beam Cell+1","floor":31.0},{"not_picked":["Multi-Cast","Fission"],"picked":"Seek","floor":33.0},{"not_picked":["Doom and Gloom","Steam"],"picked":"Hologram","floor":35.0},{"not_picked":["Fusion","Steam","Genetic Algorithm"],"picked":"SKIP","floor":37.0},{"not_picked":["Steam","Genetic Algorithm"],"picked":"Fusion","floor":37.0},{"not_picked":["Sweeping Beam","Hologram","Go for the Eyes"],"picked":"SKIP","floor":38.0},{"not_picked":["Ball Lightning","Beam Cell","BootSequence"],"picked":"SKIP","floor":40.0},{"not_picked":["Rainbow","Undo+1","Cold Snap"],"picked":"SKIP","floor":45.0},{"not_picked":["Redo","Turbo+1"],"picked":"White Noise","floor":48.0},{"not_picked":["Ball Lightning","Auto Shields"],"picked":"Defragment","floor":55.0}],"player_experience":2021173,"relics_obtained":[{"floor":6.0,"key":"Bottled Flame"},{"floor":8.0,"key":"Pantograph"},{"floor":9.0,"key":"Lantern"},{"floor":11.0,"key":"Bag of Marbles"},{"floor":12.0,"key":"Smiling Mask"},{"floor":14.0,"key":"Happy Flower"},{"floor":21.0,"key":"Incense Burner"},{"floor":21.0,"key":"The Courier"},{"floor":26.0,"key":"Oddly Smooth Stone"},{"floor":28.0,"key":"Mummified Hand"},{"floor":36.0,"key":"Ice Cream"},{"floor":40.0,"key":"Kunai"},{"floor":45.0,"key":"Gremlin Horn"},{"floor":48.0,"key":"Bronze Scales"},{"floor":55.0,"key":"Orichalcum"}],"event_choices":[{"damage_healed":0.0,"max_hp_gain":0.0,"max_hp_loss":0.0,"gold_gain":0.0,"event_name":"Living Wall","player_choice":"Grow","floor":2.0,"gold_loss":0.0,"damage_taken":0.0,"cards_upgraded":["Zap"]},{"damage_healed":0.0,"max_hp_gain":0.0,"max_hp_loss":0.0,"gold_gain":0.0,"event_name":"Shining Light","player_choice":"Entered Light","floor":4.0,"gold_loss":0.0,"damage_taken":21.0,"cards_upgraded":["Defend_B","Strike_B"]},{"damage_healed":0.0,"max_hp_gain":0.0,"max_hp_loss":0.0,"gold_gain":0.0,"event_name":"Match and Keep!","player_choice":"0 cards matched","floor":5.0,"gold_loss":0.0,"damage_taken":0.0,"cards_obtained":[]},{"damage_healed":0.0,"max_hp_gain":0.0,"max_hp_loss":0.0,"gold_gain":0.0,"event_name":"The Library","player_choice":"Read","floor":19.0,"gold_loss":0.0,"damage_taken":0.0,"cards_obtained":["Capacitor"]},{"damage_healed":0.0,"max_hp_gain":0.0,"max_hp_loss":0.0,"gold_gain":0.0,"cards_transformed":["Strike_B","Strike_B"],"event_name":"Drug Dealer","player_choice":"Became Test Subject","floor":20.0,"gold_loss":0.0,"damage_taken":0.0,"cards_obtained":["All For One","Barrage"]},{"damage_healed":0.0,"max_hp_gain":0.0,"max_hp_loss":0.0,"gold_gain":0.0,"event_name":"Colosseum","player_choice":"Fight","floor":21.0,"gold_loss":0.0,"damage_taken":0.0},{"damage_healed":0.0,"max_hp_gain":0.0,"max_hp_loss":0.0,"gold_gain":0.0,"event_name":"Colosseum","player_choice":"Fought Nobs","floor":21.0,"gold_loss":0.0,"damage_taken":0.0},{"damage_healed":0.0,"max_hp_gain":0.0,"max_hp_loss":0.0,"gold_gain":0.0,"event_name":"Addict","player_choice":"Obtained Relic","floor":22.0,"gold_loss":85.0,"damage_taken":0.0,"relics_obtained":["Boot"]},{"damage_healed":0.0,"max_hp_gain":0.0,"max_hp_loss":0.0,"gold_gain":0.0,"event_name":"Match and Keep!","player_choice":"0 cards matched","floor":24.0,"gold_loss":0.0,"damage_taken":0.0,"cards_obtained":[]},{"damage_healed":0.0,"max_hp_gain":0.0,"max_hp_loss":0.0,"gold_gain":50.0,"event_name":"Golden Shrine","player_choice":"Pray","floor":27.0,"gold_loss":0.0,"damage_taken":0.0},{"damage_healed":0.0,"max_hp_gain":0.0,"max_hp_loss":0.0,"gold_gain":0.0,"event_name":"Wheel of Change","player_choice":"Relic","floor":36.0,"gold_loss":0.0,"damage_taken":0.0},{"damage_healed":0.0,"max_hp_gain":0.0,"max_hp_loss":0.0,"gold_gain":0.0,"event_name":"Tomb of Lord Red Mask","player_choice":"Ignored","floor":41.0,"gold_loss":0.0,"damage_taken":0.0},{"damage_healed":0.0,"max_hp_gain":0.0,"max_hp_loss":4.0,"gold_gain":0.0,"event_name":"Winding Halls","player_choice":"Max HP","floor":47.0,"gold_loss":0.0,"damage_taken":0.0}],"is_beta":true,"boss_relics":[{"not_picked":["Orrery","Inserter"],"picked":"Runic Pyramid"},{"not_picked":["FrozenCore","Fusion Hammer"],"picked":"Pandora\u0027s Box"}],"items_purged_floors":[39],"is_endless":false,"potions_floor_spawned":[6,11,16,18,21,31,33,37,48],"killed_by":"The Heart","ascension_level":20}