{"gold_per_floor":[119,119,69,69,83,83,100,125,125,125,139,139,151,180,180,277,277,292,292,217,217,217,217,247,265,290,290,96,171,171,191,191,286,286,300,312,5,105,125,153,153,153,232,64,79,106,69,81,81,81],"floor_reached":51,"playtime":2488,"items_purged":["Strike_R","Strike_R"],"score":912,"play_id":"91206000-f2e2-4a39-9aaa-7d6eafa6784f","local_time":"20190702092419","is_ascension_mode":true,"campfire_choices":[{"data":"1","floor":10,"key":"LIFT"},{"data":"2","floor":12,"key":"LIFT"},{"data":"Demon Form","floor":15,"key":"SMITH"},{"data":"Armaments","floor":23,"key":"SMITH"},{"data":"3","floor":27,"key":"LIFT"},{"data":"Armaments","floor":30,"key":"SMITH"},{"floor":32,"key":"REST"},{"data":"Offering","floor":42,"key":"SMITH"},{"floor":49,"key":"REST"}],"neow_cost":"NONE","seed_source_timestamp":515176331748100,"circlet_count":0,"master_deck":["Strike_R","Strike_R","Defend_R","Defend_R","Defend_R","Defend_R+1","Bash","Demon Form+1","Sword Boomerang+1","Sword Boomerang","Feed","Disarm","Offering+1","Armaments+1","Armaments+1","RitualDagger","Disarm","Infernal Blade+1","Reaper","Pommel Strike+1","Offering+1","Warcry+1","Warcry+1","Spot Weakness+1","Inflame+1","Heavy Blade+1","Inflame+1","Rage+1"],"relics":["Burning Blood","Bag of Preparation","Frozen Egg 2","Girya","Ice Cream","Sozu","MutagenicStrength","FossilizedHelix","Centennial Puzzle","HandDrill","Lizard Tail","Sling","StoneCalendar","Omamori","Toxic Egg 2","Dodecahedron"],"potions_floor_usage":[24,50],"damage_taken":[{"damage":5,"enemies":"Small Slimes","floor":1,"turns":4},{"damage":4,"enemies":"Jaw Worm","floor":5,"turns":5},{"damage":0,"enemies":"Cultist","floor":7,"turns":2},{"damage":16,"enemies":"Gremlin Nob","floor":8,"turns":3},{"damage":10,"enemies":"Large Slime","floor":11,"turns":4},{"damage":0,"enemies":"Exordium Thugs","floor":13,"turns":2},{"damage":40,"enemies":"3 Sentries","floor":14,"turns":7},{"damage":27,"enemies":"The Guardian","floor":16,"turns":11},{"damage":14,"enemies":"3 Byrds","floor":18,"turns":5},{"damage":51,"enemies":"Gremlin Leader","floor":24,"turns":5},{"damage":0,"enemies":"Shell Parasite","floor":25,"turns":2},{"damage":6,"enemies":"Cultist and Chosen","floor":31,"turns":4},{"damage":48,"enemies":"Champ","floor":33,"turns":7},{"damage":6,"enemies":"Orb Walker","floor":35,"turns":3},{"damage":21,"enemies":"3 Shapes","floor":36,"turns":2},{"damage":5,"enemies":"Mind Bloom Boss Battle","floor":38,"turns":9},{"damage":22,"enemies":"Maw","floor":39,"turns":6},{"damage":44,"enemies":"Nemesis","floor":40,"turns":7},{"damage":47,"enemies":"4 Shapes","floor":45,"turns":7},{"damage":44,"enemies":"Giant Head","floor":46,"turns":6},{"damage":16,"enemies":"Jaw Worm Horde","floor":48,"turns":3},{"damage":59,"enemies":"Time Eater","floor":50,"turns":6}],"seed_played":"-267113851377002446","potions_obtained":[{"floor":5,"key":"FearPotion"},{"floor":14,"key":"BloodPotion"},{"floor":16,"key":"Poison Potion"}],"is_trial":false,"path_per_floor":["M","?","?","T","M","?","M","E","T","R","M","R","M","E","R","B",null,"M","?","$","?","?","R","E","M","T","R","$","?","R","M","R","B",null,"M","M","$","?","M","E","?","R","T","$","M","E","$","M","R","B",null],"character_chosen":"IRONCLAD","items_purchased":["HandDrill","Sling","Warcry+1","Spot Weakness+1","Inflame+1","Inflame+1"],"campfire_rested":2,"item_purchase_floors":[28,37,44,44,44,47],"current_hp_per_floor":[80,85,85,85,85,68,74,64,64,64,63,63,72,41,41,23,97,92,92,92,92,86,86,41,47,47,47,47,37,37,40,70,31,106,106,94,94,110,105,67,67,67,67,67,48,22,22,49,85,62],"gold":81,"neow_bonus":"ONE_RANDOM_RARE_CARD","is_prod":false,"is_daily":false,"chose_seed":false,"campfire_upgraded":4,"win_rate":0,"timestamp":1562027059,"path_taken":["M","?","?","?","M","?","?","E","T","R","M","R","M","E","R","BOSS","M","?","$","?","?","R","E","?","T","R","$","?","R","M","R","BOSS","M","?","$","?","M","E","?","R","T","$","M","E","$","M","R","BOSS"],"build_version":"2019-07-01","purchased_purges":2,"victory":true,"max_hp_per_floor":[80,85,85,85,85,85,85,85,85,85,88,88,91,94,94,97,97,100,100,100,100,100,100,100,100,100,100,100,100,100,103,103,106,106,106,109,109,113,117,117,117,117,117,117,117,117,117,120,120,120],"card_choices":[{"not_picked":["Clash","Havoc"],"picked":"Sword Boomerang","floor":1},{"not_picked":["True Grit","Burning Pact"],"picked":"Sword Boomerang","floor":5},{"not_picked":["Searing Blow","Evolve","Clash"],"picked":"SKIP","floor":7},{"not_picked":["Heavy Blade","Reckless Charge"],"picked":"Feed","floor":8},{"not_picked":["Perfected Strike","Clash","Blood for Blood"],"picked":"SKIP","floor":11},{"not_picked":["Cleave","Body Slam","Bloodletting"],"picked":"SKIP","floor":13},{"not_picked":["Thunderclap","Heavy Blade"],"picked":"Disarm","floor":14},{"not_picked":["Demon Form+1","Immolate"],"picked":"Offering","floor":16},{"not_picked":["Sword Boomerang+1","Flex"],"picked":"Armaments","floor":18},{"not_picked":["Shrug It Off","Sever Soul","Dropkick"],"picked":"SKIP","floor":24},{"not_picked":["True Grit","Entrench+1"],"picked":"Disarm","floor":25},{"not_picked":["Anger+1","Armaments"],"picked":"Infernal Blade+1","floor":31},{"not_picked":["Impervious","Offering"],"picked":"Reaper","floor":33},{"not_picked":["True Grit+1","Sword Boomerang","Thunderclap"],"picked":"SKIP","floor":35},{"not_picked":["Inflame+1","Armaments+1"],"picked":"Pommel Strike+1","floor":36},{"not_picked":["Sword Boomerang","True Grit"],"picked":"Offering","floor":38},{"not_picked":["Thunderclap","Wild Strike+1"],"picked":"Warcry+1","floor":39},{"not_picked":["Pommel Strike","Cleave+1","Fire Breathing+1"],"picked":"SKIP","floor":40},{"not_picked":["Blood for Blood+1","Brutality+1"],"picked":"Heavy Blade+1","floor":45},{"not_picked":["Intimidate+1","Iron Wave+1","Body Slam"],"picked":"SKIP","floor":46},{"not_picked":["Flex+1","Armaments+1"],"picked":"Rage+1","floor":48}],"player_experience":101274,"relics_obtained":[{"floor":4,"key":"Bag of Preparation"},{"floor":8,"key":"Frozen Egg 2"},{"floor":9,"key":"Girya"},{"floor":14,"key":"Ice Cream"},{"floor":24,"key":"FossilizedHelix"},{"floor":26,"key":"Centennial Puzzle"},{"floor":38,"key":"StoneCalendar"},{"floor":40,"key":"Omamori"},{"floor":43,"key":"Toxic Egg 2"},{"floor":46,"key":"Dodecahedron"}],"event_choices":[{"damage_healed":0,"gold_gain":0,"player_choice":"Donut","damage_taken":0,"max_hp_gain":5,"max_hp_loss":0,"event_name":"Big Fish","floor":2,"gold_loss":0},{"cards_removed":["Strike_R"],"damage_healed":0,"gold_gain":0,"player_choice":"Card Removal","damage_taken":0,"max_hp_gain":0,"max_hp_loss":0,"event_name":"The Cleric","floor":3,"gold_loss":50},{"damage_healed":0,"gold_gain":0,"player_choice":"Entered Light","damage_taken":17,"max_hp_gain":0,"max_hp_loss":0,"event_name":"Shining Light","floor":6,"gold_loss":0,"cards_upgraded":["Sword Boomerang","Defend_R"]},{"damage_healed":0,"gold_gain":0,"player_choice":"Read","damage_taken":0,"max_hp_gain":0,"max_hp_loss":0,"event_name":"The Library","floor":19,"gold_loss":0,"cards_obtained":["Armaments"]},{"damage_healed":0,"gold_gain":0,"player_choice":"Inject Mutagens","damage_taken":0,"relics_obtained":["MutagenicStrength"],"max_hp_gain":0,"max_hp_loss":0,"event_name":"Drug Dealer","floor":21,"gold_loss":0},{"damage_healed":0,"gold_gain":0,"player_choice":"Joined the Cult","damage_taken":6,"max_hp_gain":0,"max_hp_loss":0,"event_name":"Nest","floor":22,"gold_loss":0,"cards_obtained":["RitualDagger"]},{"damage_healed":0,"gold_gain":75,"player_choice":"Touch","damage_taken":10,"max_hp_gain":0,"max_hp_loss":0,"event_name":"FaceTrader","floor":29,"gold_loss":0},{"damage_healed":0,"gold_gain":0,"player_choice":"Fight","damage_taken":0,"max_hp_gain":0,"max_hp_loss":0,"event_name":"MindBloom","floor":38,"gold_loss":0},{"damage_healed":0,"gold_gain":0,"player_choice":"Upgraded","damage_taken":0,"max_hp_gain":0,"max_hp_loss":0,"event_name":"Upgrade Shrine","floor":41,"gold_loss":0,"cards_upgraded":["Offering"]}],"is_beta":false,"boss_relics":[{"not_picked":["Pandora\u0027s Box","Orrery"],"picked":"Sozu"},{"not_picked":["White Beast Statue","Busted Crown"],"picked":"Lizard Tail"}],"items_purged_floors":[20,37],"is_endless":false,"potions_floor_spawned":[5,14,16,31,35,40,45,46,48],"ascension_level":3}