{"gold_per_floor":[114,27,27,27,47,47,73,123,146,146,172,186,205,223,223,299,299,249,8,18,18,35,35],"floor_reached":23,"playtime":1010,"items_purged":["Strike_R"],"score":452,"play_id":"44ee3cfa-8aa0-47bc-93e9-02672490fda5","local_time":"20180904123823","is_ascension_mode":true,"campfire_choices":[{"data":"Bash","floor":6,"key":"SMITH"},{"data":"Inflame","floor":10,"key":"SMITH"},{"data":"Disarm","floor":15,"key":"SMITH"}],"neow_cost":"NONE","seed_source_timestamp":1520006920229154,"circlet_count":0,"master_deck":["Strike_R","Strike_R+1","Strike_R+1","Defend_R","Defend_R","Defend_R","Defend_R","Bash+1","AscendersBane","Flame Barrier","Spot Weakness","Inflame+1","Headbutt","Shrug It Off","Disarm+1","Shockwave","Reaper","Burning Pact+1","Pommel Strike"],"relics":["Burning Blood","NeowsBlessing","Blue Candle","Lantern","Centennial Puzzle","Cursed Key","Potion Belt"],"potions_floor_usage":[14,16,23,23,23,23],"damage_taken":[{"damage":0,"enemies":"Jaw Worm","floor":1,"turns":1},{"damage":0,"enemies":"Small Slimes","floor":5,"turns":2},{"damage":0,"enemies":"3 Sentries","floor":7,"turns":2},{"damage":45,"enemies":"Gremlin Nob","floor":11,"turns":5},{"damage":3,"enemies":"2 Louse","floor":12,"turns":2},{"damage":0,"enemies":"Large Slime","floor":13,"turns":3},{"damage":1,"enemies":"Lots of Slimes","floor":14,"turns":2},{"damage":28,"enemies":"The Guardian","floor":16,"turns":16},{"damage":11,"enemies":"2 Thieves","floor":18,"turns":5},{"damage":9,"enemies":"Shell Parasite","floor":20,"turns":7},{"damage":57,"enemies":"Sentry and Sphere","floor":22,"turns":13},{"damage":18,"enemies":"Slavers","floor":23,"turns":1}],"seed_played":"-5528115968011851788","potions_obtained":[{"floor":1,"key":"Regen Potion"},{"floor":7,"key":"Energy Potion"},{"floor":12,"key":"AttackPotion"},{"floor":16,"key":"Weak Potion"},{"floor":18,"key":"Strength Potion"}],"is_trial":false,"path_per_floor":["M","$","?","?","M","R","E","?","T","R","E","M","M","M","R","B",null,"M","$","M","?","M"],"character_chosen":"IRONCLAD","items_purchased":["Spot Weakness","Potion Belt"],"campfire_rested":0,"item_purchase_floors":[2,19],"current_hp_per_floor":[74,74,51,44,50,50,56,56,56,56,17,20,26,31,31,24,62,69,69,75,54,10,0],"gold":35,"neow_bonus":"THREE_ENEMY_KILL","is_prod":false,"is_daily":false,"chose_seed":false,"campfire_upgraded":3,"win_rate":0,"timestamp":1536061103,"path_taken":["M","$","?","?","M","R","E","?","T","R","E","M","M","M","R","BOSS","M","$","M","?","M","E"],"build_version":"2018-09-03","purchased_purges":1,"victory":false,"max_hp_per_floor":[75,75,75,75,75,75,75,75,75,75,75,75,75,75,75,75,75,75,75,75,75,75,75],"card_choices":[{"not_picked":["Anger","Entrench"],"picked":"Flame Barrier","floor":1},{"not_picked":["Clash","Ghostly Armor"],"picked":"Inflame","floor":5},{"not_picked":["Blood for Blood","Inflame"],"picked":"Headbutt","floor":7},{"not_picked":["Flex","Rupture"],"picked":"Shrug It Off","floor":11},{"not_picked":["Blood for Blood","Armaments"],"picked":"Disarm","floor":12},{"not_picked":["Flex","Double Tap","Clash"],"picked":"SKIP","floor":13},{"not_picked":["Ghostly Armor","Cleave"],"picked":"Shockwave","floor":14},{"not_picked":["Brutality","Fiend Fire"],"picked":"Reaper","floor":16},{"not_picked":["Clash","Evolve","Sever Soul"],"picked":"SKIP","floor":18},{"not_picked":["Havoc","Dropkick"],"picked":"Burning Pact+1","floor":20},{"not_picked":["Shockwave+1","Reckless Charge"],"picked":"Pommel Strike","floor":22}],"player_experience":1248181,"relics_obtained":[{"floor":7,"key":"Blue Candle"},{"floor":9,"key":"Lantern"},{"floor":11,"key":"Centennial Puzzle"}],"event_choices":[{"event_name":"Shining Light","player_choice":"Entered Light","floor":3,"damage_taken":0},{"event_name":"Golden Wing","player_choice":"Card Removal","floor":4,"damage_taken":0},{"event_name":"Golden Shrine","player_choice":"Pray","floor":8,"damage_taken":0},{"event_name":"Knowing Skull","player_choice":"POTION POTION ","floor":21,"damage_taken":0}],"is_beta":true,"boss_relics":[{"not_picked":["Sozu","Runic Cube"],"picked":"Cursed Key"}],"items_purged_floors":[19],"is_endless":false,"potions_floor_spawned":[1,7,12,16,18],"killed_by":"Slavers","ascension_level":20}