{"gold_per_floor":[115,129,129,43,58,87,87,107,107,132,150,180,199,124,124,199,199,212,232,10,10,23,49,49,77,77,77,111,111,111],"floor_reached":30,"playtime":1340,"items_purged":[],"score":616,"play_id":"5536319a-00ca-4b54-81c5-d03a89ab9b89","local_time":"20190716193713","is_ascension_mode":true,"campfire_choices":[{"data":"Uppercut","floor":7.0,"key":"SMITH"},{"data":"Bash","floor":15.0,"key":"SMITH"},{"floor":24,"key":"REST"},{"floor":27,"key":"REST"}],"neow_cost":"NONE","seed_source_timestamp":0,"circlet_count":0,"master_deck":["AscendersBane","Strike_R","Strike_R","Strike_R","Strike_R","Defend_R","Defend_R","Defend_R","Defend_R","Bash+1","Cleave","Uppercut+1","Offering","Combust","Pummel","Fiend Fire","Battle Trance","Shrug It Off","Impervious","Shrug It Off+1","True Grit","Disarm","Intimidate+1","Exhume"],"special_seed":0,"relics":["Burning Blood","Regal Pillow","Darkstone Periapt","Self Forming Clay","Gremlin Horn","Letter Opener","Lizard Tail","Bag of Preparation","Matryoshka","Orichalcum","Kunai","Mummified Hand","Boot","Enchiridion"],"potions_floor_usage":[22,23,23,25],"damage_taken":[{"damage":3.0,"enemies":"2 Louse","floor":1.0,"turns":3.0},{"damage":1.0,"enemies":"Cultist","floor":2.0,"turns":3.0},{"damage":13.0,"enemies":"Jaw Worm","floor":5.0,"turns":2.0},{"damage":20.0,"enemies":"3 Sentries","floor":6.0,"turns":6.0},{"damage":18.0,"enemies":"3 Louse","floor":8.0,"turns":4.0},{"damage":14.0,"enemies":"Gremlin Nob","floor":10.0,"turns":3.0},{"damage":10.0,"enemies":"Blue Slaver","floor":11.0,"turns":3.0},{"damage":8.0,"enemies":"3 Sentries","floor":12.0,"turns":4.0},{"damage":6.0,"enemies":"Large Slime","floor":13.0,"turns":3.0},{"damage":18.0,"enemies":"The Guardian","floor":16.0,"turns":11.0},{"damage":9.0,"enemies":"3 Byrds","floor":18.0,"turns":4.0},{"damage":22.0,"enemies":"Spheric Guardian","floor":19.0,"turns":5.0},{"damage":43,"enemies":"Chosen and Byrds","floor":22,"turns":7},{"damage":24,"enemies":"Book of Stabbing","floor":23,"turns":7},{"damage":110,"enemies":"Gremlin Leader","floor":25,"turns":11},{"damage":28,"enemies":"Book of Stabbing","floor":28,"turns":7},{"damage":10,"enemies":"Centurion and Healer","floor":30,"turns":4}],"seed_played":"-3644546791169156606","potions_obtained":[{"floor":5.0,"key":"SteroidPotion"},{"floor":8.0,"key":"SkillPotion"},{"floor":10.0,"key":"FearPotion"},{"floor":11.0,"key":"Fire Potion"},{"floor":12.0,"key":"Swift Potion"},{"floor":16.0,"key":"Swift Potion"},{"floor":19.0,"key":"BloodPotion"},{"floor":22,"key":"Regen Potion"},{"floor":23,"key":"Regen Potion"},{"floor":25,"key":"LiquidBronze"}],"is_trial":false,"path_per_floor":["M","M","?","$","M","E","R","M","T","E","M","E","M","?","R","B",null,"M","M","$","?","M","E","R","E","T","R","E","?","M"],"character_chosen":"IRONCLAD","items_purchased":["Combust","Bag of Preparation","True Grit"],"campfire_rested":2,"item_purchase_floors":[4,20,20],"current_hp_per_floor":[71,75,75,75,68,54,54,42,42,34,30,28,28,28,28,16,60,57,41,41,41,22,19,56,15,15,52,30,9,0],"gold":111,"neow_bonus":"RANDOM_COMMON_RELIC","is_prod":false,"is_daily":false,"chose_seed":false,"campfire_upgraded":2,"win_rate":0,"timestamp":1563302233,"path_taken":["M","M","?","?","M","E","R","M","T","E","?","E","M","?","R","BOSS","M","M","$","?","M","E","R","E","T","R","E","?","M"],"build_version":"2019-07-10","purchased_purges":0,"victory":false,"max_hp_per_floor":[75,75,75,75,75,75,75,75,75,75,75,75,75,75,75,75,75,75,75,75,75,75,75,75,75,75,75,75,75,75],"card_choices":[{"not_picked":["Wild Strike","Shrug It Off"],"picked":"Cleave","floor":1.0},{"not_picked":["Sentinel","True Grit"],"picked":"Uppercut","floor":2.0},{"not_picked":["Flex","Perfected Strike"],"picked":"Pummel","floor":5.0},{"not_picked":["Dual Wield","Twin Strike","Cleave"],"picked":"SKIP","floor":6.0},{"not_picked":["Inflame","Havoc"],"picked":"Fiend Fire","floor":8.0},{"not_picked":["Perfected Strike","Headbutt"],"picked":"Battle Trance","floor":10.0},{"not_picked":["Thunderclap","Heavy Blade"],"picked":"Shrug It Off","floor":11.0},{"not_picked":["Rampage","Dual Wield","Brutality"],"picked":"SKIP","floor":12.0},{"not_picked":["Iron Wave","Seeing Red","Wild Strike"],"picked":"SKIP","floor":13.0},{"not_picked":["Limit Break","Immolate"],"picked":"Impervious","floor":16.0},{"not_picked":["Pommel Strike","Cleave+1","Flex+1"],"picked":"SKIP","floor":18.0},{"not_picked":["Pommel Strike","Armaments"],"picked":"Shrug It Off+1","floor":19.0},{"not_picked":["Metallicize","Thunderclap"],"picked":"Disarm","floor":22},{"not_picked":["Heavy Blade","Havoc"],"picked":"Intimidate+1","floor":23},{"not_picked":["Whirlwind","Burning Pact"],"picked":"Exhume","floor":25},{"not_picked":["Headbutt","Warcry","Carnage+1"],"picked":"SKIP","floor":28}],"player_experience":2201999,"relics_obtained":[{"floor":6.0,"key":"Darkstone Periapt"},{"floor":9.0,"key":"Self Forming Clay"},{"floor":10.0,"key":"Gremlin Horn"},{"floor":12.0,"key":"Letter Opener"},{"floor":23,"key":"Matryoshka"},{"floor":25,"key":"Orichalcum"},{"floor":26,"key":"Kunai"},{"floor":26,"key":"Mummified Hand"},{"floor":28,"key":"Boot"},{"floor":29,"key":"Enchiridion"}],"event_choices":[{"damage_healed":0.0,"max_hp_gain":0.0,"max_hp_loss":0.0,"gold_gain":0.0,"event_name":"Match and Keep!","player_choice":"1 cards matched","floor":3.0,"gold_loss":0.0,"damage_taken":0.0,"cards_obtained":["Offering"]},{"cards_removed":["Strike_R"],"damage_healed":0.0,"max_hp_gain":0.0,"max_hp_loss":0.0,"gold_gain":0.0,"event_name":"The Cleric","player_choice":"Card Removal","floor":14.0,"gold_loss":75.0,"damage_taken":0.0},{"damage_healed":0.0,"max_hp_gain":0.0,"max_hp_loss":0.0,"gold_gain":0.0,"event_name":"Vampires","player_choice":"Ignored","floor":21.0,"gold_loss":0.0,"damage_taken":0.0},{"damage_healed":0,"gold_gain":0,"player_choice":"Obtained Book","damage_taken":21,"max_hp_gain":0,"max_hp_loss":0,"event_name":"Cursed Tome","floor":29,"gold_loss":0}],"is_beta":true,"boss_relics":[{"not_picked":["Busted Crown","Fusion Hammer"],"picked":"Lizard Tail"}],"items_purged_floors":[],"is_endless":false,"potions_floor_spawned":[5,8,10,11,12,16,19,22,23,25],"killed_by":"Centurion and Healer","ascension_level":20}