{"gold_per_floor":[114,190,205,221,2,2,19,50,50,50,84,84,84,115,115,192,192,205,45,45,71,89,89,124,124,151,151,151,167,197,11,11,85,85,100,1099,590,605,625,625,650,650,674,736,589,606,146,0,0,0,0],"floor_reached":52,"playtime":2320,"items_purged":["Strike_B","Strike_B","Double Energy"],"score":2289,"play_id":"5545ff1a-d8be-48b4-b5a6-0ed2b6f07b66","local_time":"20181012170208","is_ascension_mode":true,"campfire_choices":[{"data":"Zap","floor":6.0,"key":"SMITH"},{"data":"Buffer","floor":10.0,"key":"SMITH"},{"data":"Go for the Eyes","floor":12.0,"key":"SMITH"},{"data":"Streamline","floor":15.0,"key":"SMITH"},{"data":"Defragment","floor":23,"key":"SMITH"},{"data":"Buffer","floor":25,"key":"SMITH"},{"floor":27,"key":"REST"},{"data":"Defragment","floor":32,"key":"SMITH"},{"data":"Coolheaded","floor":40,"key":"SMITH"},{"data":"Sunder","floor":42,"key":"SMITH"},{"data":"Capacitor","floor":49,"key":"SMITH"}],"neow_cost":"NONE","seed_source_timestamp":0,"circlet_count":0,"master_deck":["Defend_B","Defend_B","Defend_B","Defend_B","Zap+1","Dualcast","AscendersBane","Streamline+1","Sweeping Beam","Go for the Eyes+1","Reinforced Body","Sunder+1","Buffer+1","Coolheaded+1","Cold Snap","Buffer+1","Ball Lightning","Defragment+1","Hologram","Stack+1","Sunder+1","Self Repair","Doom and Gloom+1","Defragment+1","Reinforced Body+1","All For One","Coolheaded","Undo","Capacitor+1","Coolheaded+1"],"special_seed":0,"relics":["Cracked Core","Orichalcum","Omamori","DataDisk","Symbiotic Virus","Mummified Hand","Velvet Choker","Regal Pillow","Bronze Scales","Dream Catcher","Darkstone Periapt","Snecko Eye","Centennial Puzzle","Happy Flower","MawBank","Peace Pipe","Oddly Smooth Stone","TheAbacus","Red Mask"],"potions_floor_usage":[22,24,45,50],"damage_taken":[{"damage":0.0,"enemies":"2 Louse","floor":1.0,"turns":1.0},{"damage":0.0,"enemies":"Cultist","floor":3.0,"turns":2.0},{"damage":5.0,"enemies":"Small Slimes","floor":4.0,"turns":3.0},{"damage":0.0,"enemies":"3 Louse","floor":7.0,"turns":2.0},{"damage":23.0,"enemies":"Lagavulin","floor":8.0,"turns":6.0},{"damage":6.0,"enemies":"3 Sentries","floor":11.0,"turns":5.0},{"damage":2.0,"enemies":"Gremlin Nob","floor":14.0,"turns":3.0},{"damage":0.0,"enemies":"Slime Boss","floor":16.0,"turns":6.0},{"damage":12,"enemies":"Shell Parasite","floor":18,"turns":3},{"damage":4,"enemies":"3 Byrds","floor":22,"turns":3},{"damage":28,"enemies":"Slavers","floor":24,"turns":6},{"damage":8,"enemies":"Shelled Parasite and Fungi","floor":29,"turns":3},{"damage":21,"enemies":"Book of Stabbing","floor":30,"turns":4},{"damage":0,"enemies":"Automaton","floor":33,"turns":9},{"damage":10,"enemies":"Orb Walker","floor":35,"turns":2},{"damage":0,"enemies":"3 Shapes","floor":38,"turns":1},{"damage":0,"enemies":"Spire Growth","floor":39,"turns":4},{"damage":4,"enemies":"Nemesis","floor":41,"turns":7},{"damage":0,"enemies":"Mysterious Sphere","floor":44,"turns":3},{"damage":0,"enemies":"3 Darklings","floor":46,"turns":3},{"damage":0,"enemies":"Time Eater","floor":50,"turns":10},{"damage":0,"enemies":"Awakened One","floor":51,"turns":13}],"seed_played":"3298712729823887411","potions_obtained":[{"floor":4.0,"key":"FearPotion"},{"floor":8.0,"key":"Explosive Potion"},{"floor":11.0,"key":"SteroidPotion"},{"floor":22,"key":"Poison Potion"},{"floor":29,"key":"SteroidPotion"},{"floor":33,"key":"PowerPotion"},{"floor":35,"key":"PowerPotion"}],"is_trial":false,"path_per_floor":["M","?","M","M","$","R","M","E","T","R","E","R","?","E","R","B",null,"M","$","?","T","M","R","E","R","T","R","?","M","E","$","R","B",null,"M","?","$","M","M","R","E","R","T","?","$","M","$","?","R","B","B"],"character_chosen":"DEFECT","items_purchased":["Orichalcum","Sunder","Defragment","Defragment","All For One","Coolheaded","Centennial Puzzle","Capacitor","Fruit Juice","Oddly Smooth Stone","TheAbacus","Swift Potion"],"campfire_rested":1,"item_purchase_floors":[5,5,19,31,37,37,37,45,45,47,47,47],"current_hp_per_floor":[64,64,64,59,59,59,59,36,36,36,30,30,30,28,28,28,60,48,48,62,62,58,58,30,30,30,66,66,58,44,44,44,51,66,63,63,63,63,70,70,71,71,71,71,76,76,76,76,76,76,76],"gold":0,"neow_bonus":"THREE_CARDS","is_prod":false,"is_daily":false,"chose_seed":false,"campfire_upgraded":10,"win_rate":0,"timestamp":1539360128,"path_taken":["M","?","M","M","$","R","M","E","T","R","E","R","?","E","R","BOSS","M","$","?","?","M","R","E","R","T","R","?","M","E","$","R","BOSS","M","?","$","M","M","R","E","R","T","?","$","?","$","?","R","BOSS","BOSS"],"build_version":"2018-10-11","purchased_purges":3,"victory":true,"max_hp_per_floor":[71,71,71,71,71,71,71,71,71,71,71,71,71,71,71,71,71,71,71,71,71,71,71,71,71,71,71,71,71,71,71,71,71,71,71,71,71,71,71,71,71,71,71,71,76,76,76,76,76,76,76],"card_choices":[{"not_picked":["Lockon","Gash"],"picked":"Streamline","floor":0.0},{"not_picked":["Hologram","Skim"],"picked":"Sweeping Beam","floor":1.0},{"not_picked":["Streamline","Beam Cell"],"picked":"Go for the Eyes","floor":3.0},{"not_picked":["Genetic Algorithm","Barrage"],"picked":"Reinforced Body","floor":4.0},{"not_picked":["Sunder","Go for the Eyes"],"picked":"Buffer","floor":7.0},{"not_picked":["Loop","Thunder Strike"],"picked":"Coolheaded","floor":8.0},{"not_picked":["Fusion","Consume","Go for the Eyes"],"picked":"SKIP","floor":11.0},{"not_picked":["Force Field","Conserve Battery"],"picked":"Cold Snap","floor":14.0},{"not_picked":["Thunder Strike","Meteor Strike"],"picked":"Buffer","floor":16.0},{"not_picked":["Lockon+1","Doom and Gloom"],"picked":"Ball Lightning","floor":18},{"not_picked":["Sweeping Beam","Cold Snap"],"picked":"Hologram","floor":22},{"not_picked":["Steam","Reprogram","Hologram"],"picked":"SKIP","floor":24},{"not_picked":["Gash","Aggregate"],"picked":"Stack+1","floor":27},{"not_picked":["Rebound","Sunder"],"picked":"Self Repair","floor":29},{"not_picked":["Go for the Eyes","Seek"],"picked":"Doom and Gloom+1","floor":30},{"not_picked":["Barrage+1","Beam Cell+1"],"picked":"Reinforced Body+1","floor":35},{"not_picked":["Leap","Reinforced Body+1","Heatsinks"],"picked":"SKIP","floor":38},{"not_picked":["Redo+1","Go for the Eyes+1"],"picked":"Undo","floor":39},{"not_picked":["Skim","Sunder","White Noise"],"picked":"SKIP","floor":41},{"not_picked":["Leap","FTL"],"picked":"Coolheaded+1","floor":46}],"player_experience":1449778,"relics_obtained":[{"floor":8.0,"key":"Omamori"},{"floor":9.0,"key":"DataDisk"},{"floor":11.0,"key":"Symbiotic Virus"},{"floor":14.0,"key":"Mummified Hand"},{"floor":21,"key":"Regal Pillow"},{"floor":24,"key":"Bronze Scales"},{"floor":26,"key":"Dream Catcher"},{"floor":30,"key":"Darkstone Periapt"},{"floor":41,"key":"Happy Flower"},{"floor":43,"key":"MawBank"},{"floor":44,"key":"Peace Pipe"}],"event_choices":[{"event_name":"Golden Wing","player_choice":"Gained Gold","floor":2.0,"damage_taken":0.0},{"event_name":"Upgrade Shrine","player_choice":"Upgraded","floor":13.0,"damage_taken":0.0},{"event_name":"The Library","player_choice":"Heal","floor":20,"damage_taken":0},{"event_name":"Drug Dealer","player_choice":"Became Test Subject","floor":28,"damage_taken":0},{"event_name":"MindBloom","player_choice":"Gold","floor":36,"damage_taken":0},{"event_name":"Mysterious Sphere","player_choice":"Fight","floor":44,"damage_taken":0},{"event_name":"Tomb of Lord Red Mask","player_choice":"Paid","floor":48,"damage_taken":0}],"is_beta":true,"boss_relics":[{"not_picked":["Lizard Tail","Eternal Feather"],"picked":"Velvet Choker"},{"not_picked":["Busted Crown","FrozenCore"],"picked":"Snecko Eye"}],"items_purged_floors":[19,31,37],"is_endless":false,"potions_floor_spawned":[4,8,11,14,18,22,29,33,35,38],"ascension_level":20}