{"gold_per_floor":[111,111,111,136,155,189,29,29,52,12,12,47,72,146,146,245,245,263,309,283,302,325,325,361,361,410,244,277,202,202,218,218,316,316,341,362,362,252,276,309,22,66,66,66,66,101,101,117,117,117,117,117,117,42,82,82],"floor_reached":57,"playtime":3074,"items_purged":["Perfected Strike+1"],"score":2867,"play_id":"b30d1088-ff5f-40b6-9e1d-f0941b3cbbec","local_time":"20190628170508","is_ascension_mode":true,"campfire_choices":[{"data":"Bludgeon","floor":8.0,"key":"SMITH"},{"data":"Bash","floor":15.0,"key":"SMITH"},{"data":"Armaments","floor":23.0,"key":"SMITH"},{"data":"True Grit","floor":25.0,"key":"SMITH"},{"floor":30.0,"key":"REST"},{"floor":32.0,"key":"REST"},{"floor":44.0,"key":"RECALL"},{"data":"Feel No Pain","floor":47.0,"key":"SMITH"},{"data":"Feel No Pain","floor":49.0,"key":"SMITH"},{"floor":53.0,"key":"REST"}],"neow_cost":"NONE","seed_source_timestamp":0,"circlet_count":0,"master_deck":["AscendersBane","Defend_R+1","Defend_R","Defend_R","Defend_R","Bash+1","Armaments+1","Clothesline","Bludgeon+1","Feel No Pain+1","Twin Strike","Feel No Pain+1","Reaper","Spot Weakness+1","Intimidate+1","True Grit+1","True Grit+1","Impervious","Feel No Pain+1","Flame Barrier+1","Headbutt+1","Reaper","Thinking Ahead","Dark Shackles+1","Offering","Havoc+1","Barricade","Inflame","Inflame","Entrench+1"],"special_seed":0,"relics":["Burning Blood","NeowsBlessing","Golden Idol","Potion Belt","Bronze Scales","Dream Catcher","Red Skull","Tiny Chest","Astrolabe","Vajra","The Courier","Pen Nib","Charon\u0027s Ashes","Snecko Eye","MawBank","Medical Kit","War Paint","Blue Candle","Meat on the Bone","Orichalcum","Gremlin Horn"],"potions_floor_usage":[56,56,56,56],"damage_taken":[{"damage":0.0,"enemies":"Cultist","floor":1.0,"turns":1.0},{"damage":0.0,"enemies":"Jaw Worm","floor":4.0,"turns":1.0},{"damage":0.0,"enemies":"2 Louse","floor":5.0,"turns":1.0},{"damage":15.0,"enemies":"3 Sentries","floor":6.0,"turns":6.0},{"damage":25.0,"enemies":"Lagavulin","floor":12.0,"turns":5.0},{"damage":9.0,"enemies":"Red Slaver","floor":13.0,"turns":2.0},{"damage":14.0,"enemies":"3 Sentries","floor":14.0,"turns":9.0},{"damage":40.0,"enemies":"The Guardian","floor":16.0,"turns":11.0},{"damage":27.0,"enemies":"Spheric Guardian","floor":18.0,"turns":5.0},{"damage":31.0,"enemies":"2 Thieves","floor":20.0,"turns":4.0},{"damage":6.0,"enemies":"Chosen and Byrds","floor":21.0,"turns":5.0},{"damage":6.0,"enemies":"Snecko","floor":22.0,"turns":4.0},{"damage":47.0,"enemies":"Gremlin Leader","floor":24.0,"turns":8.0},{"damage":44.0,"enemies":"Book of Stabbing","floor":28.0,"turns":5.0},{"damage":23.0,"enemies":"3 Cultists","floor":31.0,"turns":5.0},{"damage":86.0,"enemies":"Collector","floor":33.0,"turns":11.0},{"damage":28.0,"enemies":"3 Darklings","floor":35.0,"turns":5.0},{"damage":0.0,"enemies":"3 Shapes","floor":36.0,"turns":4.0},{"damage":62.0,"enemies":"Transient","floor":39.0,"turns":6.0},{"damage":22.0,"enemies":"Giant Head","floor":40.0,"turns":7.0},{"damage":6.0,"enemies":"Nemesis","floor":42.0,"turns":7.0},{"damage":6.0,"enemies":"Reptomancer","floor":46.0,"turns":6.0},{"damage":36.0,"enemies":"Jaw Worm Horde","floor":48.0,"turns":4.0},{"damage":28.0,"enemies":"Donu and Deca","floor":50.0,"turns":11.0},{"damage":109.0,"enemies":"Awakened One","floor":51.0,"turns":16.0},{"damage":115.0,"enemies":"Shield and Spear","floor":55.0,"turns":9.0},{"damage":90,"enemies":"The Heart","floor":56,"turns":11}],"seed_played":"-8576256602097230347","potions_obtained":[{"floor":1.0,"key":"SkillPotion"},{"floor":4.0,"key":"AttackPotion"},{"floor":11.0,"key":"EssenceOfSteel"},{"floor":11.0,"key":"Fruit Juice"},{"floor":12.0,"key":"LiquidBronze"},{"floor":21.0,"key":"Strength Potion"},{"floor":22.0,"key":"Explosive Potion"},{"floor":28.0,"key":"BloodPotion"},{"floor":33.0,"key":"AttackPotion"},{"floor":35.0,"key":"Block Potion"},{"floor":42.0,"key":"Ancient Potion"},{"floor":48.0,"key":"Dexterity Potion"},{"floor":55.0,"key":"SkillPotion"}],"is_trial":false,"path_per_floor":["M","?","?","M","M","E","$","R","T","$","?","E","M","E","R","B",null,"M","T","M","M","M","R","E","R","T","$","E","?","R","M","R","B",null,"M","M","?","?","M","E","$","E","T","R","T","E","R","M","R","B","B",null,"R","$","E","B",null],"character_chosen":"IRONCLAD","items_purchased":["Bronze Scales","Feel No Pain","Feel No Pain","Fire Potion","Medical Kit","War Paint","PowerPotion","Inflame"],"campfire_rested":3,"item_purchase_floors":[7,10,27,27,41,41,54,54],"current_hp_per_floor":[74,48,75,75,75,66,66,66,66,66,66,47,44,36,36,7,62,41,41,40,59,64,64,50,50,50,50,30,30,54,52,76,34,69,77,80,70,70,32,48,48,67,67,67,67,80,80,68,68,80,80,80,80,80,55,22],"gold":82,"neow_bonus":"THREE_ENEMY_KILL","is_prod":false,"is_daily":false,"chose_seed":false,"campfire_upgraded":6,"win_rate":0,"timestamp":1561737908,"path_taken":["M","?","?","?","M","E","$","R","T","?","?","E","M","E","R","BOSS","M","?","M","?","M","R","E","R","T","$","E","?","R","M","R","BOSS","M","M","?","?","?","E","?","E","T","R","?","E","R","M","R","BOSS","BOSS","R","$","E","BOSS"],"build_version":"2019-06-24","purchased_purges":1,"victory":true,"max_hp_per_floor":[75,75,75,75,75,75,75,75,75,75,75,75,75,75,75,80,80,80,80,80,80,80,80,80,80,80,80,80,80,80,80,80,80,80,80,80,80,80,80,80,80,80,80,80,80,80,80,80,80,80,80,80,80,80,80,80],"card_choices":[{"not_picked":["Searing Blow","Corruption"],"picked":"Armaments","floor":1.0},{"not_picked":["Shrug It Off","Body Slam"],"picked":"Clothesline","floor":4.0},{"not_picked":["Pommel Strike","Iron Wave"],"picked":"Bludgeon","floor":5.0},{"not_picked":["Entrench","Perfected Strike","Dark Embrace"],"picked":"SKIP","floor":6.0},{"not_picked":["Perfected Strike","Blood for Blood","Armaments"],"picked":"SKIP","floor":12.0},{"not_picked":["Havoc","Intimidate"],"picked":"Twin Strike","floor":13.0},{"not_picked":["Shrug It Off","Thunderclap"],"picked":"Feel No Pain","floor":14.0},{"not_picked":["Exhume","Impervious"],"picked":"Reaper","floor":16.0},{"not_picked":["Anger","Warcry","Dual Wield"],"picked":"SKIP","floor":18.0},{"not_picked":["Body Slam","Havoc"],"picked":"True Grit","floor":20.0},{"not_picked":["Anger","Perfected Strike"],"picked":"True Grit+1","floor":21.0},{"not_picked":["Spot Weakness+1","Heavy Blade","Rupture"],"picked":"SKIP","floor":22.0},{"not_picked":["Sever Soul","Headbutt+1"],"picked":"Impervious","floor":24.0},{"not_picked":["Dual Wield","Clothesline"],"picked":"Flame Barrier+1","floor":28.0},{"not_picked":["Armaments","Burning Pact"],"picked":"Headbutt+1","floor":31.0},{"not_picked":["Bludgeon","Exhume"],"picked":"Reaper","floor":33.0},{"not_picked":["Flex","Anger+1","Ghostly Armor"],"picked":"SKIP","floor":35.0},{"not_picked":["Power Through","Seeing Red","Body Slam"],"picked":"SKIP","floor":36.0},{"not_picked":["Swift Strike","Good Instincts"],"picked":"Thinking Ahead","floor":37.0},{"not_picked":["Dramatic Entrance","Enlightenment"],"picked":"Dark Shackles","floor":37.0},{"not_picked":["Twin Strike","Warcry+1","Thunderclap"],"picked":"SKIP","floor":39.0},{"not_picked":["Fire Breathing","Dual Wield"],"picked":"Offering","floor":40.0},{"not_picked":["Perfected Strike","Iron Wave"],"picked":"Havoc+1","floor":42.0},{"not_picked":["Dropkick","Wild Strike","True Grit"],"picked":"SKIP","floor":46.0},{"not_picked":["Sentinel","Shrug It Off"],"picked":"Barricade","floor":48.0},{"not_picked":["Iron Wave","Anger"],"picked":"Inflame","floor":53.0},{"not_picked":["Wild Strike","Headbutt+1"],"picked":"Entrench+1","floor":55.0}],"player_experience":2156569,"relics_obtained":[{"floor":6.0,"key":"Potion Belt"},{"floor":9.0,"key":"Dream Catcher"},{"floor":12.0,"key":"Red Skull"},{"floor":14.0,"key":"Tiny Chest"},{"floor":19.0,"key":"Vajra"},{"floor":24.0,"key":"The Courier"},{"floor":26.0,"key":"Pen Nib"},{"floor":28.0,"key":"Charon\u0027s Ashes"},{"floor":40.0,"key":"MawBank"},{"floor":42.0,"key":"Blue Candle"},{"floor":45.0,"key":"Meat on the Bone"},{"floor":46.0,"key":"Orichalcum"},{"floor":55.0,"key":"Gremlin Horn"}],"event_choices":[{"damage_healed":0.0,"max_hp_gain":0.0,"max_hp_loss":0.0,"gold_gain":0.0,"event_name":"Golden Idol","player_choice":"Take Damage","floor":2.0,"gold_loss":0.0,"damage_taken":26.0,"relics_obtained":["Golden Idol"]},{"damage_healed":27.0,"max_hp_gain":0.0,"max_hp_loss":0.0,"gold_gain":0.0,"event_name":"Wheel of Change","player_choice":"Full Heal","floor":3.0,"gold_loss":0.0,"damage_taken":0.0},{"damage_healed":0.0,"max_hp_gain":0.0,"max_hp_loss":0.0,"gold_gain":0.0,"event_name":"Lab","player_choice":"Got Potions","floor":11.0,"gold_loss":0.0,"damage_taken":0.0},{"cards_removed":["Strike_R"],"damage_healed":0.0,"max_hp_gain":0.0,"max_hp_loss":0.0,"gold_gain":0.0,"event_name":"Beggar","player_choice":"Gave Gold","floor":29.0,"gold_loss":75.0,"damage_taken":0.0},{"damage_healed":0.0,"max_hp_gain":0.0,"max_hp_loss":0.0,"gold_gain":0.0,"event_name":"SensoryStone","player_choice":"Memory 3","floor":37.0,"gold_loss":0.0,"damage_taken":10.0},{"cards_removed":["Strike_R"],"damage_healed":0.0,"max_hp_gain":0.0,"max_hp_loss":0.0,"gold_gain":0.0,"event_name":"Designer","player_choice":"Upgrade and Remove","floor":38.0,"gold_loss":110.0,"damage_taken":0.0,"cards_upgraded":["Feel No Pain"]}],"is_beta":true,"boss_relics":[{"not_picked":["Fusion Hammer","Calling Bell"],"picked":"Astrolabe"},{"not_picked":["Velvet Choker","Eternal Feather"],"picked":"Snecko Eye"}],"items_purged_floors":[27],"is_endless":false,"potions_floor_spawned":[1,4,5,12,21,22,28,33,35,42,48,55],"ascension_level":20}