{"gold_per_floor":[114,114,289,300,300,300,319,319,319,353,26,26,45,45,45,116,116,127,127,127,226,246,246,264,264,291,291,291,307,324,359,359,359],"floor_reached":33,"playtime":1063,"items_purged":[],"score":464,"play_id":"cd78e525-0244-4d8a-a018-04c3cc31ca33","local_time":"20190824072125","is_ascension_mode":true,"campfire_choices":[{"data":"Bash","floor":6,"key":"SMITH"},{"data":"Flame Barrier","floor":8,"key":"SMITH"},{"data":"Disarm","floor":12,"key":"SMITH"},{"data":"Carnage","floor":15,"key":"SMITH"},{"data":"Bludgeon","floor":23,"key":"SMITH"},{"data":"Whirlwind","floor":25,"key":"SMITH"},{"data":"Shrug It Off","floor":28,"key":"SMITH"},{"data":"Armaments","floor":32,"key":"SMITH"}],"neow_cost":"CURSE","seed_source_timestamp":181975894174500,"circlet_count":0,"master_deck":["AscendersBane","Strike_R+1","Strike_R+1","Strike_R+1","Strike_R+1","Strike_R+1","Defend_R+1","Defend_R+1","Defend_R+1","Defend_R+1","Bash+1","Disarm+1","Corruption","Flame Barrier+1","Carnage+1","Exhume","Shrug It Off+1","Bludgeon+1","Whirlwind+1","Metallicize","Armaments+1"],"relics":["Burning Blood","Champion Belt","Darkstone Periapt","Regal Pillow","Blood Vial","Coffee Dripper","Omamori","Mercury Hourglass"],"potions_floor_usage":[14,16,31,33,33],"damage_taken":[{"damage":8,"enemies":"Jaw Worm","floor":1,"turns":4},{"damage":7,"enemies":"2 Louse","floor":4,"turns":4},{"damage":3,"enemies":"Small Slimes","floor":7,"turns":5},{"damage":28,"enemies":"Lagavulin","floor":10,"turns":9},{"damage":11,"enemies":"Blue Slaver","floor":13,"turns":4},{"damage":0,"enemies":"3 Sentries","floor":14,"turns":1},{"damage":16,"enemies":"Hexaghost","floor":16,"turns":9},{"damage":18,"enemies":"Shell Parasite","floor":18,"turns":4},{"damage":0,"enemies":"Spheric Guardian","floor":22,"turns":3},{"damage":3,"enemies":"Snake Plant","floor":24,"turns":5},{"damage":1,"enemies":"Centurion and Healer","floor":29,"turns":5},{"damage":11,"enemies":"Sentry and Sphere","floor":30,"turns":4},{"damage":34,"enemies":"Slavers","floor":31,"turns":4},{"damage":59,"enemies":"Champ","floor":33,"turns":13}],"seed_played":"-4227741138201280716","potions_obtained":[{"floor":1,"key":"FearPotion"},{"floor":10,"key":"SmokeBomb"},{"floor":18,"key":"LiquidBronze"},{"floor":29,"key":"Poison Potion"},{"floor":31,"key":"EssenceOfSteel"}],"is_trial":false,"path_per_floor":["M","?","?","M","?","R","M","R","T","E","$","R","M","E","R","B",null,"M","?","?","?","M","R","M","R","T","$","R","M","M","E","R","B"],"character_chosen":"IRONCLAD","items_purchased":["Exhume","Shrug It Off","Blood Vial"],"campfire_rested":0,"item_purchase_floors":[11,11,11],"current_hp_per_floor":[66,59,59,58,58,58,61,61,61,39,39,39,36,44,44,36,65,55,55,55,55,63,63,68,68,68,68,68,75,70,44,44,0],"gold":359,"neow_bonus":"ONE_RARE_RELIC","is_prod":false,"is_daily":false,"chose_seed":false,"campfire_upgraded":8,"win_rate":0,"timestamp":1566598885,"path_taken":["M","?","?","M","?","R","M","R","T","E","?","R","?","E","R","BOSS","M","?","?","?","M","R","M","R","T","$","R","M","M","E","R","BOSS"],"build_version":"2019-07-17","purchased_purges":0,"victory":false,"max_hp_per_floor":[75,75,75,75,75,75,75,75,75,75,75,75,75,75,75,75,75,75,75,75,75,75,75,75,75,75,75,75,75,75,75,75,75],"card_choices":[{"not_picked":["Carnage","Warcry"],"picked":"Disarm","floor":1},{"not_picked":["Iron Wave","Body Slam"],"picked":"Corruption","floor":4},{"not_picked":["Headbutt","Bloodletting"],"picked":"Flame Barrier","floor":7},{"not_picked":["Headbutt","Warcry"],"picked":"Carnage","floor":10},{"not_picked":["Cleave","Body Slam","Thunderclap"],"picked":"SKIP","floor":13},{"not_picked":["Juggernaut","Limit Break"],"picked":"Bludgeon","floor":16},{"not_picked":["Rampage","Rupture","Searing Blow"],"picked":"SKIP","floor":18},{"not_picked":["Iron Wave","Clothesline","Warcry"],"picked":"SKIP","floor":22},{"not_picked":["Iron Wave","Evolve"],"picked":"Whirlwind","floor":24},{"not_picked":["Power Through","Twin Strike","Sword Boomerang"],"picked":"SKIP","floor":29},{"not_picked":["Shrug It Off","Iron Wave"],"picked":"Metallicize","floor":30},{"not_picked":["Headbutt","Combust+1"],"picked":"Armaments","floor":31}],"player_experience":188526,"relics_obtained":[{"floor":9,"key":"Darkstone Periapt"},{"floor":10,"key":"Regal Pillow"},{"floor":26,"key":"Omamori"},{"floor":31,"key":"Mercury Hourglass"}],"event_choices":[{"cards_removed":["Regret"],"damage_healed":0,"gold_gain":0,"player_choice":"Card Removal","damage_taken":7,"max_hp_gain":0,"max_hp_loss":0,"event_name":"Golden Wing","floor":2,"gold_loss":0},{"damage_healed":0,"gold_gain":175,"player_choice":"AGREE","damage_taken":0,"max_hp_gain":0,"max_hp_loss":0,"event_name":"Liars Game","floor":3,"gold_loss":0,"cards_obtained":["Doubt"]},{"cards_removed":["Doubt"],"damage_healed":0,"gold_gain":0,"player_choice":"Forget","damage_taken":0,"max_hp_gain":0,"max_hp_loss":0,"event_name":"Living Wall","floor":5,"gold_loss":0},{"damage_healed":0,"gold_gain":0,"player_choice":"Ignored","damage_taken":0,"max_hp_gain":0,"max_hp_loss":0,"event_name":"Ghosts","floor":19,"gold_loss":0},{"damage_healed":0,"gold_gain":0,"player_choice":"Simplicity","damage_taken":0,"max_hp_gain":0,"max_hp_loss":0,"event_name":"Back to Basics","floor":20,"gold_loss":0,"cards_upgraded":["Strike_R","Strike_R","Strike_R","Strike_R","Strike_R","Defend_R","Defend_R","Defend_R","Defend_R"]},{"damage_healed":0,"gold_gain":99,"player_choice":"Stole From Cult","damage_taken":0,"max_hp_gain":0,"max_hp_loss":0,"event_name":"Nest","floor":21,"gold_loss":0}],"is_beta":false,"boss_relics":[{"not_picked":["Orrery","Pandora\u0027s Box"],"picked":"Coffee Dripper"}],"items_purged_floors":[],"is_endless":false,"potions_floor_spawned":[1,10,18,29,31],"killed_by":"Champ","ascension_level":14}