{"gold_per_floor":[15,29,29,49,124,159,159,190,190,265,265,285,285,46,46,176,176,200,200,125,143,143,143,43,56,80,113,145,188,200,248,260,402,414,439,476,82,103,103,141,141,165,165,165,189,210,210,244,244,244],"floor_reached":50,"playtime":2530,"items_purged":["Strike_R+1","Defend_R+1"],"score":966,"play_id":"0ee7f1f6-6194-468e-a746-0449a70c90ce","local_time":"20190821031702","is_ascension_mode":true,"campfire_choices":[{"data":"Bash","floor":7,"key":"SMITH"},{"floor":11,"key":"REST"},{"data":"Shockwave","floor":15,"key":"SMITH"},{"floor":23,"key":"REST"},{"floor":32,"key":"RECALL"},{"floor":41,"key":"REST"},{"floor":49,"key":"REST"}],"neow_cost":"NO_GOLD","seed_source_timestamp":468799820078600,"circlet_count":0,"master_deck":["AscendersBane","Defend_R+1","Defend_R+1","Defend_R+1","Bash+1","Shrug It Off","Shockwave+1","Metallicize","Infernal Blade+1","Seeing Red+1","Immolate","Flame Barrier+1","Evolve","Seeing Red+1","True Grit+1","Pommel Strike+1","Bite+1","Bite+1","Bite+1","Bite+1","Bite+1","Berserk","Bludgeon+1","Warcry+1","Double Tap+1","Metallicize+1","Inflame+1","Shrug It Off+1","Secret Weapon+1","Secret Technique+1"],"relics":["Burning Blood","Mango","Golden Idol","Anchor","Toxic Egg 2","Sundial","Bottled Lightning","Fusion Hammer","Molten Egg 2","MawBank","Shuriken","Ginger","Mark of Pain","Bottled Tornado","PreservedInsect","Pantograph","Bag of Marbles"],"potions_floor_usage":[8,16,18,31,33,38,40,40,48,50],"damage_taken":[{"damage":8,"enemies":"Jaw Worm","floor":1,"turns":5},{"damage":10,"enemies":"Small Slimes","floor":2,"turns":4},{"damage":0,"enemies":"2 Louse","floor":4,"turns":3},{"damage":29,"enemies":"3 Sentries","floor":6,"turns":11},{"damage":16,"enemies":"Gremlin Nob","floor":8,"turns":5},{"damage":3,"enemies":"Gremlin Gang","floor":12,"turns":7},{"damage":22,"enemies":"Hexaghost","floor":16,"turns":12},{"damage":3,"enemies":"Spheric Guardian","floor":18,"turns":3},{"damage":1,"enemies":"Shell Parasite","floor":21,"turns":4},{"damage":0,"enemies":"Cultist and Chosen","floor":25,"turns":4},{"damage":18,"enemies":"Snake Plant","floor":27,"turns":5},{"damage":1,"enemies":"Sentry and Sphere","floor":28,"turns":4},{"damage":13,"enemies":"Book of Stabbing","floor":29,"turns":5},{"damage":4,"enemies":"Slavers","floor":31,"turns":3},{"damage":15,"enemies":"Champ","floor":33,"turns":7},{"damage":0,"enemies":"Orb Walker","floor":35,"turns":3},{"damage":9,"enemies":"3 Shapes","floor":36,"turns":4},{"damage":15,"enemies":"3 Darklings","floor":38,"turns":4},{"damage":35,"enemies":"Nemesis","floor":40,"turns":5},{"damage":31,"enemies":"Sphere and 2 Shapes","floor":42,"turns":4},{"damage":3,"enemies":"Writhing Mass","floor":45,"turns":5},{"damage":15,"enemies":"Transient","floor":46,"turns":5},{"damage":0,"enemies":"Reptomancer","floor":48,"turns":2},{"damage":93,"enemies":"Time Eater","floor":50,"turns":9}],"seed_played":"-1708685092592050167","potions_obtained":[{"floor":1,"key":"Energy Potion"},{"floor":6,"key":"GamblersBrew"},{"floor":12,"key":"Fire Potion"},{"floor":21,"key":"Poison Potion"},{"floor":27,"key":"SteroidPotion"},{"floor":29,"key":"AttackPotion"},{"floor":31,"key":"SkillPotion"},{"floor":36,"key":"SkillPotion"},{"floor":38,"key":"SkillPotion"},{"floor":40,"key":"PowerPotion"},{"floor":42,"key":"Fire Potion"}],"is_trial":false,"path_per_floor":["M","M","?","M","?","E","R","E","T","?","R","M","?","$","R","B",null,"M","?","$","M","?","R","$","M","T","M","M","E","?","E","R","B",null,"M","M","$","M","?","E","R","M","T","?","M","M","?","E","R","B"],"character_chosen":"IRONCLAD","items_purchased":["Bottled Lightning","Double Tap+1","Bottled Tornado"],"campfire_rested":4,"item_purchase_floors":[14,37,37],"current_hp_per_floor":[84,80,57,63,52,29,29,19,19,10,38,41,34,34,34,18,75,78,78,78,83,83,94,94,94,94,82,87,80,65,65,65,65,65,65,65,65,65,62,48,62,43,43,48,60,62,52,62,62,0],"gold":244,"neow_bonus":"ONE_RARE_RELIC","is_prod":false,"is_daily":false,"chose_seed":false,"campfire_upgraded":2,"win_rate":0,"timestamp":1566325022,"path_taken":["M","M","?","M","?","E","R","E","T","?","R","?","?","$","R","BOSS","M","?","$","M","?","R","?","?","T","M","?","E","?","E","R","BOSS","M","M","$","M","?","E","R","M","T","?","?","?","?","E","R","BOSS"],"build_version":"2019-07-17","purchased_purges":2,"victory":false,"max_hp_per_floor":[94,94,94,94,94,94,94,94,94,94,94,94,94,94,94,94,94,94,94,94,94,94,94,94,94,94,94,94,94,65,65,65,65,65,65,65,65,65,62,62,62,62,62,62,62,62,62,62,62,62],"card_choices":[{"not_picked":["Spot Weakness","Heavy Blade"],"picked":"Shrug It Off","floor":1},{"not_picked":["Cleave","Thunderclap"],"picked":"Shockwave","floor":2},{"not_picked":["Infernal Blade","Second Wind"],"picked":"Metallicize","floor":4},{"not_picked":["Havoc","Wild Strike"],"picked":"Clothesline","floor":6},{"not_picked":["Thunderclap","Searing Blow"],"picked":"Infernal Blade","floor":8},{"not_picked":["Havoc+1","Clothesline"],"picked":"Seeing Red+1","floor":12},{"not_picked":["Impervious+1","Reaper"],"picked":"Immolate","floor":16},{"not_picked":["Heavy Blade","Headbutt"],"picked":"Flame Barrier+1","floor":18},{"not_picked":["Heavy Blade","Ghostly Armor+1"],"picked":"Evolve","floor":21},{"not_picked":["Anger+1","Second Wind+1"],"picked":"Seeing Red+1","floor":25},{"not_picked":["Twin Strike+1","Armaments+1"],"picked":"True Grit+1","floor":27},{"not_picked":["Iron Wave+1","Searing Blow+1","Anger+1"],"picked":"SKIP","floor":28},{"not_picked":["Ghostly Armor+1","Flame Barrier+1"],"picked":"Pommel Strike+1","floor":29},{"not_picked":["Sever Soul+1","Headbutt+1"],"picked":"Berserk","floor":31},{"not_picked":["Impervious+1","Reaper+1"],"picked":"Bludgeon+1","floor":33},{"not_picked":["Wild Strike+1","Armaments+1"],"picked":"Warcry+1","floor":35},{"not_picked":["Body Slam+1","Twin Strike+1","Iron Wave+1"],"picked":"SKIP","floor":36},{"not_picked":["Clash+1","Headbutt+1"],"picked":"Metallicize+1","floor":38},{"not_picked":["Corruption","Searing Blow+1"],"picked":"Inflame+1","floor":40},{"not_picked":["Heavy Blade+1","Body Slam+1"],"picked":"Shrug It Off+1","floor":42},{"not_picked":["Thunderclap+1","Dual Wield+1","Bludgeon+1"],"picked":"SKIP","floor":45},{"not_picked":["Twin Strike+1","Body Slam+1","Armaments+1"],"picked":"SKIP","floor":46},{"not_picked":["Magnetism","Master of Strategy+1"],"picked":"Secret Weapon+1","floor":47},{"not_picked":["Purity+1","Forethought+1"],"picked":"Secret Technique+1","floor":47},{"not_picked":["True Grit+1","Barricade","Infernal Blade+1"],"picked":"SKIP","floor":48}],"player_experience":160873,"relics_obtained":[{"floor":6,"key":"Anchor"},{"floor":8,"key":"Toxic Egg 2"},{"floor":9,"key":"Sundial"},{"floor":26,"key":"MawBank"},{"floor":29,"key":"Shuriken"},{"floor":31,"key":"Ginger"},{"floor":40,"key":"PreservedInsect"},{"floor":43,"key":"Pantograph"},{"floor":48,"key":"Bag of Marbles"}],"event_choices":[{"damage_healed":0,"gold_gain":0,"player_choice":"Take Damage","damage_taken":23,"relics_obtained":["Golden Idol"],"max_hp_gain":0,"max_hp_loss":0,"event_name":"Golden Idol","floor":3,"gold_loss":0},{"damage_healed":0,"gold_gain":75,"player_choice":"Gather Gold","damage_taken":11,"max_hp_gain":0,"max_hp_loss":0,"event_name":"World of Goop","floor":5,"gold_loss":0},{"damage_healed":0,"gold_gain":75,"player_choice":"Touch","damage_taken":9,"max_hp_gain":0,"max_hp_loss":0,"event_name":"FaceTrader","floor":10,"gold_loss":0},{"cards_removed":["Strike_R"],"damage_healed":0,"gold_gain":0,"player_choice":"Card Removal","damage_taken":7,"max_hp_gain":0,"max_hp_loss":0,"event_name":"Golden Wing","floor":13,"gold_loss":0},{"damage_healed":0,"gold_gain":0,"player_choice":"Simplicity","damage_taken":0,"max_hp_gain":0,"max_hp_loss":0,"event_name":"Back to Basics","floor":19,"gold_loss":0,"cards_upgraded":["Strike_R","Strike_R","Strike_R","Strike_R","Defend_R","Defend_R","Defend_R","Defend_R"]},{"damage_healed":0,"gold_gain":0,"player_choice":"Opened","damage_taken":0,"relics_obtained":["Molten Egg 2"],"max_hp_gain":0,"max_hp_loss":0,"event_name":"The Mausoleum","floor":22,"gold_loss":0},{"damage_healed":0,"gold_gain":0,"player_choice":"Became a vampire","damage_taken":0,"max_hp_gain":0,"max_hp_loss":29,"event_name":"Vampires","floor":30,"gold_loss":0,"cards_obtained":["Bite","Bite","Bite","Bite","Bite"]},{"damage_healed":0,"gold_gain":0,"player_choice":"Max HP","damage_taken":0,"max_hp_gain":0,"max_hp_loss":3,"event_name":"Winding Halls","floor":39,"gold_loss":0},{"cards_removed":["Clothesline"],"damage_healed":5,"gold_gain":0,"player_choice":"Offered Common","damage_taken":0,"max_hp_gain":0,"max_hp_loss":0,"event_name":"Bonfire Elementals","floor":44,"gold_loss":0},{"cards_removed":["Clothesline"],"damage_healed":5,"gold_gain":0,"player_choice":"Offered Special","damage_taken":0,"max_hp_gain":0,"max_hp_loss":0,"event_name":"Bonfire Elementals","floor":44,"gold_loss":0},{"damage_healed":0,"gold_gain":0,"player_choice":"Memory 3","damage_taken":10,"max_hp_gain":0,"max_hp_loss":0,"event_name":"SensoryStone","floor":47,"gold_loss":0}],"is_beta":false,"boss_relics":[{"not_picked":["White Beast Statue","Black Blood"],"picked":"Fusion Hammer"},{"not_picked":["Black Star","Runic Cube"],"picked":"Mark of Pain"}],"items_purged_floors":[20,24],"is_endless":false,"potions_floor_spawned":[1,6,12,21,27,28,29,31,36,38,40,42,45],"killed_by":"Time Eater","ascension_level":11}