{"gold_per_floor":[114,114,39,54,54,89,89,115,168,200,216,216,235,250,250,250],"floor_reached":16,"playtime":415,"items_purged":["Strike_G"],"score":290,"play_id":"d852e7b8-66a5-4f8f-a1b3-8a6637d91e4a","local_time":"20190311193246","is_ascension_mode":true,"campfire_choices":[{"data":"Predator","floor":7.0,"key":"SMITH"},{"floor":12.0,"key":"REST"},{"data":"Corpse Explosion","floor":15.0,"key":"SMITH"}],"neow_cost":"NONE","seed_source_timestamp":0,"circlet_count":0,"master_deck":["AscendersBane","Defend_G","Defend_G","Defend_G","Defend_G","Defend_G","Strike_G","Strike_G","Strike_G","Strike_G","Survivor","Neutralize","Leg Sweep","Predator+1","Dagger Throw","Corpse Explosion+1","Deadly Poison","Dash"],"special_seed":0,"relics":["Ring of the Snake","NeowsBlessing","Boot","Strawberry","Potion Belt","Anchor"],"potions_floor_usage":[16,16,16],"damage_taken":[{"damage":0.0,"enemies":"2 Louse","floor":1.0,"turns":1.0},{"damage":0.0,"enemies":"Cultist","floor":4.0,"turns":1.0},{"damage":0.0,"enemies":"3 Sentries","floor":6.0,"turns":2.0},{"damage":32.0,"enemies":"Lagavulin","floor":8.0,"turns":7.0},{"damage":30.0,"enemies":"Gremlin Nob","floor":10.0,"turns":4.0},{"damage":0.0,"enemies":"Jaw Worm","floor":11.0,"turns":2.0},{"damage":0.0,"enemies":"Red Slaver","floor":13.0,"turns":2.0},{"damage":0.0,"enemies":"Blue Slaver","floor":14.0,"turns":4.0},{"damage":35,"enemies":"Slime Boss","floor":16,"turns":7}],"seed_played":"-3379501343289824249","potions_obtained":[{"floor":6.0,"key":"Weak Potion"},{"floor":8.0,"key":"AttackPotion"},{"floor":13.0,"key":"SteroidPotion"}],"is_trial":false,"path_per_floor":["M","?","$","M","$","E","R","E","T","E","M","R","M","M","R","B"],"character_chosen":"THE_SILENT","items_purchased":[],"campfire_rested":1,"item_purchase_floors":[],"current_hp_per_floor":[59,66,66,66,66,66,66,41,41,11,11,32,32,32,32,0],"gold":250,"neow_bonus":"THREE_ENEMY_KILL","is_prod":false,"is_daily":false,"chose_seed":false,"campfire_upgraded":2,"win_rate":0,"timestamp":1552332766,"path_taken":["M","?","?","M","$","E","R","E","T","E","?","R","M","M","R","BOSS"],"build_version":"2019-02-06","purchased_purges":1,"victory":false,"max_hp_per_floor":[66,66,66,66,66,66,66,73,73,73,73,73,73,73,73,73],"card_choices":[{"not_picked":["Quick Slash","Blade Dance"],"picked":"Leg Sweep","floor":1.0},{"not_picked":["Bane","Underhanded Strike"],"picked":"Predator","floor":4.0},{"not_picked":["Terror","Outmaneuver"],"picked":"Dagger Throw","floor":6.0},{"not_picked":["Deflect","Poisoned Stab"],"picked":"Corpse Explosion","floor":8.0},{"not_picked":["Outmaneuver","Calculated Gamble"],"picked":"Deadly Poison","floor":10.0},{"not_picked":["Quick Slash","Expertise","Dagger Throw"],"picked":"SKIP","floor":11.0},{"not_picked":["Bouncing Flask","Finisher"],"picked":"Dash","floor":13.0},{"not_picked":["Bouncing Flask","Poisoned Stab","Dagger Spray"],"picked":"SKIP","floor":14.0}],"player_experience":1917333,"relics_obtained":[{"floor":6.0,"key":"Boot"},{"floor":8.0,"key":"Strawberry"},{"floor":9.0,"key":"Potion Belt"},{"floor":10.0,"key":"Anchor"}],"event_choices":[{"damage_healed":7.0,"max_hp_gain":0.0,"max_hp_loss":0.0,"gold_gain":0.0,"event_name":"Wheel of Change","player_choice":"Full Heal","floor":2.0,"gold_loss":0.0,"damage_taken":0.0}],"is_beta":true,"boss_relics":[],"items_purged_floors":[3],"is_endless":false,"potions_floor_spawned":[6,8,13],"killed_by":"Slime Boss","ascension_level":20}