{"gold_per_floor":[109,109,20,40,60,93,93,93,119,119,149,74,74,74,74,150,150,163,139,139,15,30,30,64,64,87,115,115,128,146,192,192,269,269,287,287,126,226,236,264,264,290,290,248,279,297,347,377,377,377,377],"floor_reached":51,"playtime":2854,"items_purged":["Strike_R","Pain"],"score":1574,"play_id":"4f0a850a-7f68-4f23-8d9a-cc79d0b2b7cc","local_time":"20190707224145","is_ascension_mode":true,"campfire_choices":[{"data":"Combust","floor":10.0,"key":"SMITH"},{"floor":13.0,"key":"REST"},{"floor":15.0,"key":"REST"},{"data":"Limit Break","floor":23.0,"key":"SMITH"},{"floor":25.0,"key":"REST"},{"floor":28.0,"key":"REST"},{"data":"Body Slam","floor":32.0,"key":"SMITH"},{"floor":41.0,"key":"RECALL"},{"data":"Juggernaut","floor":49.0,"key":"SMITH"}],"neow_cost":"PERCENT_DAMAGE","seed_source_timestamp":0,"circlet_count":0,"master_deck":["AscendersBane","Defend_R+1","Defend_R+1","Defend_R+1","Defend_R+1","Bash+1","Pommel Strike","Combust+1","Inflame","Sword Boomerang","Limit Break+1","Fiend Fire","Shrug It Off+1","Twin Strike+1","Havoc+1","Cleave","Pummel","Shrug It Off","Metallicize","Body Slam+1","Limit Break","Impervious","Headbutt","Feel No Pain","Feel No Pain+1","Feel No Pain","Corruption","Juggernaut+1","Corruption"],"special_seed":0,"relics":["Burning Blood","Ginger","Oddly Smooth Stone","Vajra","Blood Vial","WarpedTongs","Astrolabe","Pocketwatch","Happy Flower","Red Mask","Pen Nib","Snecko Eye","Charon\u0027s Ashes","Bronze Scales","Kunai","Shuriken","Smiling Mask"],"potions_floor_usage":[51,51],"damage_taken":[{"damage":7.0,"enemies":"Small Slimes","floor":1.0,"turns":4.0},{"damage":4.0,"enemies":"2 Louse","floor":4.0,"turns":4.0},{"damage":1.0,"enemies":"Cultist","floor":5.0,"turns":3.0},{"damage":29.0,"enemies":"Gremlin Nob","floor":6.0,"turns":4.0},{"damage":15.0,"enemies":"Lagavulin","floor":11.0,"turns":7.0},{"damage":40.0,"enemies":"Slime Boss","floor":16.0,"turns":7.0},{"damage":2.0,"enemies":"Spheric Guardian","floor":18.0,"turns":3.0},{"damage":31.0,"enemies":"2 Thieves","floor":19.0,"turns":4.0},{"damage":6.0,"enemies":"Snecko","floor":22.0,"turns":5.0},{"damage":38.0,"enemies":"Book of Stabbing","floor":24.0,"turns":4.0},{"damage":24.0,"enemies":"Masked Bandits","floor":27.0,"turns":3.0},{"damage":1.0,"enemies":"3 Cultists","floor":29.0,"turns":4.0},{"damage":0.0,"enemies":"Cultist and Chosen","floor":30.0,"turns":5.0},{"damage":40.0,"enemies":"Collector","floor":33.0,"turns":6.0},{"damage":10.0,"enemies":"3 Shapes","floor":35.0,"turns":6.0},{"damage":3.0,"enemies":"Mind Bloom Boss Battle","floor":38.0,"turns":5.0},{"damage":0.0,"enemies":"3 Darklings","floor":39.0,"turns":2.0},{"damage":36.0,"enemies":"Reptomancer","floor":40.0,"turns":4.0},{"damage":17.0,"enemies":"Giant Head","floor":42.0,"turns":6.0},{"damage":5.0,"enemies":"Nemesis","floor":45.0,"turns":5.0},{"damage":0.0,"enemies":"Spire Growth","floor":46.0,"turns":4.0},{"damage":0.0,"enemies":"Giant Head","floor":48.0,"turns":6.0},{"damage":13.0,"enemies":"Donu and Deca","floor":50.0,"turns":6.0},{"damage":57,"enemies":"Awakened One","floor":51,"turns":3}],"seed_played":"3205846902481742467","potions_obtained":[{"floor":5.0,"key":"Dexterity Potion"},{"floor":6.0,"key":"SteroidPotion"},{"floor":11.0,"key":"PowerPotion"},{"floor":29.0,"key":"SpeedPotion"},{"floor":33.0,"key":"Strength Potion"},{"floor":36.0,"key":"Block Potion"}],"is_trial":false,"path_per_floor":["M","?","$","M","M","E","?","?","T","R","E","$","R","?","R","B",null,"M","M","?","$","M","R","E","R","T","?","R","M","M","T","R","B",null,"M","?","$","?","M","E","R","E","T","$","E","M","?","E","R","B","B"],"character_chosen":"IRONCLAD","items_purchased":["Combust","PowerPotion","Shrug It Off","Impervious","Corruption"],"campfire_rested":4,"item_purchase_floors":[3,3,21,37,44],"current_hp_per_floor":[49,49,49,51,56,33,38,31,31,31,22,22,46,46,70,38,70,76,53,53,53,55,55,25,49,49,33,57,64,72,72,72,40,70,68,68,68,73,80,50,50,41,41,41,44,52,52,60,60,55,0],"gold":377,"neow_bonus":"ONE_RARE_RELIC","is_prod":false,"is_daily":false,"chose_seed":false,"campfire_upgraded":4,"win_rate":0,"timestamp":1562535705,"path_taken":["M","?","$","M","M","E","?","?","T","R","E","$","R","?","R","BOSS","M","?","?","$","M","R","E","R","T","?","R","M","M","?","R","BOSS","M","?","?","?","M","E","R","E","T","?","E","?","?","E","R","BOSS","BOSS"],"build_version":"2019-07-03","purchased_purges":2,"victory":false,"max_hp_per_floor":[75,75,75,75,75,75,80,80,80,80,80,80,80,80,80,80,80,80,80,80,80,80,80,80,80,80,80,80,80,80,80,80,80,80,80,80,80,80,80,80,80,80,80,80,80,80,80,80,80,80,80],"card_choices":[{"not_picked":["Perfected Strike","Seeing Red"],"picked":"Pommel Strike","floor":1.0},{"not_picked":["Burning Pact","Whirlwind","Flex"],"picked":"SKIP","floor":4.0},{"not_picked":["Corruption","Shrug It Off"],"picked":"Inflame","floor":5.0},{"not_picked":["Headbutt","Whirlwind"],"picked":"Sword Boomerang","floor":6.0},{"not_picked":["Rupture","Thunderclap"],"picked":"Limit Break","floor":11.0},{"not_picked":["Bludgeon","Berserk"],"picked":"Fiend Fire","floor":16.0},{"not_picked":["Heavy Blade+1","Perfected Strike","Cleave"],"picked":"SKIP","floor":18.0},{"not_picked":["Heavy Blade+1","Perfected Strike"],"picked":"Cleave","floor":18.0},{"not_picked":["Combust","Carnage"],"picked":"Pummel","floor":19.0},{"not_picked":["Body Slam","Clash","Sentinel+1"],"picked":"SKIP","floor":22.0},{"not_picked":["Dual Wield","Clash","Havoc"],"picked":"SKIP","floor":24.0},{"not_picked":["Barricade","Spot Weakness"],"picked":"Metallicize","floor":27.0},{"not_picked":["Armaments","Sentinel"],"picked":"Body Slam","floor":29.0},{"not_picked":["Clothesline","Heavy Blade","Body Slam"],"picked":"SKIP","floor":30.0},{"not_picked":["Immolate","Fiend Fire"],"picked":"Limit Break","floor":33.0},{"not_picked":["Thunderclap","Pommel Strike+1","Havoc"],"picked":"SKIP","floor":35.0},{"not_picked":["Ghostly Armor+1","Entrench"],"picked":"Headbutt","floor":38.0},{"not_picked":["Twin Strike","Pommel Strike+1"],"picked":"Feel No Pain","floor":39.0},{"not_picked":["True Grit","Heavy Blade"],"picked":"Feel No Pain+1","floor":40.0},{"not_picked":["Evolve+1","Whirlwind"],"picked":"Feel No Pain","floor":42.0},{"not_picked":["Clothesline","Dropkick"],"picked":"Juggernaut","floor":45.0},{"not_picked":["Flex+1","Thunderclap"],"picked":"Corruption","floor":46.0},{"not_picked":["Infernal Blade","Sentinel","Headbutt+1"],"picked":"SKIP","floor":48.0}],"player_experience":2181435,"relics_obtained":[{"floor":6.0,"key":"Oddly Smooth Stone"},{"floor":9.0,"key":"Vajra"},{"floor":11.0,"key":"Blood Vial"},{"floor":24.0,"key":"Pocketwatch"},{"floor":26.0,"key":"Happy Flower"},{"floor":27.0,"key":"Red Mask"},{"floor":31.0,"key":"Pen Nib"},{"floor":38.0,"key":"Charon\u0027s Ashes"},{"floor":40.0,"key":"Bronze Scales"},{"floor":42.0,"key":"Kunai"},{"floor":45.0,"key":"Shuriken"},{"floor":48.0,"key":"Smiling Mask"}],"event_choices":[{"damage_healed":0.0,"max_hp_gain":0.0,"max_hp_loss":0.0,"gold_gain":0.0,"event_name":"Living Wall","player_choice":"Grow","floor":2.0,"gold_loss":0.0,"damage_taken":0.0,"cards_upgraded":["Bash"]},{"damage_healed":0.0,"max_hp_gain":5.0,"max_hp_loss":0.0,"gold_gain":0.0,"event_name":"Big Fish","player_choice":"Donut","floor":7.0,"gold_loss":0.0,"damage_taken":0.0},{"cards_removed":["Strike_R"],"damage_healed":0.0,"max_hp_gain":0.0,"max_hp_loss":0.0,"gold_gain":0.0,"event_name":"Golden Wing","player_choice":"Card Removal","floor":8.0,"gold_loss":0.0,"damage_taken":7.0},{"damage_healed":0.0,"max_hp_gain":0.0,"max_hp_loss":0.0,"gold_gain":0.0,"event_name":"Accursed Blacksmith","player_choice":"Rummage","floor":14.0,"gold_loss":0.0,"damage_taken":0.0,"relics_obtained":["WarpedTongs"],"cards_obtained":["Pain"]},{"damage_healed":0.0,"max_hp_gain":0.0,"max_hp_loss":0.0,"gold_gain":0.0,"event_name":"Back to Basics","player_choice":"Simplicity","floor":20.0,"gold_loss":0.0,"damage_taken":0.0,"cards_upgraded":["Defend_R","Defend_R","Defend_R","Defend_R"]},{"damage_healed":0.0,"max_hp_gain":0.0,"max_hp_loss":0.0,"gold_gain":0.0,"event_name":"Masked Bandits","player_choice":"Fought Bandits","floor":27.0,"gold_loss":0.0,"damage_taken":0.0},{"damage_healed":0.0,"max_hp_gain":0.0,"max_hp_loss":0.0,"gold_gain":0.0,"event_name":"Lab","player_choice":"Got Potions","floor":36.0,"gold_loss":0.0,"damage_taken":0.0},{"damage_healed":0.0,"max_hp_gain":0.0,"max_hp_loss":0.0,"gold_gain":0.0,"event_name":"MindBloom","player_choice":"Fight","floor":38.0,"gold_loss":0.0,"damage_taken":0.0},{"damage_healed":0.0,"max_hp_gain":0.0,"max_hp_loss":0.0,"gold_gain":50.0,"event_name":"Golden Shrine","player_choice":"Pray","floor":47.0,"gold_loss":0.0,"damage_taken":0.0}],"is_beta":true,"boss_relics":[{"not_picked":["Busted Crown","Lizard Tail"],"picked":"Astrolabe"},{"not_picked":["Tiny House","Black Star"],"picked":"Snecko Eye"}],"items_purged_floors":[12,21],"is_endless":false,"potions_floor_spawned":[5,6,11,19,24,29,33,39,40,45,46],"killed_by":"Awakened One","ascension_level":20}