{"gold_per_floor":[111,111,124,25,100,130,41,41,64,97,109,128,140,159,159,254,254,271,288,308,308,320,320,355,8,84,84],"floor_reached":27,"playtime":1959,"items_purged":["Pain","Strike_G"],"score":419,"play_id":"bfa08baf-bf65-4606-ba3d-ee1bfe19fab3","local_time":"20190820175828","is_ascension_mode":true,"campfire_choices":[{"floor":8,"key":"REST"},{"floor":15,"key":"REST"},{"floor":23,"key":"REST"}],"neow_cost":"CURSE","seed_source_timestamp":605210805596808,"circlet_count":0,"master_deck":["AscendersBane","Strike_G","Strike_G","Strike_G","Strike_G","Defend_G","Defend_G","Defend_G","Defend_G","Defend_G","Survivor+1","Neutralize","Unload","Deadly Poison","Dagger Throw","Bane","Burst","Well Laid Plans","Deadly Poison","PiercingWail","Flying Knee","Choke","Poisoned Stab","Corpse Explosion","Wraith Form v2","Slice+1","Blur","Cloak And Dagger+1","Concentrate+1","Backflip+1"],"relics":["Ring of the Snake","Oddly Smooth Stone","Centennial Puzzle","Black Star","Nloth\u0027s Gift","War Paint","Toxic Egg 2","Toolbox","Singing Bowl"],"potions_floor_usage":[10,16,20,24],"damage_taken":[{"damage":1,"enemies":"Jaw Worm","floor":1,"turns":4},{"damage":2,"enemies":"2 Louse","floor":3,"turns":3},{"damage":37,"enemies":"3 Sentries","floor":6,"turns":10},{"damage":10,"enemies":"Gremlin Nob","floor":10,"turns":3},{"damage":0,"enemies":"Cultist","floor":11,"turns":3},{"damage":7,"enemies":"Blue Slaver","floor":12,"turns":4},{"damage":3,"enemies":"Exordium Thugs","floor":13,"turns":6},{"damage":2,"enemies":"Red Slaver","floor":14,"turns":3},{"damage":9,"enemies":"Hexaghost","floor":16,"turns":7},{"damage":8,"enemies":"Shell Parasite","floor":18,"turns":6},{"damage":7,"enemies":"2 Thieves","floor":19,"turns":4},{"damage":4,"enemies":"Centurion and Healer","floor":20,"turns":3},{"damage":22,"enemies":"Snake Plant","floor":22,"turns":4},{"damage":33,"enemies":"Book of Stabbing","floor":24,"turns":7},{"damage":26,"enemies":"Gremlin Leader","floor":27,"turns":8}],"seed_played":"737397415898908953","potions_obtained":[{"floor":3,"key":"Swift Potion"},{"floor":6,"key":"EssenceOfSteel"},{"floor":13,"key":"PowerPotion"},{"floor":14,"key":"GhostInAJar"},{"floor":20,"key":"FairyPotion"},{"floor":22,"key":"Weak Potion"}],"is_trial":false,"path_per_floor":["M","?","M","$","?","E","$","R","T","E","M","M","M","M","R","B",null,"M","M","M","?","M","R","E","$","T","E"],"character_chosen":"THE_SILENT","items_purchased":["Bane","Well Laid Plans","Deadly Poison","Backflip+1","Toolbox"],"campfire_rested":3,"item_purchase_floors":[4,7,7,25,25],"current_hp_per_floor":[62,67,65,65,54,17,17,39,39,29,29,22,19,17,39,30,64,56,49,45,45,23,45,12,12,12,0],"gold":84,"neow_bonus":"THREE_RARE_CARDS","is_prod":false,"is_daily":false,"chose_seed":false,"campfire_upgraded":0,"win_rate":0,"timestamp":1566349108,"path_taken":["M","?","M","$","?","E","?","R","T","E","M","M","M","?","R","BOSS","M","M","M","?","?","R","E","$","T","E"],"build_version":"2019-07-17","purchased_purges":2,"victory":false,"max_hp_per_floor":[70,75,75,75,75,75,75,75,75,75,75,75,75,75,75,75,75,75,75,75,75,75,75,75,75,75,75],"card_choices":[{"not_picked":["Night Terror","Wraith Form v2"],"picked":"Unload","floor":0},{"not_picked":["Sucker Punch","Deflect"],"picked":"Deadly Poison","floor":1},{"not_picked":["Dagger Spray","Eviscerate"],"picked":"Dagger Throw","floor":3},{"not_picked":["Dodge and Roll","Backstab"],"picked":"Burst","floor":6},{"not_picked":["Deadly Poison","Reflex"],"picked":"PiercingWail","floor":10},{"not_picked":["Bane","Deadly Poison"],"picked":"Flying Knee","floor":11},{"not_picked":["Dagger Spray","Dagger Throw"],"picked":"Choke","floor":12},{"not_picked":["Eviscerate","PiercingWail"],"picked":"Poisoned Stab","floor":13},{"not_picked":["Quick Slash","Crippling Poison"],"picked":"Corpse Explosion","floor":14},{"not_picked":["Die Die Die","Grand Finale"],"picked":"Wraith Form v2","floor":16},{"not_picked":["Blade Dance","Underhanded Strike","Prepared"],"picked":"SKIP","floor":18},{"not_picked":["Dash","Prepared"],"picked":"Slice+1","floor":19},{"not_picked":["Caltrops","Concentrate"],"picked":"Blur","floor":20},{"not_picked":["Blade Dance","Flying Knee"],"picked":"Cloak And Dagger","floor":22},{"not_picked":["Setup","Flying Knee"],"picked":"Concentrate","floor":24}],"player_experience":671385,"relics_obtained":[{"floor":6,"key":"Bottled Lightning"},{"floor":9,"key":"Oddly Smooth Stone"},{"floor":10,"key":"Centennial Puzzle"},{"floor":24,"key":"War Paint"},{"floor":24,"key":"Toxic Egg 2"},{"floor":26,"key":"Singing Bowl"}],"event_choices":[{"damage_healed":0,"gold_gain":0,"player_choice":"Donut","damage_taken":0,"max_hp_gain":5,"max_hp_loss":0,"event_name":"Big Fish","floor":2,"gold_loss":0},{"damage_healed":0,"gold_gain":75,"player_choice":"Gather Gold","damage_taken":11,"max_hp_gain":0,"max_hp_loss":0,"event_name":"World of Goop","floor":5,"gold_loss":0},{"damage_healed":0,"gold_gain":0,"player_choice":"Traded Relic","damage_taken":0,"relics_obtained":["Nloth\u0027s Gift"],"max_hp_gain":0,"max_hp_loss":0,"event_name":"N\u0027loth","floor":21,"relics_lost":["Bottled Lightning"],"gold_loss":0}],"is_beta":false,"boss_relics":[{"not_picked":["Eternal Feather","WristBlade"],"picked":"Black Star"}],"items_purged_floors":[4,25],"is_endless":false,"potions_floor_spawned":[3,6,13,14,20,22],"killed_by":"Gremlin Leader","ascension_level":11}