{"gold_per_floor":[118,118,118,137,154,154,180,180,180,48,48,75,87,115,115,194,194,212,212,112,125,144,176,176],"floor_reached":24,"playtime":867,"items_purged":["Strike_B","Strike_B"],"score":568,"play_id":"667e922a-9dae-408f-ad36-4b8f70fe9150","local_time":"20190208212652","is_ascension_mode":true,"campfire_choices":[{"data":"Zap","floor":6,"key":"SMITH"},{"data":"Defragment","floor":11,"key":"SMITH"},{"data":"Defragment","floor":15,"key":"SMITH"}],"neow_cost":"NONE","seed_source_timestamp":1135412018298011,"circlet_count":0,"master_deck":["AscendersBane","Strike_B","Defend_B","Defend_B","Defend_B","Defend_B+1","Zap+1","Dualcast+1","Rip and Tear+1","Conserve Battery+1","White Noise+1","Defragment+1","Coolheaded+1","Ball Lightning","Defragment+1","Gash","Electrodynamics","Gash+1","Compile Driver"],"relics":["Cracked Core","Toxic Egg 2","Dream Catcher","Vajra","Oddly Smooth Stone","Velvet Choker","Nloth\u0027s Gift","Prayer Wheel"],"potions_floor_usage":[12,16,23],"damage_taken":[{"damage":8,"enemies":"2 Louse","floor":1,"turns":2},{"damage":7,"enemies":"Small Slimes","floor":4,"turns":3},{"damage":2,"enemies":"Jaw Worm","floor":5,"turns":4},{"damage":5,"enemies":"Lagavulin","floor":7,"turns":7},{"damage":7,"enemies":"3 Sentries","floor":12,"turns":7},{"damage":2,"enemies":"Exordium Thugs","floor":13,"turns":4},{"damage":8,"enemies":"Gremlin Nob","floor":14,"turns":3},{"damage":0,"enemies":"Slime Boss","floor":16,"turns":9},{"damage":0,"enemies":"Spheric Guardian","floor":18,"turns":3},{"damage":0,"enemies":"3 Byrds","floor":21,"turns":3},{"damage":22,"enemies":"Snake Plant","floor":22,"turns":4},{"damage":30,"enemies":"Slavers","floor":23,"turns":3},{"damage":37,"enemies":"Snecko","floor":24,"turns":4}],"seed_played":"3216115438297080248","potions_obtained":[{"floor":5,"key":"Regen Potion"},{"floor":12,"key":"FearPotion"},{"floor":13,"key":"SkillPotion"},{"floor":21,"key":"Ancient Potion"},{"floor":22,"key":"LiquidBronze"}],"is_trial":false,"path_per_floor":["M","?","?","M","M","R","E","?","T","$","R","E","M","E","R","B",null,"M","?","$","M","M","E","M"],"character_chosen":"DEFECT","items_purchased":["Coolheaded+1"],"campfire_rested":0,"item_purchase_floors":[10],"current_hp_per_floor":[63,58,58,51,49,49,44,37,37,37,37,45,43,35,35,35,67,67,67,67,67,45,15,0],"gold":176,"neow_bonus":"TEN_PERCENT_HP_BONUS","is_prod":false,"is_daily":false,"chose_seed":false,"campfire_upgraded":3,"win_rate":0,"timestamp":1549661212,"path_taken":["M","?","?","M","M","R","E","?","T","$","R","E","M","E","R","BOSS","M","?","?","?","M","E","M"],"build_version":"2019-02-06","purchased_purges":2,"victory":false,"max_hp_per_floor":[78,78,78,78,78,78,78,78,78,78,78,78,78,78,78,78,78,78,78,78,78,78,78,78],"card_choices":[{"not_picked":["Gash","Heatsinks"],"picked":"Rip and Tear","floor":1},{"not_picked":["Leap+1","Force Field+1"],"picked":"Conserve Battery+1","floor":4},{"not_picked":["Leap+1","Undo+1"],"picked":"White Noise+1","floor":5},{"not_picked":["Leap+1","Lockon"],"picked":"Defragment","floor":7},{"not_picked":["Rebound","Auto Shields+1"],"picked":"Ball Lightning","floor":12},{"not_picked":["Gash","Coolheaded+1"],"picked":"Defragment","floor":13},{"not_picked":["Chill+1","BootSequence+1"],"picked":"Gash","floor":14},{"not_picked":["Multi-Cast+1","Reboot+1"],"picked":"Electrodynamics","floor":16},{"not_picked":["Turbo+1","Lockon"],"picked":"Gash+1","floor":18},{"not_picked":["Beam Cell","Compile Driver","Ball Lightning"],"picked":"SKIP","floor":21},{"not_picked":["Leap+1","Redo+1"],"picked":"Compile Driver","floor":22},{"not_picked":["Redo+1","Machine Learning","Multi-Cast+1"],"picked":"SKIP","floor":23}],"player_experience":1836076,"relics_obtained":[{"floor":7,"key":"Dream Catcher"},{"floor":9,"key":"Vajra"},{"floor":12,"key":"War Paint"},{"floor":14,"key":"Oddly Smooth Stone"},{"floor":23,"key":"Prayer Wheel"}],"event_choices":[{"damage_healed":0,"gold_gain":0,"player_choice":"Success","damage_taken":5,"relics_obtained":["Toxic Egg 2"],"max_hp_gain":0,"max_hp_loss":0,"event_name":"Scrap Ooze","floor":2,"gold_loss":0},{"damage_healed":0,"gold_gain":0,"player_choice":"Grow","damage_taken":0,"max_hp_gain":0,"max_hp_loss":0,"event_name":"Living Wall","floor":3,"gold_loss":0,"cards_upgraded":["Rip and Tear"]},{"cards_removed":["Strike_B"],"damage_healed":0,"gold_gain":0,"player_choice":"Card Removal","damage_taken":7,"max_hp_gain":0,"max_hp_loss":0,"event_name":"Golden Wing","floor":8,"gold_loss":0},{"damage_healed":0,"gold_gain":0,"player_choice":"Traded Relic","damage_taken":0,"relics_obtained":["Nloth\u0027s Gift"],"max_hp_gain":0,"max_hp_loss":0,"event_name":"N\u0027loth","floor":19,"relics_lost":["War Paint"],"gold_loss":0}],"is_beta":true,"boss_relics":[{"not_picked":["Runic Dome","FrozenCore"],"picked":"Velvet Choker"}],"items_purged_floors":[10,20],"is_endless":false,"potions_floor_spawned":[5,12,13,14,21,22],"killed_by":"Snecko","ascension_level":20}