{"gold_per_floor":[116,116,136,149,49,81,81,109,109,120,120,120,120,134,134,233,233,253,253,266,53,53,87,87,118,143,68,68,106,124,124],"floor_reached":31,"playtime":1247,"items_purged":["Strike_R"],"score":602,"play_id":"3591b69a-04e2-4659-a941-69304006ee07","local_time":"20190802175333","is_ascension_mode":true,"campfire_choices":[{"data":"Hemokinesis","floor":7.0,"key":"SMITH"},{"data":"Cleave","floor":13.0,"key":"SMITH"},{"floor":15.0,"key":"REST"},{"floor":24.0,"key":"REST"},{"floor":28.0,"key":"REST"}],"neow_cost":"NONE","seed_source_timestamp":0,"circlet_count":0,"master_deck":["AscendersBane","Strike_R+1","Defend_R+1","Defend_R+1","Defend_R+1","Defend_R+1","Bash+1","Anger+1","Hemokinesis+1","Clothesline","Cleave+1","Heavy Blade+1","Blood for Blood+1","Corruption","RitualDagger","True Grit","Warcry+1","Offering+1","Inflame"],"special_seed":0,"relics":["Burning Blood","Pear","Magic Flower","Ice Cream","Golden Idol","Astrolabe","Lee\u0027s Waffle","Toxic Egg 2","Ancient Tea Set","Strawberry","Bag of Marbles"],"potions_floor_usage":[],"damage_taken":[{"damage":9.0,"enemies":"Jaw Worm","floor":1.0,"turns":4.0},{"damage":1.0,"enemies":"Cultist","floor":3.0,"turns":3.0},{"damage":8.0,"enemies":"2 Louse","floor":4.0,"turns":3.0},{"damage":28.0,"enemies":"3 Sentries","floor":6.0,"turns":5.0},{"damage":24.0,"enemies":"Lagavulin","floor":8.0,"turns":6.0},{"damage":5.0,"enemies":"2 Fungi Beasts","floor":10.0,"turns":3.0},{"damage":3.0,"enemies":"Looter","floor":14.0,"turns":2.0},{"damage":27.0,"enemies":"Slime Boss","floor":16.0,"turns":9.0},{"damage":33.0,"enemies":"Shell Parasite","floor":18.0,"turns":5.0},{"damage":33.0,"enemies":"3 Byrds","floor":20.0,"turns":6.0},{"damage":46.0,"enemies":"Book of Stabbing","floor":23.0,"turns":5.0},{"damage":70.0,"enemies":"Slavers","floor":25.0,"turns":8.0},{"damage":72.0,"enemies":"Book of Stabbing","floor":29.0,"turns":6.0},{"damage":6,"enemies":"Centurion and Healer","floor":30,"turns":3},{"damage":21,"enemies":"Shelled Parasite and Fungi","floor":31,"turns":1}],"seed_played":"-6033439590885735262","potions_obtained":[{"floor":3.0,"key":"Explosive Potion"},{"floor":8.0,"key":"PowerPotion"},{"floor":10.0,"key":"Block Potion"},{"floor":16.0,"key":"GamblersBrew"},{"floor":20.0,"key":"LiquidBronze"},{"floor":23.0,"key":"EssenceOfSteel"},{"floor":25.0,"key":"BloodPotion"}],"is_trial":false,"path_per_floor":["M","?","M","M","$","E","R","E","T","M","?","?","R","M","R","B",null,"M","?","M","$","?","E","R","E","T","?","R","E","M","M"],"character_chosen":"IRONCLAD","items_purchased":["Clothesline","Lee\u0027s Waffle"],"campfire_rested":3,"item_purchase_floors":[5,21],"current_hp_per_floor":[65,65,70,68,68,56,56,38,38,42,42,19,19,25,48,30,65,41,35,11,84,84,47,72,11,18,18,45,15,18,0],"gold":124,"neow_bonus":"UPGRADE_CARD","is_prod":false,"is_daily":false,"chose_seed":false,"campfire_upgraded":2,"win_rate":0,"timestamp":1564764813,"path_taken":["M","?","M","?","$","E","R","E","T","M","?","?","R","M","R","BOSS","M","?","M","$","?","E","R","E","T","?","R","E","M","M"],"build_version":"2019-07-18","purchased_purges":1,"victory":false,"max_hp_per_floor":[75,75,75,75,75,85,85,85,85,85,77,77,77,77,77,77,77,77,77,77,84,84,84,84,84,91,91,91,91,91,91],"card_choices":[{"not_picked":["Clash","Sword Boomerang"],"picked":"Anger","floor":1.0},{"not_picked":["Burning Pact","Searing Blow","Intimidate"],"picked":"SKIP","floor":3.0},{"not_picked":["Thunderclap","Havoc"],"picked":"Hemokinesis","floor":4.0},{"not_picked":["Havoc","Exhume"],"picked":"Cleave","floor":6.0},{"not_picked":["Heavy Blade","Wild Strike","Clothesline"],"picked":"SKIP","floor":8.0},{"not_picked":["Clothesline","Anger","Wild Strike"],"picked":"SKIP","floor":10.0},{"not_picked":["Heavy Blade","Havoc","Rage"],"picked":"SKIP","floor":14.0},{"not_picked":["Havoc","Thunderclap"],"picked":"Corruption","floor":18.0},{"not_picked":["Perfected Strike","Anger"],"picked":"True Grit","floor":20.0},{"not_picked":["Corruption","Bloodletting","Evolve"],"picked":"SKIP","floor":23.0},{"not_picked":["Reckless Charge","Body Slam"],"picked":"Warcry+1","floor":25.0},{"not_picked":["Warcry+1","Sentinel+1"],"picked":"Offering+1","floor":29.0},{"not_picked":["Wild Strike","Anger"],"picked":"Inflame","floor":30}],"player_experience":2271429,"relics_obtained":[{"floor":6.0,"key":"Pear"},{"floor":8.0,"key":"Magic Flower"},{"floor":9.0,"key":"Ice Cream"},{"floor":23.0,"key":"Toxic Egg 2"},{"floor":25.0,"key":"Ancient Tea Set"},{"floor":26.0,"key":"Strawberry"},{"floor":29.0,"key":"Bag of Marbles"}],"event_choices":[{"damage_healed":0.0,"max_hp_gain":0.0,"max_hp_loss":0.0,"gold_gain":0.0,"event_name":"Upgrade Shrine","player_choice":"Upgraded","floor":2.0,"gold_loss":0.0,"damage_taken":0.0,"cards_upgraded":["Anger"]},{"damage_healed":0.0,"max_hp_gain":0.0,"max_hp_loss":8.0,"gold_gain":0.0,"event_name":"Golden Idol","player_choice":"Lose Max HP","floor":11.0,"gold_loss":0.0,"damage_taken":0.0,"relics_obtained":["Golden Idol"]},{"damage_healed":0.0,"max_hp_gain":0.0,"max_hp_loss":0.0,"gold_gain":0.0,"event_name":"Shining Light","player_choice":"Entered Light","floor":12.0,"gold_loss":0.0,"damage_taken":23.0,"cards_upgraded":["Strike_R","Defend_R"]},{"damage_healed":0.0,"max_hp_gain":0.0,"max_hp_loss":0.0,"gold_gain":0.0,"event_name":"Nest","player_choice":"Joined the Cult","floor":19.0,"gold_loss":0.0,"damage_taken":6.0,"cards_obtained":["RitualDagger"]},{"damage_healed":0.0,"max_hp_gain":0.0,"max_hp_loss":0.0,"gold_gain":0.0,"event_name":"Back to Basics","player_choice":"Simplicity","floor":22.0,"gold_loss":0.0,"damage_taken":0.0,"cards_upgraded":["Defend_R","Defend_R","Defend_R"]},{"cards_removed":["Perfected Strike"],"damage_healed":0.0,"max_hp_gain":0.0,"max_hp_loss":0.0,"gold_gain":0.0,"event_name":"Beggar","player_choice":"Gave Gold","floor":27.0,"gold_loss":75.0,"damage_taken":0.0}],"is_beta":true,"boss_relics":[{"not_picked":["Eternal Feather","Orrery"],"picked":"Astrolabe"}],"items_purged_floors":[5],"is_endless":false,"potions_floor_spawned":[3,8,10,16,20,23,25],"killed_by":"Shelled Parasite and Fungi","ascension_level":20}