{"gold_per_floor":[216,216,233,213,233,233,265,278,278,307,320,320,320,320,320,397,397,415,415,434,325,325,325,325,325,325,354,371,386,414,449,449,522,522,537,252,352,1,18,48,48,74,74,107,125,151,151,161,161,161,161,161,161,31,58,58],"floor_reached":57,"playtime":3474,"items_purged":["Strike_R+1","Strike_R+1"],"score":3107,"play_id":"fbcb7c23-c27d-43b7-b6a0-2cf911d51833","local_time":"20190821001312","is_ascension_mode":true,"campfire_choices":[{"data":"Inflame","floor":6,"key":"SMITH"},{"data":"Shockwave","floor":13,"key":"SMITH"},{"data":"Armaments","floor":15,"key":"SMITH"},{"data":"Exhume","floor":23,"key":"SMITH"},{"data":"Heavy Blade","floor":25,"key":"SMITH"},{"data":"Offering","floor":32,"key":"SMITH"},{"floor":41,"key":"RECALL"},{"data":"Feel No Pain","floor":47,"key":"SMITH"},{"data":"Inflame","floor":49,"key":"SMITH"},{"data":"Shrug It Off","floor":53,"key":"SMITH"}],"neow_cost":"NONE","seed_source_timestamp":436907205430100,"circlet_count":0,"master_deck":["AscendersBane","Defend_R","Defend_R","Defend_R","Defend_R","Bash","Carnage","Inflame+1","Spot Weakness","Armaments+1","Shockwave+1","Offering+1","Heavy Blade+1","Shockwave","Exhume+1","Shrug It Off+1","Inflame+1","Battle Trance+1","Offering+1","True Grit+1","Ghostly Armor+1","Disarm+1","Intimidate+1","Feel No Pain+1","Shrug It Off+1","True Grit+1","Inflame","Corruption","Disarm+1"],"relics":["Burning Blood","Anchor","Red Skull","Meat on the Bone","Coffee Dripper","Nilry\u0027s Codex","Toxic Egg 2","Dead Branch","Red Mask","Torii","Lizard Tail","Lee\u0027s Waffle","Bird Faced Urn","Bronze Scales","Boot","Regal Pillow","The Courier","Blue Candle","Nunchaku"],"potions_floor_usage":[7,10,27,56],"damage_taken":[{"damage":13,"enemies":"Small Slimes","floor":1,"turns":6},{"damage":0,"enemies":"Cultist","floor":3,"turns":3},{"damage":7,"enemies":"Jaw Worm","floor":5,"turns":2},{"damage":25,"enemies":"Gremlin Nob","floor":7,"turns":4},{"damage":6,"enemies":"Looter","floor":8,"turns":3},{"damage":22,"enemies":"Lagavulin","floor":10,"turns":9},{"damage":7,"enemies":"2 Fungi Beasts","floor":11,"turns":4},{"damage":9,"enemies":"The Guardian","floor":16,"turns":9},{"damage":12,"enemies":"Spheric Guardian","floor":18,"turns":3},{"damage":9,"enemies":"3 Byrds","floor":20,"turns":5},{"damage":9,"enemies":"Book of Stabbing","floor":27,"turns":4},{"damage":6,"enemies":"3 Cultists","floor":28,"turns":2},{"damage":12,"enemies":"Centurion and Healer","floor":29,"turns":3},{"damage":14,"enemies":"Masked Bandits","floor":30,"turns":3},{"damage":17,"enemies":"Slavers","floor":31,"turns":5},{"damage":15,"enemies":"Automaton","floor":33,"turns":5},{"damage":35,"enemies":"3 Darklings","floor":35,"turns":3},{"damage":28,"enemies":"Mind Bloom Boss Battle","floor":37,"turns":5},{"damage":13,"enemies":"Orb Walker","floor":39,"turns":2},{"damage":19,"enemies":"Reptomancer","floor":40,"turns":4},{"damage":12,"enemies":"Giant Head","floor":42,"turns":3},{"damage":66,"enemies":"Nemesis","floor":44,"turns":5},{"damage":25,"enemies":"Transient","floor":45,"turns":6},{"damage":15,"enemies":"Giant Head","floor":46,"turns":3},{"damage":18,"enemies":"Spire Growth","floor":48,"turns":2},{"damage":16,"enemies":"Awakened One","floor":50,"turns":11},{"damage":35,"enemies":"Donu and Deca","floor":51,"turns":8},{"damage":6,"enemies":"Shield and Spear","floor":55,"turns":3},{"damage":18,"enemies":"The Heart","floor":56,"turns":7}],"seed_played":"-4571153242364174568","potions_obtained":[{"floor":1,"key":"Regen Potion"},{"floor":4,"key":"EssenceOfSteel"},{"floor":11,"key":"Fire Potion"},{"floor":20,"key":"Dexterity Potion"},{"floor":30,"key":"Regen Potion"},{"floor":42,"key":"PowerPotion"}],"is_trial":false,"path_per_floor":["M","?","M","?","M","R","E","M","T","E","M","?","R","?","R","B",null,"M","?","M","$","?","R","?","R","T","E","M","M","?","E","R","B",null,"M","$","?","$","M","E","R","E","T","E","M","E","R","M","R","B","B",null,"R","$","E","B",null],"character_chosen":"IRONCLAD","items_purchased":["Shrug It Off","Inflame","Lee\u0027s Waffle","Bronze Scales","Disarm+1","Inflame","Corruption"],"campfire_rested":0,"item_purchase_floors":[21,21,36,38,38,54,54],"current_hp_per_floor":[61,38,44,44,43,43,24,24,24,23,34,39,39,32,32,41,70,64,64,61,61,40,40,40,40,40,49,49,55,47,48,48,51,73,56,87,65,65,66,67,67,75,75,31,36,51,51,57,57,67,54,79,79,79,87,87],"gold":58,"neow_bonus":"HUNDRED_GOLD","is_prod":false,"is_daily":false,"chose_seed":false,"campfire_upgraded":9,"win_rate":0,"timestamp":1566342792,"path_taken":["M","?","M","?","M","R","E","M","T","E","?","?","R","?","R","BOSS","M","?","M","$","?","R","?","R","T","E","M","?","?","E","R","BOSS","M","$","?","$","M","E","R","E","T","E","M","E","R","M","R","BOSS","BOSS","R","$","E","BOSS"],"build_version":"2019-08-15","purchased_purges":2,"victory":true,"max_hp_per_floor":[75,75,75,75,75,75,75,75,75,75,75,80,80,80,80,80,80,80,80,80,80,80,80,80,80,80,80,80,80,80,80,80,80,80,80,87,87,87,87,87,87,87,87,87,87,87,87,87,87,87,87,87,87,87,87,87],"card_choices":[{"not_picked":["Blood for Blood","Twin Strike"],"picked":"Carnage","floor":1},{"not_picked":["Headbutt","Anger"],"picked":"Inflame","floor":3},{"not_picked":["Clothesline","Pommel Strike"],"picked":"Spot Weakness","floor":5},{"not_picked":["Hemokinesis","Clothesline"],"picked":"Armaments","floor":7},{"not_picked":["Sever Soul","Rage","Bloodletting"],"picked":"SKIP","floor":8},{"not_picked":["Havoc","Ghostly Armor"],"picked":"Shockwave","floor":10},{"not_picked":["Reckless Charge","Seeing Red","Perfected Strike"],"picked":"SKIP","floor":11},{"not_picked":["Immolate","Exhume"],"picked":"Offering","floor":16},{"not_picked":["Anger","Warcry"],"picked":"Heavy Blade","floor":18},{"not_picked":["Heavy Blade","Clash","Body Slam"],"picked":"SKIP","floor":20},{"not_picked":["Rupture","Cleave","Berserk"],"picked":"SKIP","floor":27},{"not_picked":["Blood for Blood","Twin Strike","Spot Weakness+1"],"picked":"SKIP","floor":28},{"not_picked":["Pommel Strike","Thunderclap","Clothesline"],"picked":"SKIP","floor":29},{"not_picked":["Havoc+1","Warcry+1"],"picked":"Battle Trance+1","floor":31},{"not_picked":["Immolate","Feed"],"picked":"Offering+1","floor":33},{"not_picked":["Armaments+1","Twin Strike"],"picked":"True Grit+1","floor":35},{"not_picked":["Sever Soul","Fire Breathing+1"],"picked":"Ghostly Armor+1","floor":37},{"not_picked":["Metallicize","Clash"],"picked":"Intimidate+1","floor":39},{"not_picked":["Shockwave+1","Body Slam+1"],"picked":"Feel No Pain","floor":40},{"not_picked":["Body Slam","Havoc+1","Evolve"],"picked":"SKIP","floor":42},{"not_picked":["Havoc+1","Brutality","Infernal Blade+1"],"picked":"SKIP","floor":44},{"not_picked":["Heavy Blade","Clash"],"picked":"Shrug It Off+1","floor":45},{"not_picked":["Intimidate+1","Thunderclap","Twin Strike"],"picked":"SKIP","floor":46},{"not_picked":["Dual Wield+1","Searing Blow"],"picked":"True Grit+1","floor":48},{"not_picked":["Body Slam+1","Pommel Strike+1"],"picked":"Disarm+1","floor":55}],"player_experience":2337736,"relics_obtained":[{"floor":7,"key":"Anchor"},{"floor":9,"key":"Red Skull"},{"floor":10,"key":"Meat on the Bone"},{"floor":22,"key":"Nilry\u0027s Codex"},{"floor":26,"key":"Toxic Egg 2"},{"floor":27,"key":"Dead Branch"},{"floor":30,"key":"Red Mask"},{"floor":31,"key":"Torii"},{"floor":37,"key":"Bird Faced Urn"},{"floor":40,"key":"Boot"},{"floor":42,"key":"Regal Pillow"},{"floor":44,"key":"The Courier"},{"floor":46,"key":"Blue Candle"},{"floor":55,"key":"Nunchaku"}],"event_choices":[{"damage_healed":0,"gold_gain":0,"player_choice":"Entered Light","damage_taken":23,"max_hp_gain":0,"max_hp_loss":0,"event_name":"Shining Light","floor":2,"gold_loss":0,"cards_upgraded":["Strike_R","Strike_R"]},{"damage_healed":0,"gold_gain":0,"player_choice":"Bought 1 Potion","damage_taken":0,"max_hp_gain":0,"max_hp_loss":0,"event_name":"The Woman in Blue","floor":4,"gold_loss":0},{"damage_healed":0,"gold_gain":0,"player_choice":"Donut","damage_taken":0,"max_hp_gain":5,"max_hp_loss":0,"event_name":"Big Fish","floor":12,"gold_loss":0},{"cards_removed":["Strike_R"],"damage_healed":0,"gold_gain":0,"player_choice":"Card Removal","damage_taken":7,"max_hp_gain":0,"max_hp_loss":0,"event_name":"Golden Wing","floor":14,"gold_loss":0},{"damage_healed":0,"gold_gain":0,"cards_transformed":["Strike_R","Strike_R"],"player_choice":"Became Test Subject","damage_taken":0,"max_hp_gain":0,"max_hp_loss":0,"event_name":"Drug Dealer","floor":19,"gold_loss":0,"cards_obtained":["Shockwave","Exhume"]},{"damage_healed":0,"gold_gain":0,"player_choice":"Obtained Book","damage_taken":21,"max_hp_gain":0,"max_hp_loss":0,"event_name":"Cursed Tome","floor":22,"gold_loss":0},{"damage_healed":0,"gold_gain":0,"player_choice":"Got Potions","damage_taken":0,"max_hp_gain":0,"max_hp_loss":0,"event_name":"Lab","floor":24,"gold_loss":0},{"damage_healed":0,"gold_gain":0,"player_choice":"Fought Bandits","damage_taken":0,"max_hp_gain":0,"max_hp_loss":0,"event_name":"Masked Bandits","floor":30,"gold_loss":0},{"damage_healed":0,"gold_gain":0,"player_choice":"Fight","damage_taken":0,"max_hp_gain":0,"max_hp_loss":0,"event_name":"MindBloom","floor":37,"gold_loss":0}],"is_beta":true,"boss_relics":[{"not_picked":["White Beast Statue","Fusion Hammer"],"picked":"Coffee Dripper"},{"not_picked":["Calling Bell","Eternal Feather"],"picked":"Lizard Tail"}],"items_purged_floors":[36,38],"is_endless":false,"potions_floor_spawned":[1,11,20,30,33,35,39,42],"ascension_level":20}