{"gold_per_floor":[113,129,147,97,97,114,124,135,159,171,214,240,277,289],"floor_reached":14,"playtime":908,"items_purged":[],"score":104,"play_id":"5e9e40f0-a27f-4572-aa7f-c862a2dc7bf2","local_time":"20190820223640","is_ascension_mode":false,"campfire_choices":[{"data":"Fission","floor":10,"key":"SMITH"}],"neow_cost":"NONE","seed_source_timestamp":13454278489191,"circlet_count":0,"master_deck":["Strike_B","Strike_B","Strike_B","Defend_B","Defend_B","Defend_B","Defend_B","Zap","Dualcast","Rebound","Consume","Fission+1","Darkness","Compile Driver","Cold Snap","Sweeping Beam","Echo Form","Turbo"],"relics":["Cracked Core","MawBank","Unceasing Top","Art of War"],"potions_floor_usage":[2,6,12,13],"damage_taken":[{"damage":0,"enemies":"2 Louse","floor":1,"turns":1},{"damage":5,"enemies":"Small Slimes","floor":2,"turns":2},{"damage":1,"enemies":"Cultist","floor":3,"turns":4},{"damage":8,"enemies":"Gremlin Gang","floor":6,"turns":4},{"damage":4,"enemies":"Blue Slaver","floor":7,"turns":4},{"damage":0,"enemies":"Large Slime","floor":8,"turns":5},{"damage":19,"enemies":"Lagavulin","floor":11,"turns":6},{"damage":1,"enemies":"Exordium Thugs","floor":12,"turns":3},{"damage":25,"enemies":"3 Sentries","floor":13,"turns":6},{"damage":15,"enemies":"Exordium Wildlife","floor":14,"turns":3}],"seed_played":"5600338478345729882","potions_obtained":[{"floor":0,"key":"Strength Potion"},{"floor":0,"key":"Strength Potion"},{"floor":0,"key":"FocusPotion"},{"floor":2,"key":"FairyPotion"},{"floor":3,"key":"Fire Potion"},{"floor":6,"key":"LiquidBronze"},{"floor":11,"key":"Block Potion"}],"is_trial":false,"path_per_floor":["M","M","M","?","?","M","M","M","T","R","E","M","E","M"],"character_chosen":"DEFECT","items_purchased":[],"campfire_rested":0,"item_purchase_floors":[],"current_hp_per_floor":[75,70,69,69,69,61,57,57,57,57,38,37,12,0],"gold":289,"neow_bonus":"THREE_SMALL_POTIONS","is_prod":false,"is_daily":false,"chose_seed":false,"campfire_upgraded":1,"win_rate":0,"timestamp":1566365800,"path_taken":["M","M","M","?","?","M","?","M","T","R","E","M","E","?"],"build_version":"2019-07-17","purchased_purges":0,"victory":false,"max_hp_per_floor":[75,75,75,75,75,75,75,75,75,75,75,75,75,75],"card_choices":[{"not_picked":["Consume","Stack"],"picked":"Rebound","floor":1},{"not_picked":["Beam Cell","Steam"],"picked":"Consume","floor":2},{"not_picked":["Compile Driver","Sweeping Beam"],"picked":"Fission","floor":3},{"not_picked":["Stack","Beam Cell"],"picked":"Darkness","floor":6},{"not_picked":["Hologram","Stack"],"picked":"Compile Driver","floor":7},{"not_picked":["Sweeping Beam","Turbo"],"picked":"Cold Snap","floor":8},{"not_picked":["Compile Driver","Streamline"],"picked":"Sweeping Beam","floor":11},{"not_picked":["Darkness","Conserve Battery"],"picked":"Echo Form","floor":12},{"not_picked":["Blizzard","Beam Cell"],"picked":"Turbo","floor":13}],"player_experience":679756,"relics_obtained":[{"floor":9,"key":"MawBank"},{"floor":11,"key":"Unceasing Top"},{"floor":13,"key":"Art of War"}],"event_choices":[{"cards_removed":["Strike_B"],"damage_healed":0,"gold_gain":0,"player_choice":"Card Removal","damage_taken":0,"max_hp_gain":0,"max_hp_loss":0,"event_name":"The Cleric","floor":4,"gold_loss":50},{"damage_healed":0,"gold_gain":0,"player_choice":"0 cards matched","damage_taken":0,"max_hp_gain":0,"max_hp_loss":0,"event_name":"Match and Keep!","floor":5,"gold_loss":0,"cards_obtained":[]}],"is_beta":false,"boss_relics":[],"items_purged_floors":[],"is_endless":false,"potions_floor_spawned":[2,3,6,11],"killed_by":"Exordium Wildlife","ascension_level":0}