{"gold_per_floor":[109,109,109,123,123,123,123,156,179,192,222,238,238,256,256,256],"floor_reached":16,"playtime":516,"items_purged":[],"score":140,"play_id":"c010a65b-f9d2-475c-8c3e-f7a92d09881d","local_time":"20190724122341","is_ascension_mode":true,"campfire_choices":[{"data":"Armaments","floor":6,"key":"SMITH"},{"data":"Immolate","floor":13,"key":"SMITH"},{"floor":15,"key":"REST"}],"neow_cost":"PERCENT_DAMAGE","seed_source_timestamp":610695460313400,"circlet_count":0,"master_deck":["Strike_R","Strike_R","Strike_R","Defend_R","Defend_R","Defend_R","Defend_R","Bash+1","Searing Blow","Uppercut","Armaments+1","Immolate+1","Shrug It Off"],"relics":["Burning Blood","Golden Idol","Mummified Hand","Omamori","Tiny Chest"],"potions_floor_usage":[14,16],"damage_taken":[{"damage":0,"enemies":"Small Slimes","floor":1,"turns":3},{"damage":0,"enemies":"Cultist","floor":4,"turns":3},{"damage":15,"enemies":"3 Sentries","floor":8,"turns":4},{"damage":9,"enemies":"2 Louse","floor":10,"turns":3},{"damage":10,"enemies":"Red Slaver","floor":12,"turns":4},{"damage":8,"enemies":"Large Slime","floor":14,"turns":6},{"damage":54,"enemies":"Slime Boss","floor":16,"turns":8}],"seed_played":"5129100368113812128","potions_obtained":[{"floor":8,"key":"Weak Potion"},{"floor":10,"key":"Ancient Potion"},{"floor":14,"key":"FearPotion"}],"is_trial":false,"path_per_floor":["M","?","?","M","?","R","?","E","T","M","?","M","R","M","R","B"],"character_chosen":"IRONCLAD","items_purchased":[],"campfire_rested":1,"item_purchase_floors":[],"current_hp_per_floor":[57,37,37,43,43,43,43,34,34,31,28,24,24,22,46,0],"gold":256,"neow_bonus":"TRANSFORM_TWO_CARDS","is_prod":false,"is_daily":false,"chose_seed":false,"campfire_upgraded":2,"win_rate":0,"timestamp":1563938621,"path_taken":["M","?","?","?","?","R","?","E","T","?","?","M","R","M","R","BOSS"],"build_version":"2019-07-17","purchased_purges":0,"victory":false,"max_hp_per_floor":[80,80,80,80,80,80,80,80,80,80,80,80,80,80,80,80],"card_choices":[{"not_picked":["Body Slam","Entrench"],"picked":"Armaments","floor":1},{"not_picked":["Sword Boomerang","Armaments","Warcry"],"picked":"SKIP","floor":4},{"not_picked":["Body Slam","Shockwave"],"picked":"Shrug It Off","floor":8},{"not_picked":["Headbutt","Reckless Charge","Iron Wave"],"picked":"SKIP","floor":10},{"not_picked":["Searing Blow","Pommel Strike","Warcry"],"picked":"SKIP","floor":12},{"not_picked":["Shrug It Off","Berserk","Ghostly Armor"],"picked":"SKIP","floor":14}],"player_experience":124086,"relics_obtained":[{"floor":8,"key":"Mummified Hand"},{"floor":9,"key":"Omamori"}],"event_choices":[{"damage_healed":0,"gold_gain":0,"player_choice":"Take Damage","damage_taken":20,"relics_obtained":["Golden Idol"],"max_hp_gain":0,"max_hp_loss":0,"event_name":"Golden Idol","floor":2,"gold_loss":0},{"damage_healed":0,"gold_gain":0,"player_choice":"Bought 0 Potions","damage_taken":0,"max_hp_gain":0,"max_hp_loss":0,"event_name":"The Woman in Blue","floor":3,"gold_loss":0},{"damage_healed":0,"gold_gain":0,"player_choice":"Grow","damage_taken":0,"max_hp_gain":0,"max_hp_loss":0,"event_name":"Living Wall","floor":5,"gold_loss":0,"cards_upgraded":["Bash"]},{"damage_healed":0,"gold_gain":0,"player_choice":"1 cards matched","damage_taken":0,"max_hp_gain":0,"max_hp_loss":0,"event_name":"Match and Keep!","floor":7,"gold_loss":0,"cards_obtained":["Immolate"]},{"damage_healed":0,"gold_gain":0,"player_choice":"Success","damage_taken":3,"relics_obtained":["Tiny Chest"],"max_hp_gain":0,"max_hp_loss":0,"event_name":"Scrap Ooze","floor":11,"gold_loss":0}],"is_beta":false,"boss_relics":[],"items_purged_floors":[],"is_endless":false,"potions_floor_spawned":[8,10,14],"killed_by":"Slime Boss","ascension_level":8}