{"gold_per_floor":[110,125,125,200,200,200,235,0,52,52,87,103,28,85,85,159,159,173,191,201,44,44,44,44,74,74,16,16,16,16,16,16,94,94,107,107,107,125,25,25,35,35,58,58,70,70,96,109,109,109,109],"floor_reached":52,"playtime":2344,"items_purged":["Strike_R","Wild Strike"],"score":2004,"play_id":"5afb892f-462f-4ae6-bd55-e6609c94bf6e","local_time":"20180914225720","is_ascension_mode":true,"campfire_choices":[{"data":"Bash","floor":6.0,"key":"SMITH"},{"data":"1","floor":10.0,"key":"LIFT"},{"data":"2","floor":15.0,"key":"LIFT"},{"data":"Uppercut","floor":23.0,"key":"SMITH"},{"data":"Demon Form","floor":28.0,"key":"SMITH"},{"floor":32,"key":"REST"},{"data":"3","floor":40,"key":"LIFT"},{"floor":44,"key":"DIG"},{"floor":46,"key":"DIG"},{"floor":49,"key":"DIG"}],"neow_cost":"TEN_PERCENT_HP_LOSS","seed_source_timestamp":0,"circlet_count":0,"master_deck":["Strike_R+1","Strike_R+1","Strike_R+1","Defend_R+1","Defend_R+1","Defend_R+1","Defend_R+1","Bash+1","AscendersBane","Shrug It Off","Pummel","Rampage","Uppercut+1","Disarm","Demon Form+1","Disarm","Flame Barrier","Flame Barrier","Disarm","Disarm","Reaper","True Grit+1","Master of Strategy","Magnetism","Shockwave","Uppercut+1","Iron Wave+1"],"special_seed":0,"relics":["Burning Blood","FossilizedHelix","Girya","Lee\u0027s Waffle","Regal Pillow","Shovel","Mango","Snecko Eye","Mercury Hourglass","Dead Branch","Kunai","Runic Dome","Blood Vial","Pen Nib","Paper Frog","Molten Egg 2","Charon\u0027s Ashes","Calipers"],"potions_floor_usage":[51,51],"damage_taken":[{"damage":6.0,"enemies":"Cultist","floor":1.0,"turns":4.0},{"damage":2.0,"enemies":"Jaw Worm","floor":2.0,"turns":3.0},{"damage":32.0,"enemies":"3 Sentries","floor":7.0,"turns":13.0},{"damage":24.0,"enemies":"Gremlin Nob","floor":11.0,"turns":4.0},{"damage":0.0,"enemies":"2 Louse","floor":12.0,"turns":2.0},{"damage":24.0,"enemies":"Gremlin Nob","floor":14.0,"turns":4.0},{"damage":32.0,"enemies":"Slime Boss","floor":16.0,"turns":12.0},{"damage":0.0,"enemies":"Spheric Guardian","floor":18.0,"turns":3.0},{"damage":1.0,"enemies":"Shell Parasite","floor":19.0,"turns":4.0},{"damage":17.0,"enemies":"3 Cultists","floor":20.0,"turns":6.0},{"damage":47.0,"enemies":"Slavers","floor":25.0,"turns":8.0},{"damage":0,"enemies":"Colosseum Slavers","floor":31,"turns":2},{"damage":3,"enemies":"Champ","floor":33,"turns":10},{"damage":0,"enemies":"3 Shapes","floor":35,"turns":4},{"damage":38,"enemies":"3 Darklings","floor":38,"turns":8},{"damage":0,"enemies":"Transient","floor":41,"turns":6},{"damage":15,"enemies":"Spire Growth","floor":45,"turns":4},{"damage":0,"enemies":"Nemesis","floor":47,"turns":3},{"damage":10,"enemies":"Sphere and 2 Shapes","floor":48,"turns":4},{"damage":0,"enemies":"Awakened One","floor":50,"turns":10},{"damage":44,"enemies":"Time Eater","floor":51,"turns":8}],"seed_played":"1795748891440428729","potions_obtained":[{"floor":12.0,"key":"SkillPotion"},{"floor":14.0,"key":"Energy Potion"},{"floor":16.0,"key":"Fire Potion"},{"floor":19.0,"key":"Dexterity Potion"},{"floor":20.0,"key":"GamblersBrew"}],"is_trial":false,"path_per_floor":["M","M","?","?","?","R","E","$","T","R","E","M","?","?","R","B",null,"M","M","M","$","?","R","?","E","T","$","R","T","?","?","R","B",null,"M","?","?","M","$","R","M","$","T","R","M","R","E","M","R","B","B"],"character_chosen":"IRONCLAD","items_purchased":["Lee\u0027s Waffle","Flame Barrier","Dexterity Potion"],"campfire_rested":1,"item_purchase_floors":[8,21,27],"current_hp_per_floor":[68,68,48,37,37,37,11,75,75,75,57,63,63,59,59,33,75,81,86,75,75,75,75,75,34,34,34,34,34,34,40,81,84,88,89,79,79,80,80,80,89,89,89,89,80,80,89,85,85,89,51],"gold":109,"neow_bonus":"ONE_RARE_RELIC","is_prod":false,"is_daily":false,"chose_seed":false,"campfire_upgraded":3,"win_rate":0,"timestamp":1536962240,"path_taken":["M","M","?","?","?","R","E","?","T","R","E","?","?","?","R","BOSS","M","M","?","$","?","R","?","E","T","$","R","?","?","?","R","BOSS","M","?","?","M","$","R","M","?","T","R","M","R","E","?","R","BOSS","BOSS"],"build_version":"2018-09-12","purchased_purges":2,"victory":true,"max_hp_per_floor":[68,68,68,68,68,68,68,75,75,75,75,75,75,89,89,89,89,89,89,89,89,89,89,89,89,89,89,89,89,89,89,89,89,89,89,89,89,89,89,89,89,89,89,89,89,89,89,89,89,89,89],"card_choices":[{"not_picked":["Heavy Blade","Infernal Blade"],"picked":"Wild Strike","floor":1.0},{"not_picked":["Dual Wield","Perfected Strike"],"picked":"Shrug It Off","floor":2.0},{"not_picked":["Cleave","Fire Breathing"],"picked":"Pummel","floor":7.0},{"not_picked":["Wild Strike","Rupture"],"picked":"Rampage","floor":11.0},{"not_picked":["Sword Boomerang","Body Slam"],"picked":"Uppercut","floor":12.0},{"not_picked":["Intimidate","Carnage"],"picked":"Disarm","floor":14.0},{"not_picked":["Double Tap","Offering"],"picked":"Demon Form","floor":16.0},{"not_picked":["Thunderclap+1","Armaments"],"picked":"Disarm","floor":18.0},{"not_picked":["Sword Boomerang+1","Twin Strike","Havoc"],"picked":"SKIP","floor":19.0},{"not_picked":["Reckless Charge+1","Cleave","Warcry"],"picked":"SKIP","floor":20.0},{"not_picked":["Thunderclap","Seeing Red"],"picked":"Disarm","floor":25.0},{"not_picked":["Dark Embrace","Limit Break"],"picked":"Reaper","floor":33},{"not_picked":["Sword Boomerang+1","Hemokinesis"],"picked":"True Grit+1","floor":35},{"not_picked":["Jack Of All Trades","Deep Breath"],"picked":"Master of Strategy","floor":36},{"not_picked":["Jack Of All Trades","Discovery"],"picked":"Magnetism","floor":36},{"not_picked":["Carnage","Infernal Blade","True Grit"],"picked":"SKIP","floor":38},{"not_picked":["Clash","Burning Pact"],"picked":"Shockwave","floor":41},{"not_picked":["Burning Pact","Blood for Blood","Clash"],"picked":"SKIP","floor":45},{"not_picked":["Wild Strike+1","Searing Blow+1"],"picked":"Uppercut+1","floor":47},{"not_picked":["Flame Barrier","Searing Blow+1"],"picked":"Iron Wave+1","floor":48}],"player_experience":1300945,"relics_obtained":[{"floor":7.0,"key":"Girya"},{"floor":9.0,"key":"Regal Pillow"},{"floor":11.0,"key":"Shovel"},{"floor":14.0,"key":"Mango"},{"floor":25.0,"key":"Mercury Hourglass"},{"floor":26.0,"key":"Dead Branch"},{"floor":29.0,"key":"Kunai"},{"floor":37,"key":"Blood Vial"},{"floor":43,"key":"Pen Nib"},{"floor":44,"key":"Paper Frog"},{"floor":46,"key":"Molten Egg 2"},{"floor":47,"key":"Charon\u0027s Ashes"},{"floor":49,"key":"Calipers"}],"event_choices":[{"event_name":"Shining Light","player_choice":"Entered Light","floor":3.0,"damage_taken":0.0},{"event_name":"World of Goop","player_choice":"Gather Gold","floor":4.0,"damage_taken":0.0},{"event_name":"Liars Game","player_choice":"disagreed","floor":5.0,"damage_taken":0.0},{"event_name":"The Cleric","player_choice":"Card Removal","floor":13.0,"damage_taken":0.0},{"event_name":"Dead Adventurer","player_choice":"Searched \u00272\u0027 times","floor":14.0,"damage_taken":0.0},{"event_name":"The Library","player_choice":"Read","floor":22.0,"damage_taken":0.0},{"event_name":"Back to Basics","player_choice":"Simplicity","floor":24.0,"damage_taken":0.0},{"event_name":"Duplicator","player_choice":"One dupe","floor":30.0,"damage_taken":0.0},{"event_name":"Colosseum","player_choice":"Fight","floor":31,"damage_taken":0},{"event_name":"Colosseum","player_choice":"Fled From Nobs","floor":31,"damage_taken":0},{"event_name":"SensoryStone","player_choice":"Memory 3","floor":36,"damage_taken":0},{"event_name":"Wheel of Change","player_choice":"Relic","floor":37,"damage_taken":0}],"is_beta":true,"boss_relics":[{"not_picked":["Cursed Key","Empty Cage"],"picked":"Snecko Eye"},{"not_picked":["Tiny House","Mark of Pain"],"picked":"Runic Dome"}],"items_purged_floors":[21,39],"is_endless":false,"potions_floor_spawned":[12,14,16,19,20,33,45,47],"ascension_level":20}