{"gold_per_floor":[110,122,135,135,147,179,191,218,276,304,335,409,421,433,445,555,567,595,622,17,30,46,46,78,95,118,135,170,189,189,215,215,317,317,334,67,79,91,103,103,133,133,133,148,248,248,248,259,259,259,259,259,0,25,25],"floor_reached":56,"playtime":4140,"items_purged":["Strike_B"],"score":1310,"play_id":"f3bde075-bfe3-463e-88b3-4c4c1e549205","local_time":"20190821000656","is_ascension_mode":false,"campfire_choices":[{"floor":7,"key":"REST"},{"floor":15,"key":"REST"},{"data":"Biased Cognition","floor":23,"key":"SMITH"},{"floor":32,"key":"RECALL"},{"data":"Creative AI","floor":40,"key":"SMITH"},{"data":"Defragment","floor":46,"key":"SMITH"},{"floor":49,"key":"REST"},{"data":"Coolheaded","floor":52,"key":"SMITH"}],"neow_cost":"NONE","seed_source_timestamp":15617827648912,"circlet_count":0,"master_deck":["Defend_B","Defend_B","Defend_B","Defend_B","Zap","Dualcast","Rebound","Cold Snap","Rip and Tear","Doom and Gloom","Undo","Chill","Conserve Battery","Leap","Biased Cognition+1","Compile Driver","Conserve Battery","Storm","Glacier+1","Self Repair","Clumsy","Storm","Barrage+1","Compile Driver","Decay","Parasite","Creative AI+1","Chaos+1","Cold Snap+1","FTL+1","Redo+1","Defragment+1","Loop+1","Force Field","Coolheaded+1","Steam Power+1","Writhe","Defragment+1","Coolheaded+1","Heatsinks+1"],"relics":["Black Star","Ancient Tea Set","The Courier","MawBank","Bag of Marbles","Tiny Chest","Smiling Mask","Ornamental Fan","Cursed Key","Symbiotic Virus","Runic Capacitor","Blue Candle","Dodecahedron","PreservedInsect","Blood Vial","Cables","Du-Vu Doll","Mummified Hand","Oddly Smooth Stone","Astrolabe","ClockworkSouvenir","Frozen Egg 2","Question Card","Mango","Torii","Shuriken","DataDisk","Mercury Hourglass"],"potions_floor_usage":[6,16,24,25,25,28,29,41,41,45,50,50,54,55,55],"damage_taken":[{"damage":1,"enemies":"2 Louse","floor":1,"turns":3},{"damage":5,"enemies":"Jaw Worm","floor":2,"turns":4},{"damage":0,"enemies":"Cultist","floor":3,"turns":4},{"damage":8,"enemies":"Exordium Wildlife","floor":5,"turns":4},{"damage":28,"enemies":"Gremlin Nob","floor":6,"turns":4},{"damage":0,"enemies":"Looter","floor":8,"turns":3},{"damage":3,"enemies":"Large Slime","floor":10,"turns":4},{"damage":5,"enemies":"Red Slaver","floor":11,"turns":5},{"damage":20,"enemies":"3 Sentries","floor":12,"turns":8},{"damage":5,"enemies":"The Guardian","floor":16,"turns":14},{"damage":10,"enemies":"Spheric Guardian","floor":18,"turns":7},{"damage":0,"enemies":"Chosen","floor":19,"turns":5},{"damage":1,"enemies":"Snecko","floor":21,"turns":6},{"damage":6,"enemies":"Snake Plant","floor":22,"turns":5},{"damage":8,"enemies":"Book of Stabbing","floor":24,"turns":8},{"damage":12,"enemies":"Sentry and Sphere","floor":25,"turns":7},{"damage":6,"enemies":"Cultist and Chosen","floor":27,"turns":7},{"damage":5,"enemies":"Slavers","floor":28,"turns":5},{"damage":9,"enemies":"Snecko","floor":29,"turns":4},{"damage":27,"enemies":"Collector","floor":33,"turns":7},{"damage":0,"enemies":"3 Shapes","floor":35,"turns":2},{"damage":0,"enemies":"Orb Walker","floor":37,"turns":2},{"damage":0,"enemies":"Sphere and 2 Shapes","floor":38,"turns":5},{"damage":22,"enemies":"4 Shapes","floor":39,"turns":3},{"damage":0,"enemies":"Giant Head","floor":41,"turns":5},{"damage":0,"enemies":"3 Darklings","floor":44,"turns":5},{"damage":0,"enemies":"Mind Bloom Boss Battle","floor":45,"turns":4},{"damage":7,"enemies":"Jaw Worm Horde","floor":48,"turns":3},{"damage":31,"enemies":"Donu and Deca","floor":50,"turns":5},{"damage":8,"enemies":"Shield and Spear","floor":54,"turns":4},{"damage":43,"enemies":"The Heart","floor":55,"turns":6}],"seed_played":"4199778474958966272","potions_obtained":[{"floor":3,"key":"PowerPotion"},{"floor":6,"key":"FearPotion"},{"floor":11,"key":"Poison Potion"},{"floor":16,"key":"FearPotion"},{"floor":21,"key":"Block Potion"},{"floor":22,"key":"EssenceOfSteel"},{"floor":25,"key":"Fire Potion"},{"floor":27,"key":"FearPotion"},{"floor":28,"key":"Regen Potion"},{"floor":33,"key":"FairyPotion"},{"floor":35,"key":"EntropicBrew"},{"floor":39,"key":"EntropicBrew"},{"floor":41,"key":"GamblersBrew"}],"is_trial":false,"path_per_floor":["M","M","M","?","M","E","R","M","T","M","M","E","T","?","R","B",null,"M","M","$","M","M","R","E","M","T","M","E","M","T","T","R","B",null,"M","$","M","M","M","R","E","?","T","M","?","R","?","M","R","B",null,"R","$","E","B",null],"character_chosen":"DEFECT","items_purchased":["Symbiotic Virus","Runic Capacitor","Blue Candle","Storm","Defragment","ClockworkSouvenir","Shuriken","FocusPotion"],"campfire_rested":3,"item_purchase_floors":[20,20,20,20,36,36,53,53],"current_hp_per_floor":[74,69,69,44,36,8,30,30,30,27,22,2,2,2,24,19,75,65,65,65,64,58,58,50,38,38,41,38,43,43,43,43,25,75,75,75,75,75,60,60,69,69,83,89,89,89,89,82,89,65,89,89,89,88,53],"gold":25,"neow_bonus":"BOSS_RELIC","is_prod":false,"is_daily":false,"chose_seed":false,"campfire_upgraded":4,"win_rate":0,"timestamp":1566371216,"path_taken":["M","M","M","?","M","E","R","M","T","M","M","E","?","?","R","BOSS","M","M","$","M","M","R","E","M","T","M","E","M","?","?","R","BOSS","M","$","M","M","M","R","E","?","T","M","?","R","?","M","R","BOSS","R","$","E","BOSS"],"build_version":"2019-07-17","purchased_purges":1,"victory":true,"max_hp_per_floor":[75,75,75,75,75,75,75,75,75,75,75,75,75,75,75,75,75,75,75,75,75,75,75,75,75,75,75,75,75,75,75,75,75,75,75,75,75,75,75,75,75,75,89,89,89,89,89,89,89,89,89,89,89,89,89],"card_choices":[{"not_picked":["Recycle","Redo"],"picked":"Rebound","floor":1},{"not_picked":["Self Repair","Steam"],"picked":"Cold Snap","floor":2},{"not_picked":["Cold Snap","Streamline"],"picked":"Rip and Tear","floor":3},{"not_picked":["Steam Power","Loop"],"picked":"Doom and Gloom","floor":5},{"not_picked":["Barrage","Meteor Strike"],"picked":"Undo","floor":6},{"not_picked":["Rebound","Compile Driver"],"picked":"Chill","floor":8},{"not_picked":["Fusion","Leap"],"picked":"Conserve Battery","floor":10},{"not_picked":["Redo","Go for the Eyes","Turbo"],"picked":"SKIP","floor":11},{"not_picked":["Steam Power","BootSequence"],"picked":"Leap","floor":12},{"not_picked":["Echo Form","Fission"],"picked":"Biased Cognition","floor":16},{"not_picked":["Cold Snap","Beam Cell"],"picked":"Compile Driver","floor":18},{"not_picked":["Barrage","Ball Lightning+1"],"picked":"Conserve Battery","floor":19},{"not_picked":["Static Discharge","Sweeping Beam"],"picked":"Glacier+1","floor":21},{"not_picked":["Genetic Algorithm","Leap","Rebound"],"picked":"SKIP","floor":22},{"not_picked":["Leap","Go for the Eyes+1","Compile Driver+1"],"picked":"SKIP","floor":24},{"not_picked":["Reprogram","Storm"],"picked":"Self Repair","floor":25},{"not_picked":["Leap+1","Cold Snap"],"picked":"Storm","floor":27},{"not_picked":["Melter","Lockon+1"],"picked":"Barrage+1","floor":28},{"not_picked":["Fission","FTL"],"picked":"Compile Driver","floor":29},{"not_picked":["Hyperbeam","Meteor Strike"],"picked":"Creative AI","floor":33},{"not_picked":["Streamline+1","Leap"],"picked":"Redo+1","floor":35},{"not_picked":["Redo","Rebound"],"picked":"Loop+1","floor":37},{"not_picked":["Gash+1","Streamline+1"],"picked":"Force Field","floor":38},{"not_picked":["Stack","Hologram"],"picked":"Coolheaded+1","floor":39},{"not_picked":["Beam Cell","Conserve Battery"],"picked":"Steam Power+1","floor":41},{"not_picked":["Cold Snap","Force Field","Steam+1"],"picked":"Defragment+1","floor":44},{"not_picked":["Stack","Sweeping Beam","Multi-Cast"],"picked":"Coolheaded","floor":45},{"not_picked":["Beam Cell+1","Turbo","Go for the Eyes+1"],"picked":"Heatsinks+1","floor":48},{"not_picked":["Fusion","BootSequence","Double Energy","Electrodynamics+1"],"picked":"SKIP","floor":54}],"player_experience":681411,"relics_obtained":[{"floor":6,"key":"The Courier"},{"floor":6,"key":"MawBank"},{"floor":12,"key":"Bag of Marbles"},{"floor":12,"key":"Tiny Chest"},{"floor":13,"key":"Smiling Mask"},{"floor":14,"key":"Ornamental Fan"},{"floor":24,"key":"Dodecahedron"},{"floor":24,"key":"PreservedInsect"},{"floor":26,"key":"Blood Vial"},{"floor":28,"key":"Cables"},{"floor":28,"key":"Du-Vu Doll"},{"floor":30,"key":"Mummified Hand"},{"floor":31,"key":"Oddly Smooth Stone"},{"floor":41,"key":"Frozen Egg 2"},{"floor":41,"key":"Question Card"},{"floor":43,"key":"Mango"},{"floor":45,"key":"Torii"},{"floor":54,"key":"DataDisk"},{"floor":54,"key":"Mercury Hourglass"}],"event_choices":[{"damage_healed":0,"gold_gain":0,"player_choice":"Success","damage_taken":25,"relics_obtained":["Ancient Tea Set"],"max_hp_gain":0,"max_hp_loss":0,"event_name":"Scrap Ooze","floor":4,"gold_loss":0},{"damage_healed":0,"gold_gain":0,"player_choice":"Relic","damage_taken":0,"max_hp_gain":0,"max_hp_loss":0,"event_name":"Wheel of Change","floor":14,"gold_loss":0},{"damage_healed":0,"gold_gain":0,"player_choice":"Ignored","damage_taken":0,"max_hp_gain":0,"max_hp_loss":0,"event_name":"Tomb of Lord Red Mask","floor":42,"gold_loss":0},{"damage_healed":0,"gold_gain":0,"player_choice":"Fight","damage_taken":0,"max_hp_gain":0,"max_hp_loss":0,"event_name":"MindBloom","floor":45,"gold_loss":0},{"damage_healed":0,"gold_gain":0,"player_choice":"Ignored","damage_taken":0,"max_hp_gain":0,"max_hp_loss":0,"event_name":"NoteForYourself","floor":47,"gold_loss":0}],"is_beta":false,"boss_relics":[{"not_picked":["Tiny House","Eternal Feather"],"picked":"Cursed Key"},{"not_picked":["Orrery","Philosopher\u0027s Stone"],"picked":"Astrolabe"}],"items_purged_floors":[36],"is_endless":false,"potions_floor_spawned":[3,6,11,16,21,22,25,27,28,33,35,39,41],"ascension_level":0}