{"gold_per_floor":[110,123,123,123,134,134,84,184,184,184,195,206,224,224],"floor_reached":14,"playtime":595,"items_purged":[],"score":115,"play_id":"fc40f04f-ee32-4ab6-9e88-e5e178a0a7b8","local_time":"20190725210445","is_ascension_mode":true,"campfire_choices":[{"data":"Armaments","floor":6,"key":"SMITH"},{"data":"Dual Wield","floor":10,"key":"SMITH"}],"neow_cost":"NONE","seed_source_timestamp":0,"circlet_count":0,"master_deck":["Strike_R","Strike_R","Strike_R","Defend_R","Defend_R","Defend_R","Defend_R","Bash","Dual Wield+1","Armaments+1","Shrug It Off","Second Wind"],"special_seed":0,"relics":["Burning Blood","Dodecahedron"],"potions_floor_usage":[12,14],"damage_taken":[{"damage":15,"enemies":"Cultist","floor":1,"turns":5},{"damage":0,"enemies":"Small Slimes","floor":2,"turns":3},{"damage":2,"enemies":"2 Louse","floor":5,"turns":2},{"damage":4,"enemies":"Large Slime","floor":11,"turns":8},{"damage":25,"enemies":"Lots of Slimes","floor":12,"turns":7},{"damage":21,"enemies":"2 Fungi Beasts","floor":13,"turns":6},{"damage":50,"enemies":"3 Sentries","floor":14,"turns":10}],"seed_played":"-1495936507479693433","potions_obtained":[{"floor":1,"key":"SkillPotion"},{"floor":13,"key":"GamblersBrew"}],"is_trial":false,"path_per_floor":["M","M","$","?","M","R","?","?","T","R","M","M","M","E"],"character_chosen":"IRONCLAD","items_purchased":[],"campfire_rested":0,"item_purchase_floors":[],"current_hp_per_floor":[63,69,69,69,73,73,73,73,73,73,75,56,41,0],"gold":224,"neow_bonus":"THREE_CARDS","is_prod":false,"is_daily":false,"chose_seed":false,"campfire_upgraded":2,"win_rate":0,"timestamp":1564056285,"path_taken":["M","?","$","?","?","R","?","?","T","R","?","M","M","E"],"build_version":"2019-07-17","purchased_purges":0,"victory":false,"max_hp_per_floor":[80,80,80,80,80,80,80,80,80,80,80,80,80,80],"card_choices":[{"not_picked":["Havoc","Bloodletting"],"picked":"Flame Barrier","floor":0.0},{"not_picked":["Reckless Charge","Clash"],"picked":"Dual Wield","floor":1},{"not_picked":["Bloodletting","Clothesline","Hemokinesis"],"picked":"SKIP","floor":2},{"not_picked":["Warcry","Flex"],"picked":"Armaments","floor":5},{"not_picked":["True Grit","Rupture"],"picked":"Shrug It Off","floor":11},{"not_picked":["Feel No Pain","Power Through"],"picked":"Second Wind","floor":12},{"not_picked":["Reckless Charge","Burning Pact","Sentinel"],"picked":"SKIP","floor":13}],"player_experience":127101,"relics_obtained":[{"floor":9,"key":"Dodecahedron"}],"event_choices":[{"cards_removed":["Strike_R"],"damage_healed":0,"gold_gain":0,"player_choice":"Purged","damage_taken":0,"max_hp_gain":0,"max_hp_loss":0,"event_name":"Purifier","floor":4,"gold_loss":0},{"cards_removed":["Strike_R"],"damage_healed":0,"gold_gain":0,"player_choice":"Card Removal","damage_taken":0,"max_hp_gain":0,"max_hp_loss":0,"event_name":"The Cleric","floor":7,"gold_loss":50},{"damage_healed":0,"gold_gain":100,"player_choice":"Pray","damage_taken":0,"max_hp_gain":0,"max_hp_loss":0,"event_name":"Golden Shrine","floor":8,"gold_loss":0}],"is_beta":false,"boss_relics":[],"items_purged_floors":[],"is_endless":false,"potions_floor_spawned":[1,13],"killed_by":"3 Sentries","ascension_level":8}