{"gold_per_floor":[119,129,129,129,140,168,185,218,218,218,235,235,262,279,279,357,357,370,370,390,402,163,195,195,224,224,258,258,288,315,332,332,403,403,421,421,439,661,661,690,744,306,306,326,337,370,370,390,390,390,390,390,390,20,46,46],"floor_reached":57,"playtime":3581,"items_purged":["Pain","Shame"],"score":3100,"play_id":"90c4e6d3-5c9a-4c83-a79b-d0a7a697f3ec","local_time":"20190515031911","is_ascension_mode":true,"campfire_choices":[{"data":"Whirlwind","floor":10.0,"key":"SMITH"},{"data":"Disarm","floor":12.0,"key":"SMITH"},{"data":"Bash","floor":15.0,"key":"SMITH"},{"floor":24,"key":"REST"},{"floor":32,"key":"REST"},{"floor":47,"key":"RECALL"},{"floor":49,"key":"REST"},{"floor":53,"key":"REST"}],"neow_cost":"NONE","seed_source_timestamp":0,"circlet_count":0,"master_deck":["AscendersBane","Strike_R","Strike_R","Strike_R","Strike_R","Defend_R","Defend_R+1","Defend_R","Defend_R+1","Bash+1","Whirlwind+1","Iron Wave","Disarm+1","Thunderclap","Battle Trance","Rampage","Fiend Fire","Shockwave","Corruption","Offering","Corruption+1","Metallicize","Inflame","Barricade","Doubt","Doubt","Pummel+1","Impervious","Warcry+1"],"special_seed":0,"relics":["Burning Blood","Anchor","WarpedTongs","Ice Cream","Self Forming Clay","Pocketwatch","Art of War","Fusion Hammer","Vajra","Mango","War Paint","Mummified Hand","Pen Nib","Nilry\u0027s Codex","PreservedInsect","Red Mask","Calling Bell","Bag of Marbles","Letter Opener","Dead Branch","Ancient Tea Set","Torii","Champion Belt","Centennial Puzzle","Incense Burner","Blood Vial"],"potions_floor_usage":[18,41,56,56],"damage_taken":[{"damage":0.0,"enemies":"2 Louse","floor":1.0,"turns":3.0},{"damage":3.0,"enemies":"Small Slimes","floor":2.0,"turns":4.0},{"damage":3.0,"enemies":"Cultist","floor":5.0,"turns":3.0},{"damage":10.0,"enemies":"Gremlin Nob","floor":6.0,"turns":3.0},{"damage":5.0,"enemies":"Exordium Wildlife","floor":7.0,"turns":3.0},{"damage":19.0,"enemies":"3 Sentries","floor":8.0,"turns":5.0},{"damage":5.0,"enemies":"3 Louse","floor":11.0,"turns":3.0},{"damage":4.0,"enemies":"Looter","floor":14.0,"turns":3.0},{"damage":21.0,"enemies":"Slime Boss","floor":16.0,"turns":8.0},{"damage":2,"enemies":"Spheric Guardian","floor":18,"turns":3},{"damage":7,"enemies":"2 Thieves","floor":20,"turns":3},{"damage":17,"enemies":"Cultist and Chosen","floor":21,"turns":5},{"damage":23,"enemies":"Slavers","floor":23,"turns":4},{"damage":4,"enemies":"Gremlin Leader","floor":25,"turns":6},{"damage":21,"enemies":"Slavers","floor":27,"turns":3},{"damage":4,"enemies":"Gremlin Leader","floor":29,"turns":4},{"damage":0,"enemies":"Masked Bandits","floor":30,"turns":2},{"damage":24,"enemies":"Chosen and Byrds","floor":31,"turns":5},{"damage":10,"enemies":"Champ","floor":33,"turns":9},{"damage":0,"enemies":"Orb Walker","floor":35,"turns":1},{"damage":7,"enemies":"3 Darklings","floor":37,"turns":4},{"damage":6,"enemies":"Reptomancer","floor":40,"turns":3},{"damage":29,"enemies":"2 Orb Walkers","floor":41,"turns":5},{"damage":1,"enemies":"Spire Growth","floor":44,"turns":4},{"damage":0,"enemies":"Transient","floor":45,"turns":6},{"damage":6,"enemies":"Giant Head","floor":46,"turns":3},{"damage":6,"enemies":"Sphere and 2 Shapes","floor":48,"turns":2},{"damage":6,"enemies":"Time Eater","floor":50,"turns":10},{"damage":0,"enemies":"Awakened One","floor":51,"turns":9},{"damage":9,"enemies":"Shield and Spear","floor":55,"turns":3},{"damage":30,"enemies":"The Heart","floor":56,"turns":8}],"seed_played":"-6287447684964407218","potions_obtained":[{"floor":5.0,"key":"AttackPotion"},{"floor":8.0,"key":"Dexterity Potion"},{"floor":11.0,"key":"Energy Potion"},{"floor":20,"key":"Energy Potion"},{"floor":37,"key":"Block Potion"},{"floor":44,"key":"SpeedPotion"},{"floor":48,"key":"PowerPotion"}],"is_trial":false,"path_per_floor":["M","M","?","?","M","E","M","E","T","R","M","R","T","M","R","B",null,"M","?","M","M","$","E","R","E","T","E","?","E","?","M","R","B",null,"M","?","M","?","?","E","?","$","T","M","M","E","R","M","R","B","B",null,"R","$","E","B",null],"character_chosen":"IRONCLAD","items_purchased":["Vajra","Champion Belt","Incense Burner","PowerPotion"],"campfire_rested":4,"item_purchase_floors":[22,42,54,54],"current_hp_per_floor":[74,75,75,75,75,71,72,59,59,59,60,60,60,62,62,47,68,72,72,71,60,60,57,83,85,85,70,49,51,57,39,65,61,82,88,85,84,84,84,84,61,61,61,66,72,72,72,72,85,85,85,85,85,85,82,60],"gold":46,"neow_bonus":"RANDOM_COMMON_RELIC","is_prod":false,"is_daily":false,"chose_seed":false,"campfire_upgraded":3,"win_rate":0,"timestamp":1557886751,"path_taken":["M","M","?","?","M","E","M","E","T","R","?","R","?","M","R","BOSS","M","?","M","M","$","E","R","E","T","E","?","E","?","M","R","BOSS","M","?","M","?","?","E","?","$","T","M","M","E","R","M","R","BOSS","BOSS","R","$","E","BOSS"],"build_version":"2019-05-07","purchased_purges":2,"victory":true,"max_hp_per_floor":[75,75,75,75,75,75,75,75,75,75,75,75,75,75,75,75,75,75,75,75,75,75,89,89,89,89,89,89,89,89,89,89,89,89,89,85,85,85,85,85,85,85,85,85,85,85,85,85,85,85,85,85,85,85,85,85],"card_choices":[{"not_picked":["Twin Strike","Warcry"],"picked":"Whirlwind","floor":1.0},{"not_picked":["Dual Wield","Dropkick","Entrench"],"picked":"SKIP","floor":2.0},{"not_picked":["Power Through","Heavy Blade"],"picked":"Iron Wave","floor":5.0},{"not_picked":["Thunderclap","Cleave"],"picked":"Disarm","floor":6.0},{"not_picked":["Cleave","Intimidate"],"picked":"Thunderclap","floor":7.0},{"not_picked":["Spot Weakness","Clash"],"picked":"Battle Trance","floor":8.0},{"not_picked":["Clothesline","Bloodletting"],"picked":"Rampage","floor":11.0},{"not_picked":["Headbutt","Flex","Warcry"],"picked":"SKIP","floor":14.0},{"not_picked":["Reaper","Limit Break"],"picked":"Fiend Fire","floor":16.0},{"not_picked":["Havoc","Anger","Flex"],"picked":"SKIP","floor":18},{"not_picked":["Headbutt","Anger"],"picked":"Corruption","floor":20},{"not_picked":["Thunderclap","Sword Boomerang","Clash"],"picked":"SKIP","floor":21},{"not_picked":["Armaments","Clothesline"],"picked":"Offering","floor":23},{"not_picked":["Dropkick","Twin Strike","Flex+1"],"picked":"SKIP","floor":25},{"not_picked":["Havoc","Thunderclap","Iron Wave"],"picked":"SKIP","floor":27},{"not_picked":["Clash","Dual Wield"],"picked":"Corruption+1","floor":29},{"not_picked":["Dual Wield","Sword Boomerang"],"picked":"Metallicize","floor":30},{"not_picked":["Sentinel","Ghostly Armor"],"picked":"Inflame","floor":31},{"not_picked":["Berserk","Brutality"],"picked":"Barricade","floor":33},{"not_picked":["Pommel Strike+1","Twin Strike","Reckless Charge"],"picked":"SKIP","floor":35},{"not_picked":["Uppercut","Pommel Strike"],"picked":"Pummel+1","floor":37},{"not_picked":["Hemokinesis","Power Through","Metallicize"],"picked":"SKIP","floor":40},{"not_picked":["Pommel Strike+1","Iron Wave"],"picked":"Impervious","floor":41},{"not_picked":["Metallicize","Spot Weakness"],"picked":"Warcry+1","floor":44},{"not_picked":["Whirlwind","Body Slam","Clash"],"picked":"SKIP","floor":45},{"not_picked":["Perfected Strike","Double Tap","Heavy Blade"],"picked":"SKIP","floor":46},{"not_picked":["Clothesline","Combust","Thunderclap"],"picked":"SKIP","floor":48},{"not_picked":["Armaments","Wild Strike+1","Blood for Blood"],"picked":"SKIP","floor":55}],"player_experience":2053776,"relics_obtained":[{"floor":6.0,"key":"Ice Cream"},{"floor":8.0,"key":"Self Forming Clay"},{"floor":9.0,"key":"Pocketwatch"},{"floor":13.0,"key":"Art of War"},{"floor":23,"key":"Mango"},{"floor":25,"key":"War Paint"},{"floor":26,"key":"Mummified Hand"},{"floor":27,"key":"Pen Nib"},{"floor":28,"key":"Nilry\u0027s Codex"},{"floor":29,"key":"PreservedInsect"},{"floor":30,"key":"Red Mask"},{"floor":34,"key":"Bag of Marbles"},{"floor":34,"key":"Letter Opener"},{"floor":34,"key":"Dead Branch"},{"floor":40,"key":"Ancient Tea Set"},{"floor":41,"key":"Torii"},{"floor":46,"key":"Centennial Puzzle"},{"floor":55,"key":"Blood Vial"}],"event_choices":[{"damage_healed":0.0,"max_hp_gain":0.0,"max_hp_loss":0.0,"gold_gain":0.0,"event_name":"Liars Game","player_choice":"Ignored","floor":3.0,"gold_loss":0.0,"damage_taken":0.0},{"damage_healed":0.0,"max_hp_gain":0.0,"max_hp_loss":0.0,"gold_gain":0.0,"event_name":"Accursed Blacksmith","player_choice":"Rummage","floor":4.0,"gold_loss":0.0,"damage_taken":0.0,"relics_obtained":["WarpedTongs"],"cards_obtained":["Pain"]},{"damage_healed":0,"gold_gain":0,"player_choice":"Read","damage_taken":0,"max_hp_gain":0,"max_hp_loss":0,"event_name":"The Library","floor":19,"gold_loss":0,"cards_obtained":["Shockwave"]},{"damage_healed":0,"gold_gain":0,"player_choice":"Obtained Book","damage_taken":21,"max_hp_gain":0,"max_hp_loss":0,"event_name":"Cursed Tome","floor":28,"gold_loss":0},{"damage_healed":0,"gold_gain":0,"player_choice":"Fought Bandits","damage_taken":0,"max_hp_gain":0,"max_hp_loss":0,"event_name":"Masked Bandits","floor":30,"gold_loss":0},{"damage_healed":0,"gold_gain":0,"player_choice":"Max HP","damage_taken":0,"max_hp_gain":0,"max_hp_loss":4,"event_name":"Winding Halls","floor":36,"gold_loss":0},{"damage_healed":0,"gold_gain":222,"player_choice":"Wore Mask","damage_taken":0,"max_hp_gain":0,"max_hp_loss":0,"event_name":"Tomb of Lord Red Mask","floor":38,"gold_loss":0},{"cards_removed":["Strike_R"],"damage_healed":0,"gold_gain":0,"player_choice":"Removed Attack","damage_taken":0,"max_hp_gain":0,"max_hp_loss":0,"event_name":"Falling","floor":39,"gold_loss":0},{"damage_healed":0,"gold_gain":0,"player_choice":"Fight","damage_taken":0,"max_hp_gain":0,"max_hp_loss":0,"event_name":"Mysterious Sphere","floor":41,"gold_loss":0}],"is_beta":true,"boss_relics":[{"not_picked":["Runic Dome","Mark of Pain"],"picked":"Fusion Hammer"},{"not_picked":["Eternal Feather","Philosopher\u0027s Stone"],"picked":"Calling Bell"}],"items_purged_floors":[22,42],"is_endless":false,"potions_floor_spawned":[5,8,11,14,20,27,33,35,37,44,46,48],"ascension_level":20}