{"gold_per_floor":[118,118,131,184,72,101,101,128,154,176,55,71,104,115,115,115],"floor_reached":16,"playtime":638,"items_purged":["Strike_R"],"score":290,"play_id":"122eb1ca-3f14-44a6-bbb8-2b9731f6168a","local_time":"20180906145152","is_ascension_mode":true,"campfire_choices":[{"data":"Clothesline","floor":7,"key":"SMITH"},{"data":"Bash","floor":15,"key":"SMITH"}],"neow_cost":"NONE","seed_source_timestamp":1701233086922203,"circlet_count":0,"master_deck":["Strike_R","Strike_R","Strike_R","Strike_R","Defend_R","Defend_R","Defend_R","Defend_R","Bash+1","AscendersBane","Disarm","Clothesline+1","Battle Trance","Anger","Thunderclap+1","Reaper+1","Armaments+1","True Grit+1","Power Through+1","Havoc+1"],"relics":["Burning Blood","NeowsBlessing","Tiny Chest","Molten Egg 2","Toxic Egg 2","MawBank","Smiling Mask"],"potions_floor_usage":[8,12,13],"damage_taken":[{"damage":0,"enemies":"2 Louse","floor":1,"turns":1},{"damage":0,"enemies":"Cultist","floor":3,"turns":1},{"damage":0,"enemies":"Lagavulin","floor":6,"turns":1},{"damage":18,"enemies":"3 Sentries","floor":8,"turns":7},{"damage":12,"enemies":"Small Slimes","floor":10,"turns":2},{"damage":32,"enemies":"Exordium Wildlife","floor":12,"turns":7},{"damage":18,"enemies":"Lagavulin","floor":13,"turns":8},{"damage":12,"enemies":"Red Slaver","floor":14,"turns":4},{"damage":47,"enemies":"Slime Boss","floor":16,"turns":8}],"seed_played":"-380678149767587722","potions_obtained":[{"floor":1,"key":"Ancient Potion"},{"floor":3,"key":"Fire Potion"},{"floor":8,"key":"BloodPotion"},{"floor":13,"key":"LiquidBronze"}],"is_trial":false,"path_per_floor":["M","?","M","T","$","E","R","E","T","M","$","M","E","M","R"],"character_chosen":"IRONCLAD","items_purchased":["Battle Trance","Anger","True Grit+1"],"campfire_rested":0,"item_purchase_floors":[5,5,11],"current_hp_per_floor":[74,75,75,75,75,75,75,63,63,69,69,57,45,42,42,0],"gold":115,"neow_bonus":"THREE_ENEMY_KILL","is_prod":false,"is_daily":false,"chose_seed":false,"campfire_upgraded":2,"win_rate":0,"timestamp":1536241912,"path_taken":["M","?","M","?","$","E","R","E","T","M","$","?","E","M","R","BOSS"],"build_version":"2018-09-04-v2","purchased_purges":1,"victory":false,"max_hp_per_floor":[75,75,75,75,75,75,75,75,75,75,75,75,75,75,75,75],"card_choices":[{"not_picked":["Perfected Strike","Combust"],"picked":"Disarm","floor":1},{"not_picked":["Perfected Strike","Rage"],"picked":"Clothesline","floor":3},{"not_picked":["Twin Strike","Searing Blow"],"picked":"Thunderclap","floor":6},{"not_picked":["Shrug It Off","True Grit"],"picked":"Reaper+1","floor":8},{"not_picked":["Cleave+1","Reckless Charge+1"],"picked":"Armaments+1","floor":10},{"not_picked":["Clash+1","Clothesline+1"],"picked":"Power Through+1","floor":12},{"not_picked":["Anger+1","Searing Blow+1","Wild Strike+1"],"picked":"SKIP","floor":13},{"not_picked":["Infernal Blade+1","Combust"],"picked":"Havoc+1","floor":14}],"player_experience":1263376,"relics_obtained":[{"floor":4,"key":"Tiny Chest"},{"floor":6,"key":"Molten Egg 2"},{"floor":8,"key":"Toxic Egg 2"},{"floor":9,"key":"MawBank"},{"floor":13,"key":"Smiling Mask"}],"event_choices":[{"event_name":"Wheel of Change","player_choice":"Full Heal","floor":2,"damage_taken":0}],"is_beta":true,"boss_relics":[],"items_purged_floors":[11],"is_endless":false,"potions_floor_spawned":[1,3,8,13],"killed_by":"Slime Boss","ascension_level":20}