{"path_per_floor":["M","?","?","M","?","R","E","R","T","R","E","T","M","$","R","B",null,"M","?","M","?","M","R","$","M","T","R","M","R","M","M","R","B",null,"M","M","?","$","M","R","E","R","T","T","R","M","T","M","R"],"character_chosen":"IRONCLAD","items_purchased":["Demon Form","Sentinel+1","Reaper","Blood Vial","Warcry+1","Sentinel+1"],"gold_per_floor":[111,111,111,130,205,205,237,237,286,286,312,363,379,72,72,144,144,160,260,277,277,290,320,41,54,77,77,94,94,109,129,129,204,204,220,238,238,35,46,46,75,75,122,122,122,137,160,174,174,174],"floor_reached":50,"campfire_rested":4,"playtime":2786,"item_purchase_floors":[],"current_hp_per_floor":[66,66,33,39,28,28,22,22,22,44,45,45,49,49,49,42,67,57,57,49,74,33,33,33,31,31,31,25,47,70,73,73,75,75,75,75,75,75,75,75,45,45,45,45,67,58,58,52,74,0],"items_purged":["Strike_R","Strike_R"],"gold":174,"score":859,"play_id":"4d8f5977-1d7d-427a-bd61-7e9e1a682adb","local_time":"20180527000352","is_prod":false,"is_daily":false,"chose_seed":false,"is_ascension_mode":true,"campfire_upgraded":2,"win_rate":0,"timestamp":1527375832,"campfire_choices":[{"data":"Bash","floor":6.0,"key":"SMITH"},{"floor":8.0,"key":"DIG"},{"floor":10.0,"key":"REST"},{"floor":15.0,"key":"DIG"},{"floor":23.0,"key":"DIG"},{"data":"Barricade","floor":27.0,"key":"SMITH"},{"floor":29.0,"key":"REST"},{"floor":32.0,"key":"DIG"},{"floor":40.0,"key":"DIG"},{"floor":42,"key":"DIG"},{"floor":45,"key":"REST"},{"floor":49,"key":"REST"}],"path_taken":["M","?","?","M","?","R","E","R","T","R","E","?","M","?","R","BOSS","M","?","M","?","?","R","$","M","T","R","M","R","?","?","R","BOSS","M","M","?","$","M","R","E","R","T","?","R","?","?","M","R","BOSS"],"build_version":"2018-05-25","seed_source_timestamp":0,"purchased_purges":2,"victory":false,"master_deck":["Strike_R","Strike_R","Strike_R","Defend_R","Defend_R","Defend_R","Defend_R","Bash+1","AscendersBane","Clothesline+1","Anger","Sentinel","Feel No Pain","Fiend Fire","Warcry+1","Demon Form","Sentinel+1","Barricade+1","Bloodletting+1","Battle Trance+1","Reaper","Armaments+1","Ghostly Armor+1","Body Slam","Impervious+1","Warcry+1","Disarm+1","True Grit+1","Warcry+1","Sentinel+1","Rupture+1","Reaper"],"max_hp_per_floor":[75,75,75,75,75,75,75,75,75,75,75,75,75,75,75,75,75,75,75,75,75,75,75,75,75,75,75,75,75,75,75,75,75,75,75,75,75,75,75,75,75,75,75,75,75,75,75,75,75,75],"relics":["Burning Blood","Lantern","Shovel","Toxic Egg 2","Anchor","Orichalcum","Pen Nib","Bronze Scales","Sozu","Tiny Chest","Blood Vial","Vajra","Potion Belt","Orrery","Turnip","Shuriken","Unceasing Top","Ancient Tea Set","Toolbox","Bag of Marbles"],"card_choices":[{"not_picked":["Headbutt","Iron Wave"],"picked":"Clothesline","floor":0.0},{"not_picked":["Searing Blow","Uppercut"],"picked":"Anger","floor":1.0},{"not_picked":["Burning Pact","Sword Boomerang"],"picked":"Sentinel","floor":4.0},{"not_picked":["Clash","Twin Strike"],"picked":"Feel No Pain","floor":7.0},{"not_picked":["Headbutt","Wild Strike"],"picked":"Fiend Fire","floor":11.0},{"not_picked":["Burning Pact+1","Clothesline"],"picked":"Warcry+1","floor":13.0},{"not_picked":["Bludgeon","Limit Break+1"],"picked":"Barricade","floor":16.0},{"not_picked":["Cleave","Shockwave+1"],"picked":"Bloodletting+1","floor":18.0},{"not_picked":["Corruption","Clash","Twin Strike"],"picked":"SKIP","floor":20.0},{"not_picked":["Armaments+1","Ghostly Armor+1"],"picked":"Battle Trance+1","floor":22.0},{"not_picked":["Heavy Blade","Iron Wave"],"picked":"Armaments+1","floor":25.0},{"not_picked":["Armaments+1","Cleave"],"picked":"Ghostly Armor+1","floor":28.0},{"not_picked":["Armaments+1","Anger"],"picked":"Body Slam","floor":30.0},{"not_picked":["Bloodletting+1","Juggernaut","Sword Boomerang+1"],"picked":"SKIP","floor":31.0},{"not_picked":["Limit Break+1","Feed"],"picked":"Impervious+1","floor":33.0},{"not_picked":["Pummel","Iron Wave"],"picked":"Warcry+1","floor":34.0},{"not_picked":["Armaments+1","Seeing Red+1"],"picked":"Disarm+1","floor":35.0},{"not_picked":["Seeing Red+1","Twin Strike+1"],"picked":"True Grit+1","floor":36.0},{"not_picked":["Rupture","Sword Boomerang","Rampage"],"picked":"SKIP","floor":39.0},{"not_picked":["Uppercut","Wild Strike+1","Headbutt"],"picked":"SKIP","floor":41},{"not_picked":["Reckless Charge","Thunderclap"],"picked":"Rupture+1","floor":46},{"not_picked":["Body Slam","Flex+1"],"picked":"Reaper","floor":48}],"player_experience":627946,"potions_floor_usage":[],"damage_taken":[{"damage":8.0,"enemies":"Small Slimes","floor":1.0,"turns":4.0},{"damage":0.0,"enemies":"Cultist","floor":4.0,"turns":3.0},{"damage":12.0,"enemies":"Gremlin Nob","floor":7.0,"turns":3.0},{"damage":5.0,"enemies":"Lagavulin","floor":11.0,"turns":7.0},{"damage":2.0,"enemies":"2 Louse","floor":13.0,"turns":3.0},{"damage":13.0,"enemies":"Hexaghost","floor":16.0,"turns":8.0},{"damage":16.0,"enemies":"Spheric Guardian","floor":18.0,"turns":4.0},{"damage":14.0,"enemies":"2 Thieves","floor":20.0,"turns":4.0},{"damage":47.0,"enemies":"3 Cultists","floor":22.0,"turns":6.0},{"damage":16.0,"enemies":"Snecko","floor":25.0,"turns":5.0},{"damage":14.0,"enemies":"Snake Plant","floor":28.0,"turns":5.0},{"damage":13.0,"enemies":"Centurion and Healer","floor":30.0,"turns":6.0},{"damage":8.0,"enemies":"Snecko","floor":31.0,"turns":6.0},{"damage":2.0,"enemies":"Champ","floor":33.0,"turns":14.0},{"damage":9.0,"enemies":"3 Darklings","floor":35.0,"turns":8.0},{"damage":0.0,"enemies":"Orb Walker","floor":36.0,"turns":4.0},{"damage":19.0,"enemies":"Flame Bruiser 2 Orb","floor":39.0,"turns":7.0},{"damage":36,"enemies":"Nemesis","floor":41,"turns":11},{"damage":22,"enemies":"Maw","floor":46,"turns":8},{"damage":20,"enemies":"Spire Growth","floor":48,"turns":8},{"damage":124,"enemies":"Donu and Deca","floor":50,"turns":10}],"relics_obtained":[{"floor":7.0,"key":"Shovel"},{"floor":8.0,"key":"Toxic Egg 2"},{"floor":9.0,"key":"Anchor"},{"floor":11.0,"key":"Orichalcum"},{"floor":12.0,"key":"Pen Nib"},{"floor":15.0,"key":"Bronze Scales"},{"floor":23.0,"key":"Tiny Chest"},{"floor":26.0,"key":"Vajra"},{"floor":32.0,"key":"Potion Belt"},{"floor":40.0,"key":"Turnip"},{"floor":41,"key":"Shuriken"},{"floor":42,"key":"Unceasing Top"},{"floor":43,"key":"Ancient Tea Set"},{"floor":44,"key":"Toolbox"},{"floor":47,"key":"Bag of Marbles"}],"event_choices":[{"event_name":"Accursed Blacksmith","player_choice":"Forge","floor":2.0,"damage_taken":0.0},{"event_name":"Scrap Ooze","player_choice":"success","floor":3.0,"damage_taken":33.0},{"event_name":"World of Goop","player_choice":"Gather Gold","floor":5.0,"damage_taken":0.0},{"event_name":"Golden Shrine","player_choice":"Pray","floor":19.0,"damage_taken":0.0},{"event_name":"The Library","player_choice":"Heal","floor":21.0,"damage_taken":0.0},{"event_name":"The Lab","player_choice":"Got Potions","floor":37.0,"damage_taken":0.0}],"boss_relics":[],"items_purged_floors":[],"potions_floor_spawned":[4,7,13,16,18,25,31,41,46],"seed_played":"-7143450267810712448","killed_by":"Donu and Deca","ascension_level":14,"potions_obtained":[{"floor":4.0,"key":"AttackPotion"},{"floor":7.0,"key":"PowerPotion"},{"floor":13.0,"key":"SkillPotion"},{"floor":16.0,"key":"Poison Potion"}],"is_trial":false}