{"gold_per_floor":[13,29,29,29,29,69,69,84,84,102,52,71,143,30,30,161,161,180,200,200,213,47,47],"floor_reached":23,"playtime":1686,"items_purged":["Strike_B"],"score":201,"play_id":"2166f08f-77ed-474a-be29-4f4b89cb9cd5","local_time":"20190816125355","is_ascension_mode":true,"campfire_choices":[{"data":"Double Energy","floor":7,"key":"SMITH"},{"floor":15,"key":"REST"}],"neow_cost":"NO_GOLD","seed_source_timestamp":3315371753984,"circlet_count":0,"master_deck":["Strike_B+1","Strike_B","Defend_B","Defend_B","Defend_B","Defend_B","Zap","Dualcast","Panacea","Madness","Streamline+1","Static Discharge+1","Double Energy+1","Heatsinks","Seek","Hologram","Storm","Multi-Cast","Double Energy+1","Recycle","Conserve Battery"],"relics":["Cracked Core","Bloody Idol","Bird Faced Urn","Dodecahedron","Nuclear Battery","Art of War"],"potions_floor_usage":[6,16,16,18,21,21],"damage_taken":[{"damage":7,"enemies":"2 Louse","floor":1,"turns":3},{"damage":11,"enemies":"Jaw Worm","floor":2,"turns":3},{"damage":6,"enemies":"Gremlin Nob","floor":6,"turns":3},{"damage":1,"enemies":"Cultist","floor":8,"turns":3},{"damage":15,"enemies":"Looter","floor":10,"turns":2},{"damage":7,"enemies":"Blue Slaver","floor":12,"turns":3},{"damage":49,"enemies":"Slime Boss","floor":16,"turns":8},{"damage":17,"enemies":"2 Thieves","floor":18,"turns":2},{"damage":0,"enemies":"Chosen","floor":19,"turns":4},{"damage":16,"enemies":"Centurion and Healer","floor":21,"turns":6},{"damage":67,"enemies":"Slavers","floor":23,"turns":3}],"seed_played":"7219948788804852588","potions_obtained":[{"floor":1,"key":"PowerPotion"},{"floor":6,"key":"LiquidBronze"},{"floor":12,"key":"Energy Potion"},{"floor":16,"key":"AttackPotion"},{"floor":18,"key":"SpeedPotion"},{"floor":19,"key":"AttackPotion"}],"is_trial":false,"path_per_floor":["M","M","?","?","?","E","R","M","T","M","?","M","T","$","R","B",null,"M","M","?","M","$","E"],"character_chosen":"DEFECT","items_purchased":["Storm","Art of War","Conserve Battery"],"campfire_rested":1,"item_purchase_floors":[14,22,22],"current_hp_per_floor":[68,57,57,43,43,37,37,38,38,27,27,24,24,24,44,1,69,56,62,62,57,57,0],"gold":47,"neow_bonus":"RANDOM_COLORLESS_2","is_prod":false,"is_daily":false,"chose_seed":false,"campfire_upgraded":1,"win_rate":0,"timestamp":1565985235,"path_taken":["M","M","?","?","?","E","R","?","T","M","?","M","?","$","R","BOSS","M","M","?","M","$","E"],"build_version":"2019-07-17","purchased_purges":1,"victory":false,"max_hp_per_floor":[75,75,69,69,69,69,69,69,69,69,69,69,69,69,69,69,69,69,69,69,69,69,69],"card_choices":[{"not_picked":["Darkness","Gash"],"picked":"Streamline","floor":1},{"not_picked":["Beam Cell","Compile Driver"],"picked":"Static Discharge","floor":2},{"not_picked":["Steam Power","Force Field"],"picked":"Double Energy","floor":6},{"not_picked":["Lockon","Stack"],"picked":"Heatsinks","floor":8},{"not_picked":["Stack","Steam"],"picked":"Seek","floor":10},{"not_picked":["Beam Cell","Turbo"],"picked":"Hologram","floor":12},{"not_picked":["Rainbow","Core Surge"],"picked":"Multi-Cast","floor":16},{"not_picked":["Beam Cell","Go for the Eyes","Blizzard"],"picked":"SKIP","floor":18},{"not_picked":["Sweeping Beam","White Noise"],"picked":"Double Energy+1","floor":19},{"not_picked":["Sweeping Beam","Sunder+1"],"picked":"Recycle","floor":21}],"player_experience":118153,"relics_obtained":[{"floor":6,"key":"Bird Faced Urn"},{"floor":13,"key":"Dodecahedron"}],"event_choices":[{"damage_healed":0,"gold_gain":0,"player_choice":"Lose Max HP","damage_taken":0,"relics_obtained":["Golden Idol"],"max_hp_gain":0,"max_hp_loss":6,"event_name":"Golden Idol","floor":3,"gold_loss":0},{"damage_healed":0,"gold_gain":0,"player_choice":"Entered Light","damage_taken":14,"max_hp_gain":0,"max_hp_loss":0,"event_name":"Shining Light","floor":4,"gold_loss":0,"cards_upgraded":["Streamline","Strike_B"]},{"damage_healed":0,"gold_gain":0,"player_choice":"Upgraded","damage_taken":0,"max_hp_gain":0,"max_hp_loss":0,"event_name":"Upgrade Shrine","floor":5,"gold_loss":0,"cards_upgraded":["Static Discharge"]},{"cards_removed":["Strike_B"],"damage_healed":0,"gold_gain":0,"player_choice":"Card Removal","damage_taken":0,"max_hp_gain":0,"max_hp_loss":0,"event_name":"The Cleric","floor":11,"gold_loss":50},{"damage_healed":0,"gold_gain":0,"player_choice":"Gave Idol","damage_taken":0,"relics_obtained":["Bloody Idol"],"max_hp_gain":0,"max_hp_loss":0,"event_name":"Forgotten Altar","floor":20,"relics_lost":["Golden Idol"],"gold_loss":0}],"is_beta":false,"boss_relics":[{"not_picked":["Orrery","Ectoplasm"],"picked":"Nuclear Battery"}],"items_purged_floors":[14],"is_endless":false,"potions_floor_spawned":[1,6,12,16,18,19],"killed_by":"Slavers","ascension_level":1}