{"gold_per_floor":[111,121,101,21,34,34,59,59,59,59,87,27,39,66,66,140,140,158,158,158,158,59,59],"floor_reached":23,"playtime":2431,"items_purged":["Strike_R","Strike_R"],"score":410,"play_id":"2a830cef-d209-4c5a-b21f-f585fb9a9a67","local_time":"20190607104051","is_ascension_mode":true,"campfire_choices":[{"data":"Bash","floor":6,"key":"SMITH"},{"data":"Body Slam","floor":8,"key":"SMITH"},{"data":"Headbutt","floor":10,"key":"SMITH"},{"data":"Demon Form","floor":15,"key":"SMITH"}],"neow_cost":"PERCENT_DAMAGE","seed_source_timestamp":493771665566150,"circlet_count":0,"master_deck":["AscendersBane","Strike_R","Strike_R","Strike_R","Defend_R","Defend_R","Defend_R","Defend_R","Bash+1","Metallicize","Headbutt+1","Feel No Pain","Body Slam+1","Demon Form+1","Rampage","Spot Weakness","Immolate","Burning Pact","Corruption","Heavy Blade"],"relics":["Burning Blood","Gremlin Horn","Ice Cream","The Courier","Juzu Bracelet","Snecko Eye"],"potions_floor_usage":[11,23],"damage_taken":[{"damage":3,"enemies":"2 Louse","floor":1,"turns":3},{"damage":3,"enemies":"Cultist","floor":2,"turns":3},{"damage":12,"enemies":"Jaw Worm","floor":5,"turns":6},{"damage":15,"enemies":"3 Sentries","floor":7,"turns":19},{"damage":2,"enemies":"Lagavulin","floor":11,"turns":5},{"damage":10,"enemies":"Blue Slaver","floor":13,"turns":5},{"damage":14,"enemies":"3 Sentries","floor":14,"turns":13},{"damage":41,"enemies":"The Guardian","floor":16,"turns":9},{"damage":6,"enemies":"2 Thieves","floor":18,"turns":2},{"damage":44,"enemies":"Book of Stabbing","floor":23,"turns":3}],"seed_played":"-7645960792866566217","potions_obtained":[{"floor":1,"key":"Energy Potion"},{"floor":3,"key":"Strength Potion"},{"floor":11,"key":"GamblersBrew"},{"floor":13,"key":"FearPotion"}],"is_trial":false,"path_per_floor":["M","M","?","$","M","R","E","R","T","R","E","$","M","E","R","B",null,"M","?","?","T","$","E"],"character_chosen":"IRONCLAD","items_purchased":["Feel No Pain","Heavy Blade"],"campfire_rested":0,"item_purchase_floors":[4,22],"current_hp_per_floor":[67,70,70,70,64,64,55,55,55,55,59,59,55,47,47,12,70,70,70,44,44,44,0],"gold":59,"neow_bonus":"TWENTY_PERCENT_HP_BONUS","is_prod":false,"is_daily":false,"chose_seed":false,"campfire_upgraded":4,"win_rate":0,"timestamp":1559900451,"path_taken":["M","M","?","?","M","R","E","R","T","R","E","$","M","E","R","BOSS","M","?","?","?","?","E"],"build_version":"2019-06-05","purchased_purges":2,"victory":false,"max_hp_per_floor":[89,89,89,89,89,89,89,89,89,89,89,89,89,89,89,89,89,89,89,94,94,94,94],"card_choices":[{"not_picked":["Headbutt","Perfected Strike"],"picked":"Metallicize","floor":1},{"not_picked":["Cleave","Iron Wave"],"picked":"Headbutt","floor":2},{"not_picked":["Warcry","Bloodletting","Havoc"],"picked":"SKIP","floor":5},{"not_picked":["Fire Breathing","Evolve"],"picked":"Body Slam","floor":7},{"not_picked":["Sword Boomerang","Wild Strike"],"picked":"Demon Form","floor":11},{"not_picked":["Pommel Strike","Perfected Strike"],"picked":"Rampage","floor":13},{"not_picked":["Pummel","Burning Pact"],"picked":"Spot Weakness","floor":14},{"not_picked":["Exhume","Bludgeon"],"picked":"Immolate","floor":16},{"not_picked":["Wild Strike","Iron Wave"],"picked":"Burning Pact","floor":18}],"player_experience":2093013,"relics_obtained":[{"floor":7,"key":"Gremlin Horn"},{"floor":9,"key":"Ice Cream"},{"floor":11,"key":"The Courier"},{"floor":14,"key":"Juzu Bracelet"}],"event_choices":[{"damage_healed":0,"gold_gain":0,"player_choice":"Bought 1 Potion","damage_taken":0,"max_hp_gain":0,"max_hp_loss":0,"event_name":"The Woman in Blue","floor":3,"gold_loss":0},{"damage_healed":0,"gold_gain":0,"player_choice":"Read","damage_taken":0,"max_hp_gain":0,"max_hp_loss":0,"event_name":"The Library","floor":19,"gold_loss":0,"cards_obtained":["Corruption"]},{"damage_healed":0,"gold_gain":0,"player_choice":"Shed Blood","damage_taken":31,"max_hp_gain":5,"max_hp_loss":0,"event_name":"Forgotten Altar","floor":20,"gold_loss":0}],"is_beta":true,"boss_relics":[{"not_picked":["Lizard Tail","Philosopher\u0027s Stone"],"picked":"Snecko Eye"}],"items_purged_floors":[12,22],"is_endless":false,"potions_floor_spawned":[1,11,13,14],"killed_by":"Book of Stabbing","ascension_level":20}