{"gold_per_floor":[116,130,141,154,167,167,198,35,87,112,112,112,143,68,68,158,158,173,153,203,203,203,203,118,118,172,187,227,227,227,277,277,371,371,386,407,407,425,440,475,488,488,511,511,844,871,871,377,377,377,377],"floor_reached":51,"playtime":2640,"items_purged":["Strike_G"],"score":1557,"play_id":"5fd61c88-5ab8-4545-b1cb-b5dca69b63db","local_time":"20181224191535","is_ascension_mode":true,"campfire_choices":[{"data":"Dagger Spray","floor":6.0,"key":"SMITH"},{"floor":12.0,"key":"REST"},{"data":"Neutralize","floor":15.0,"key":"SMITH"},{"data":"Wraith Form v2","floor":23.0,"key":"SMITH"},{"data":"Flechettes","floor":25.0,"key":"SMITH"},{"data":"Noxious Fumes","floor":30.0,"key":"SMITH"},{"data":"After Image","floor":32.0,"key":"SMITH"},{"floor":42,"key":"REST"},{"floor":44,"key":"REST"},{"floor":47,"key":"RECALL"},{"data":"Catalyst","floor":49,"key":"SMITH"}],"neow_cost":"NONE","seed_source_timestamp":0,"circlet_count":0,"master_deck":["AscendersBane","Defend_G","Defend_G","Defend_G","Defend_G","Defend_G","Strike_G+1","Strike_G+1","Strike_G","Survivor","Neutralize+1","Flechettes+1","PiercingWail","Cloak And Dagger","After Image+1","Dagger Spray+1","Quick Slash","Poisoned Stab","Wraith Form v2+1","Cloak And Dagger","Ghostly","Ghostly","Ghostly","Deadly Poison","Noxious Fumes+1","Envenom","Bouncing Flask+1","Panacea","Leg Sweep","Well Laid Plans","Catalyst+1","Backflip"],"special_seed":0,"relics":["Ring of the Snake","Whetstone","Ancient Tea Set","Vajra","Strawberry","Mercury Hourglass","Pen Nib","Philosopher\u0027s Stone","Bag of Preparation","PreservedInsect","Pear","WristBlade","Centennial Puzzle","Mummified Hand","Shuriken"],"potions_floor_usage":[41],"damage_taken":[{"damage":0.0,"enemies":"Cultist","floor":1.0,"turns":4.0},{"damage":3.0,"enemies":"Jaw Worm","floor":2.0,"turns":4.0},{"damage":1.0,"enemies":"Small Slimes","floor":3.0,"turns":4.0},{"damage":0.0,"enemies":"2 Fungi Beasts","floor":4.0,"turns":3.0},{"damage":0.0,"enemies":"Looter","floor":5.0,"turns":3.0},{"damage":18.0,"enemies":"3 Sentries","floor":7.0,"turns":7.0},{"damage":28.0,"enemies":"Gremlin Nob","floor":10.0,"turns":6.0},{"damage":10.0,"enemies":"Lagavulin","floor":13.0,"turns":5.0},{"damage":16.0,"enemies":"The Guardian","floor":16.0,"turns":14.0},{"damage":5.0,"enemies":"Shell Parasite","floor":18.0,"turns":4.0},{"damage":2.0,"enemies":"2 Thieves","floor":19.0,"turns":4.0},{"damage":0.0,"enemies":"Centurion and Healer","floor":27.0,"turns":6.0},{"damage":10.0,"enemies":"Gremlin Leader","floor":28.0,"turns":4.0},{"damage":0.0,"enemies":"Collector","floor":33.0,"turns":8.0},{"damage":0.0,"enemies":"3 Shapes","floor":35.0,"turns":4.0},{"damage":0.0,"enemies":"3 Darklings","floor":36.0,"turns":5.0},{"damage":2,"enemies":"Jaw Worm Horde","floor":38,"turns":6},{"damage":2,"enemies":"4 Shapes","floor":39,"turns":6},{"damage":21,"enemies":"Giant Head","floor":40,"turns":9},{"damage":0,"enemies":"Transient","floor":41,"turns":6},{"damage":0,"enemies":"Nemesis","floor":46,"turns":7},{"damage":32,"enemies":"Donu and Deca","floor":50,"turns":12},{"damage":12,"enemies":"Time Eater","floor":51,"turns":3}],"seed_played":"-606109155961362625","potions_obtained":[{"floor":1.0,"key":"Ancient Potion"},{"floor":3.0,"key":"SkillPotion"},{"floor":7.0,"key":"EssenceOfSteel"},{"floor":19.0,"key":"Swift Potion"},{"floor":36.0,"key":"FearPotion"},{"floor":40,"key":"LiquidBronze"},{"floor":46,"key":"EssenceOfSteel"}],"is_trial":false,"path_per_floor":["M","M","M","M","M","R","E","$","T","E","?","R","E","?","R","B",null,"M","M","?","?","?","R","?","R","T","M","E","?","R","?","R","B",null,"M","M","?","M","M","E","M","R","T","R","?","E","R","$","R","B","B"],"character_chosen":"THE_SILENT","items_purchased":["Vajra","Catalyst","Backflip","Shuriken"],"campfire_rested":3,"item_purchase_floors":[8,48,48,48],"current_hp_per_floor":[59,56,55,55,55,55,37,37,44,16,16,35,25,25,25,9,52,47,45,45,45,33,33,33,33,33,33,33,33,33,33,33,33,41,41,41,41,39,37,16,16,28,28,40,40,40,40,40,40,8,0],"gold":377,"neow_bonus":"RANDOM_COMMON_RELIC","is_prod":false,"is_daily":false,"chose_seed":false,"campfire_upgraded":7,"win_rate":0,"timestamp":1545678935,"path_taken":["M","M","?","M","M","R","E","$","T","E","?","R","E","?","R","BOSS","M","M","?","?","?","R","?","R","T","?","E","?","R","?","R","BOSS","M","?","?","M","M","E","M","R","T","R","?","E","R","$","R","BOSS","BOSS"],"build_version":"2018-12-20","purchased_purges":1,"victory":false,"max_hp_per_floor":[66,66,66,66,66,66,66,66,73,73,66,66,66,66,66,66,66,66,66,66,66,33,33,33,33,33,33,43,43,43,43,43,43,43,43,43,43,43,43,43,43,43,43,43,43,43,43,43,43,43,43],"card_choices":[{"not_picked":["Acrobatics","Heel Hook"],"picked":"Flechettes","floor":1.0},{"not_picked":["Blade Dance","Prepared"],"picked":"PiercingWail","floor":2.0},{"not_picked":["PiercingWail","Sucker Punch"],"picked":"Cloak And Dagger","floor":3.0},{"not_picked":["Deadly Poison","Poisoned Stab"],"picked":"After Image","floor":4.0},{"not_picked":["Expertise","Riddle With Holes"],"picked":"Dagger Spray","floor":5.0},{"not_picked":["Dodge and Roll","Accuracy"],"picked":"Quick Slash","floor":7.0},{"not_picked":["Accuracy","Bane","Blade Dance"],"picked":"SKIP","floor":10.0},{"not_picked":["Blade Dance","Backflip"],"picked":"Poisoned Stab","floor":13.0},{"not_picked":["Storm of Steel","Unload"],"picked":"Wraith Form v2","floor":16.0},{"not_picked":["Eviscerate","Slice","Prepared"],"picked":"SKIP","floor":18.0},{"not_picked":["Leg Sweep","Slice"],"picked":"Cloak And Dagger","floor":19.0},{"not_picked":["Bane","Slice","Underhanded Strike"],"picked":"SKIP","floor":27.0},{"not_picked":["Bullet Time","All Out Attack"],"picked":"Deadly Poison","floor":28.0},{"not_picked":["Unload","Grand Finale"],"picked":"Envenom","floor":33.0},{"not_picked":["Sucker Punch","Underhanded Strike"],"picked":"Bouncing Flask+1","floor":35.0},{"not_picked":["Setup","Dodge and Roll","Deflect"],"picked":"SKIP","floor":36.0},{"not_picked":["Violence","Blind"],"picked":"Panacea","floor":37.0},{"not_picked":["Acrobatics","PiercingWail"],"picked":"Leg Sweep","floor":38},{"not_picked":["Endless Agony","Dodge and Roll","Slice"],"picked":"SKIP","floor":39},{"not_picked":["Finisher","Leg Sweep","Die Die Die"],"picked":"SKIP","floor":40},{"not_picked":["Heel Hook","Blade Dance"],"picked":"Well Laid Plans","floor":41},{"not_picked":["Calculated Gamble","Flechettes","Quick Slash+1"],"picked":"SKIP","floor":46}],"player_experience":1715482,"relics_obtained":[{"floor":7.0,"key":"Ancient Tea Set"},{"floor":9.0,"key":"Strawberry"},{"floor":10.0,"key":"Mercury Hourglass"},{"floor":13.0,"key":"Pen Nib"},{"floor":26.0,"key":"PreservedInsect"},{"floor":28.0,"key":"Pear"},{"floor":40,"key":"Centennial Puzzle"},{"floor":46,"key":"Mummified Hand"}],"event_choices":[{"damage_healed":0.0,"max_hp_gain":0.0,"max_hp_loss":7.0,"gold_gain":0.0,"event_name":"Golden Idol","player_choice":"Lose Max HP","floor":11.0,"gold_loss":0.0,"damage_taken":0.0,"relics_obtained":["Golden Idol"]},{"cards_removed":["Strike_G"],"damage_healed":0.0,"max_hp_gain":0.0,"max_hp_loss":0.0,"gold_gain":0.0,"event_name":"The Cleric","player_choice":"Card Removal","floor":14.0,"gold_loss":75.0,"damage_taken":0.0},{"damage_healed":0.0,"max_hp_gain":0.0,"max_hp_loss":0.0,"gold_gain":50.0,"event_name":"Nest","player_choice":"Stole From Cult","floor":20.0,"gold_loss":0.0,"damage_taken":0.0},{"damage_healed":0.0,"max_hp_gain":0.0,"max_hp_loss":0.0,"gold_gain":0.0,"event_name":"The Mausoleum","player_choice":"Ignored","floor":21.0,"gold_loss":0.0,"damage_taken":0.0},{"damage_healed":0.0,"max_hp_gain":0.0,"max_hp_loss":33.0,"gold_gain":0.0,"event_name":"Ghosts","player_choice":"Became a Ghost","floor":22.0,"gold_loss":0.0,"damage_taken":0.0,"cards_obtained":["Ghostly","Ghostly","Ghostly"]},{"damage_healed":0.0,"max_hp_gain":0.0,"max_hp_loss":0.0,"gold_gain":0.0,"event_name":"Addict","player_choice":"Obtained Relic","floor":24.0,"gold_loss":85.0,"damage_taken":0.0,"relics_obtained":["Bag of Preparation"]},{"damage_healed":0.0,"max_hp_gain":0.0,"max_hp_loss":0.0,"gold_gain":0.0,"event_name":"The Library","player_choice":"Read","floor":29.0,"gold_loss":0.0,"damage_taken":0.0,"cards_obtained":["Noxious Fumes"]},{"damage_healed":0.0,"max_hp_gain":0.0,"max_hp_loss":0.0,"gold_gain":100.0,"event_name":"The Joust","player_choice":"Bet on Murderer","floor":31.0,"gold_loss":50.0,"damage_taken":0.0},{"damage_healed":0.0,"max_hp_gain":0.0,"max_hp_loss":0.0,"gold_gain":0.0,"event_name":"SensoryStone","player_choice":"Memory 1","floor":37.0,"gold_loss":0.0,"damage_taken":0.0},{"damage_healed":0,"gold_gain":333,"player_choice":"Gave Idol","damage_taken":0,"max_hp_gain":0,"max_hp_loss":0,"event_name":"The Moai Head","floor":45,"relics_lost":["Golden Idol"],"gold_loss":0}],"is_beta":true,"boss_relics":[{"not_picked":["Ring of the Serpent","Coffee Dripper"],"picked":"Philosopher\u0027s Stone"},{"not_picked":["Velvet Choker","Calling Bell"],"picked":"WristBlade"}],"items_purged_floors":[48],"is_endless":false,"potions_floor_spawned":[1,3,7,19,27,36,38,40,46],"killed_by":"Time Eater","ascension_level":20}