{"gold_per_floor":[114,134,17,33,33,33,63,63,137,212,229,30,30,53,53,126,126,143,8,26,26,39,39,69,69,69,81,106,118,157,180,192,275,287,317,3,0,0,18,18,44,44,44,57,57,72,72,85,85,85],"floor_reached":51,"playtime":2245,"items_purged":[],"score":1313,"play_id":"d5f7dc9f-86c9-45ed-9b99-353ed3916709","local_time":"20180825170108","is_ascension_mode":true,"campfire_choices":[{"data":"Whirlwind","floor":6,"key":"SMITH"},{"data":"Disarm","floor":8,"key":"SMITH"},{"data":"Rampage","floor":13,"key":"SMITH"},{"data":"Iron Wave","floor":15,"key":"SMITH"},{"data":"Demon Form","floor":23,"key":"SMITH"},{"floor":25,"key":"REST"},{"floor":29,"key":"DIG"},{"floor":32,"key":"REST"},{"floor":40,"key":"DIG"},{"floor":45,"key":"DIG"},{"floor":47,"key":"DIG"},{"floor":49,"key":"REST"}],"neow_cost":"NONE","seed_source_timestamp":670475683814534,"circlet_count":0,"master_deck":["Strike_R","Strike_R","Defend_R","Defend_R","Defend_R","Defend_R","Bash+1","AscendersBane","Iron Wave+1","Rampage+1","Shrug It Off","Whirlwind+1","Disarm+1","True Grit+1","Shrug It Off+1","Demon Form+1","Havoc+1","Flame Barrier+1","Feel No Pain","Twin Strike+1","Armaments+1","Headbutt","Disarm+1","Metallicize","Limit Break+1","Offering+1","Rupture+1","Combust+1","Battle Trance+1","Blind+1","Flash of Steel","Dark Shackles+1","Warcry+1","Warcry+1","Limit Break+1","Iron Wave"],"relics":["Burning Blood","Ancient Tea Set","Toxic Egg 2","Happy Flower","Regal Pillow","Sozu","Champion Belt","Anchor","Shovel","MawBank","Lantern","Centennial Puzzle","Astrolabe","Pen Nib","Red Mask","Vajra","Bag of Preparation","Frozen Egg 2","Orichalcum","Dodecahedron"],"potions_floor_usage":[11,16],"damage_taken":[{"damage":1,"enemies":"Cultist","floor":1,"turns":4},{"damage":4,"enemies":"Jaw Worm","floor":2,"turns":4},{"damage":7,"enemies":"2 Louse","floor":4,"turns":4},{"damage":49,"enemies":"Gremlin Nob","floor":7,"turns":5},{"damage":10,"enemies":"Blue Slaver","floor":11,"turns":4},{"damage":30,"enemies":"Slime Boss","floor":16,"turns":16},{"damage":15,"enemies":"3 Byrds","floor":18,"turns":6},{"damage":14,"enemies":"Shell Parasite","floor":20,"turns":6},{"damage":3,"enemies":"Snake Plant","floor":22,"turns":4},{"damage":25,"enemies":"Book of Stabbing","floor":24,"turns":8},{"damage":21,"enemies":"Sentry and Sphere","floor":27,"turns":8},{"damage":15,"enemies":"Gremlin Leader","floor":28,"turns":6},{"damage":1,"enemies":"Centurion and Healer","floor":31,"turns":6},{"damage":7,"enemies":"Champ","floor":33,"turns":15},{"damage":9,"enemies":"3 Shapes","floor":35,"turns":8},{"damage":2,"enemies":"Orb Walker","floor":39,"turns":4},{"damage":16,"enemies":"Giant Head","floor":41,"turns":7},{"damage":14,"enemies":"Sphere and 2 Shapes","floor":44,"turns":6},{"damage":6,"enemies":"Maw","floor":46,"turns":6},{"damage":6,"enemies":"3 Darklings","floor":48,"turns":2},{"damage":13,"enemies":"Donu and Deca","floor":50,"turns":5}],"seed_played":"2321505915032896952","potions_obtained":[{"floor":7,"key":"Regen Potion"},{"floor":11,"key":"Poison Potion"}],"is_trial":false,"path_per_floor":["M","M","$","M","?","R","E","R","T","?","M","$","R","T","R","B",null,"M","$","M","?","M","R","E","R","T","M","E","R","T","M","R","B",null,"M","$","?","?","M","R","E","?","T","M","R","M","R","M","R","B"],"character_chosen":"IRONCLAD","items_purchased":["Shrug It Off","Feel No Pain","Shrug It Off+1","Happy Flower","Flame Barrier+1","Feel No Pain","Battle Trance+1","Blind+1","Pen Nib"],"campfire_rested":3,"item_purchase_floors":[3,3,12,12,19,19,36,36,36],"current_hp_per_floor":[73,75,75,74,79,79,36,36,36,25,33,33,33,33,33,9,62,53,53,45,45,48,48,29,68,68,53,44,44,44,49,80,79,80,77,77,77,67,71,71,61,61,61,53,53,53,53,53,80,73],"gold":85,"neow_bonus":"UPGRADE_CARD","is_prod":false,"is_daily":false,"chose_seed":false,"campfire_upgraded":5,"win_rate":0,"timestamp":1535212868,"path_taken":["M","M","$","M","?","R","E","R","T","?","M","$","R","?","R","BOSS","M","?","?","?","M","R","E","R","T","M","E","R","?","M","R","BOSS","M","$","?","?","M","R","E","?","T","M","R","M","R","M","R","BOSS"],"build_version":"2018-08-23v2","purchased_purges":0,"victory":true,"max_hp_per_floor":[75,75,75,75,80,80,80,80,80,80,80,80,80,80,80,80,80,80,80,80,80,80,80,80,80,80,80,80,80,80,80,80,80,80,80,80,80,80,80,80,80,80,80,80,80,80,80,80,80,80],"card_choices":[{"not_picked":["Heavy Blade","Power Through"],"picked":"Iron Wave","floor":1},{"not_picked":["Intimidate","True Grit"],"picked":"Rampage","floor":2},{"not_picked":["Second Wind","Burning Pact"],"picked":"Whirlwind","floor":4},{"not_picked":["Heavy Blade","Uppercut"],"picked":"Disarm","floor":7},{"not_picked":["Hemokinesis","Carnage"],"picked":"True Grit+1","floor":11},{"not_picked":["Berserk","Offering+1"],"picked":"Demon Form","floor":16},{"not_picked":["Headbutt","Warcry+1"],"picked":"Havoc+1","floor":18},{"not_picked":["Havoc+1","Dual Wield+1"],"picked":"Twin Strike+1","floor":20},{"not_picked":["Reckless Charge","Evolve"],"picked":"Armaments+1","floor":22},{"not_picked":["Seeing Red+1","Infernal Blade+1"],"picked":"Headbutt","floor":24},{"not_picked":["Armaments+1","Warcry+1"],"picked":"Disarm+1","floor":27},{"not_picked":["Demon Form","Clash","Armaments+1"],"picked":"SKIP","floor":28},{"not_picked":["Body Slam","Heavy Blade"],"picked":"Metallicize","floor":31},{"not_picked":["Barricade","Exhume+1"],"picked":"Limit Break+1","floor":33},{"not_picked":["Dual Wield+1","Body Slam+1","Sword Boomerang"],"picked":"SKIP","floor":35},{"not_picked":["Forethought+1","Panacea+1"],"picked":"Flash of Steel","floor":38},{"not_picked":["Panacea+1","Magnetism"],"picked":"Dark Shackles+1","floor":38},{"not_picked":["Second Wind+1","Sever Soul"],"picked":"Warcry+1","floor":39},{"not_picked":["Twin Strike","Spot Weakness+1"],"picked":"Warcry+1","floor":41},{"not_picked":["Sever Soul+1","Combust+1","Pommel Strike"],"picked":"SKIP","floor":44},{"not_picked":["Shrug It Off+1","Pommel Strike+1"],"picked":"Iron Wave","floor":46},{"not_picked":["Thunderclap+1","Flex+1","Armaments+1"],"picked":"SKIP","floor":48}],"player_experience":1184053,"relics_obtained":[{"floor":7,"key":"Ancient Tea Set"},{"floor":9,"key":"Toxic Egg 2"},{"floor":14,"key":"Regal Pillow"},{"floor":24,"key":"Anchor"},{"floor":26,"key":"Shovel"},{"floor":28,"key":"MawBank"},{"floor":29,"key":"Lantern"},{"floor":30,"key":"Centennial Puzzle"},{"floor":40,"key":"Vajra"},{"floor":41,"key":"Bag of Preparation"},{"floor":43,"key":"Frozen Egg 2"},{"floor":45,"key":"Orichalcum"},{"floor":47,"key":"Dodecahedron"}],"event_choices":[{"event_name":"Big Fish","player_choice":"Donut","floor":5,"damage_taken":0},{"event_name":"World of Goop","player_choice":"Gather Gold","floor":10,"damage_taken":0},{"event_name":"WeMeetAgain","player_choice":"Card","floor":21,"damage_taken":0},{"event_name":"Tomb of Lord Red Mask","player_choice":"Paid","floor":37,"damage_taken":0},{"event_name":"SensoryStone","player_choice":"Memory 3","floor":38,"damage_taken":0},{"event_name":"Duplicator","player_choice":"One dupe","floor":42,"damage_taken":0}],"is_beta":true,"boss_relics":[{"not_picked":["Mark of Pain","Lizard Tail"],"picked":"Sozu"},{"not_picked":["White Beast Statue","Coffee Dripper"],"picked":"Astrolabe"}],"items_purged_floors":[],"is_endless":false,"potions_floor_spawned":[7,11,18,27,28,33,35,46],"ascension_level":16}