{"gold_per_floor":[117,192,192,192,192,192,226,226,226,250,250,270,270,295,295,414,414,432,451,202,227,227],"floor_reached":22,"playtime":1078,"items_purged":[],"score":207,"play_id":"1de9b6bc-589c-4b87-b001-11089241484a","local_time":"20190629102442","is_ascension_mode":false,"campfire_choices":[{"floor":6,"key":"RECALL"},{"data":"Thunder Strike","floor":15,"key":"SMITH"}],"neow_cost":"NONE","seed_source_timestamp":261021451342300,"circlet_count":0,"master_deck":["Strike_B","Strike_B","Strike_B","Strike_B","Defend_B","Defend_B","Defend_B","Defend_B","Zap+1","Dualcast","Cold Snap","Rebound","Zap","Thunder Strike+1","Go for the Eyes","Cold Snap","Hologram","Seek","Go for the Eyes+1","Sunder","Compile Driver+1"],"relics":["Cracked Core","NeowsBlessing","Juzu Bracelet","Odd Mushroom","Golden Idol","Inserter","Molten Egg 2"],"potions_floor_usage":[19,21,21,21,21,22],"damage_taken":[{"damage":0,"enemies":"Small Slimes","floor":1,"turns":1},{"damage":0,"enemies":"Lagavulin","floor":7,"turns":1},{"damage":0,"enemies":"The Mushroom Lair","floor":10,"turns":1},{"damage":4,"enemies":"2 Louse","floor":12,"turns":2},{"damage":0,"enemies":"Cultist","floor":14,"turns":3},{"damage":29,"enemies":"The Guardian","floor":16,"turns":11},{"damage":24,"enemies":"Spheric Guardian","floor":18,"turns":6},{"damage":20,"enemies":"2 Thieves","floor":19,"turns":4},{"damage":29,"enemies":"Centurion and Healer","floor":21,"turns":11},{"damage":5,"enemies":"Snake Plant","floor":22,"turns":2}],"seed_played":"-1232199603010679294","potions_obtained":[{"floor":7,"key":"Explosive Potion"},{"floor":11,"key":"EntropicBrew"},{"floor":11,"key":"LiquidBronze"},{"floor":19,"key":"Block Potion"}],"is_trial":false,"path_per_floor":["M","?","?","?","$","R","E","?","T","?","?","M","?","M","R","B",null,"M","M","$","M","M"],"character_chosen":"DEFECT","items_purchased":["Molten Egg 2"],"campfire_rested":0,"item_purchase_floors":[20],"current_hp_per_floor":[75,64,64,64,64,64,64,64,64,64,64,60,42,42,42,13,75,51,31,31,2,0],"gold":227,"neow_bonus":"THREE_ENEMY_KILL","is_prod":false,"is_daily":false,"chose_seed":false,"campfire_upgraded":1,"win_rate":0,"timestamp":1561771482,"path_taken":["M","?","?","?","$","R","E","?","T","?","?","M","?","M","R","BOSS","M","M","$","M","M"],"build_version":"2019-01-23","purchased_purges":0,"victory":false,"max_hp_per_floor":[75,75,75,75,75,75,75,75,75,75,75,75,75,75,75,75,75,75,75,75,75,75],"card_choices":[{"not_picked":["Steam","Ball Lightning"],"picked":"Cold Snap","floor":1},{"not_picked":["Stack","Blizzard"],"picked":"Rebound","floor":7},{"not_picked":["Aggregate","Force Field"],"picked":"Go for the Eyes","floor":10},{"not_picked":["Melter","Stack"],"picked":"Cold Snap","floor":12},{"not_picked":["Gash","Barrage"],"picked":"Hologram","floor":14},{"not_picked":["Creative AI","Fission"],"picked":"Seek","floor":16},{"not_picked":["Reprogram","Sweeping Beam"],"picked":"Go for the Eyes+1","floor":18},{"not_picked":["Stack","Turbo"],"picked":"Sunder","floor":19},{"not_picked":["Chaos","Hello World+1"],"picked":"Compile Driver+1","floor":21}],"player_experience":62313,"relics_obtained":[{"floor":7,"key":"Juzu Bracelet"},{"floor":10,"key":"Odd Mushroom"}],"event_choices":[{"damage_healed":0,"gold_gain":75,"player_choice":"Gather Gold","damage_taken":11,"max_hp_gain":0,"max_hp_loss":0,"event_name":"World of Goop","floor":2,"gold_loss":0},{"damage_healed":0,"gold_gain":0,"player_choice":"Grow","damage_taken":0,"max_hp_gain":0,"max_hp_loss":0,"event_name":"Living Wall","floor":3,"gold_loss":0,"cards_upgraded":["Zap"]},{"damage_healed":0,"gold_gain":0,"player_choice":"Ignored","damage_taken":0,"max_hp_gain":0,"max_hp_loss":0,"event_name":"Liars Game","floor":4,"gold_loss":0},{"damage_healed":0,"gold_gain":0,"player_choice":"2 cards matched","damage_taken":0,"max_hp_gain":0,"max_hp_loss":0,"event_name":"Match and Keep!","floor":8,"gold_loss":0,"cards_obtained":["Zap","Thunder Strike"]},{"damage_healed":0,"gold_gain":0,"player_choice":"Fought Mushrooms","damage_taken":0,"max_hp_gain":0,"max_hp_loss":0,"event_name":"Mushrooms","floor":10,"gold_loss":0},{"damage_healed":0,"gold_gain":0,"player_choice":"Got Potions","damage_taken":0,"max_hp_gain":0,"max_hp_loss":0,"event_name":"Lab","floor":11,"gold_loss":0},{"damage_healed":0,"gold_gain":0,"player_choice":"Take Damage","damage_taken":18,"relics_obtained":["Golden Idol"],"max_hp_gain":0,"max_hp_loss":0,"event_name":"Golden Idol","floor":13,"gold_loss":0}],"is_beta":false,"boss_relics":[{"not_picked":["Fusion Hammer","Snecko Eye"],"picked":"Inserter"}],"items_purged_floors":[],"is_endless":false,"potions_floor_spawned":[7,12,18,19],"killed_by":"Snake Plant","ascension_level":0}