{"gold_per_floor":[214,42,42,59,73,73,102,117,199,215,241,241,241,251,251,323,323,339,339,355,373,389,424,424,459,459,459,459,475,475,488,488,562,562,581,581,581,598,609,642,642,642],"floor_reached":42,"playtime":2612,"items_purged":["Strike_R"],"score":960,"play_id":"a73e8ff3-2cc1-47ef-8250-8602b02fc03c","local_time":"20190810152909","is_ascension_mode":true,"campfire_choices":[{"data":"Whirlwind","floor":6.0,"key":"SMITH"},{"data":"Shockwave","floor":13.0,"key":"SMITH"},{"floor":15.0,"key":"REST"},{"data":"Disarm","floor":24.0,"key":"SMITH"},{"data":"Limit Break","floor":27.0,"key":"SMITH"},{"data":"Corruption","floor":30.0,"key":"SMITH"},{"floor":32.0,"key":"DIG"}],"neow_cost":"NONE","seed_source_timestamp":0,"circlet_count":0,"master_deck":["AscendersBane","Strike_R","Defend_R","Defend_R","Defend_R","Defend_R","Bash","Whirlwind+1","Feel No Pain","Clothesline","Flame Barrier","Thunderclap","Offering","Metallicize+1","Shockwave+1","Limit Break+1","Shrug It Off+1","Bloodletting+1","Cleave+1","Corruption+1","Disarm+1","Feed","Shrug It Off","Headbutt","Juggernaut","Inflame+1","Heavy Blade"],"special_seed":0,"relics":["Burning Blood","Turnip","Centennial Puzzle","Astrolabe","Lantern","Champion Belt","Shovel","The Courier","Fusion Hammer","Sundial","Bottled Flame"],"potions_floor_usage":[42],"damage_taken":[{"damage":7.0,"enemies":"Cultist","floor":1.0,"turns":4.0},{"damage":18.0,"enemies":"Jaw Worm","floor":4.0,"turns":5.0},{"damage":5.0,"enemies":"2 Louse","floor":5.0,"turns":3.0},{"damage":15.0,"enemies":"3 Sentries","floor":7.0,"turns":7.0},{"damage":13.0,"enemies":"Red Slaver","floor":8.0,"turns":4.0},{"damage":1.0,"enemies":"Blue Slaver","floor":10.0,"turns":7.0},{"damage":33.0,"enemies":"Gremlin Nob","floor":11.0,"turns":5.0},{"damage":7.0,"enemies":"2 Fungi Beasts","floor":14.0,"turns":4.0},{"damage":24.0,"enemies":"The Guardian","floor":16.0,"turns":16.0},{"damage":22.0,"enemies":"Spheric Guardian","floor":18.0,"turns":8.0},{"damage":3.0,"enemies":"3 Byrds","floor":20.0,"turns":7.0},{"damage":9.0,"enemies":"Snecko","floor":21.0,"turns":6.0},{"damage":5.0,"enemies":"Centurion and Healer","floor":22.0,"turns":7.0},{"damage":27.0,"enemies":"Slavers","floor":23.0,"turns":2.0},{"damage":19.0,"enemies":"Gremlin Leader","floor":25.0,"turns":9.0},{"damage":6.0,"enemies":"3 Cultists","floor":29.0,"turns":4.0},{"damage":6.0,"enemies":"Snecko","floor":31.0,"turns":6.0},{"damage":49.0,"enemies":"Automaton","floor":33.0,"turns":10.0},{"damage":3.0,"enemies":"3 Shapes","floor":35.0,"turns":8.0},{"damage":22.0,"enemies":"3 Darklings","floor":38.0,"turns":4.0},{"damage":29.0,"enemies":"Jaw Worm Horde","floor":39.0,"turns":3.0},{"damage":16.0,"enemies":"Nemesis","floor":40.0,"turns":9.0},{"damage":56,"enemies":"Reptomancer","floor":42,"turns":5}],"seed_played":"2265163961526327734","potions_obtained":[{"floor":1.0,"key":"Poison Potion"},{"floor":11.0,"key":"Fire Potion"},{"floor":14.0,"key":"Weak Potion"},{"floor":16.0,"key":"BloodPotion"},{"floor":21.0,"key":"GamblersBrew"},{"floor":22.0,"key":"Poison Potion"},{"floor":23.0,"key":"Strength Potion"},{"floor":33.0,"key":"Energy Potion"},{"floor":39.0,"key":"Block Potion"}],"is_trial":false,"path_per_floor":["M","$","?","M","M","R","E","M","T","M","E","?","R","M","R","B",null,"M","?","M","M","M","E","R","E","T","R","?","M","R","M","R","B",null,"M","T","?","M","M","E","?","E"],"character_chosen":"IRONCLAD","items_purchased":["Feel No Pain","Clothesline"],"campfire_rested":1,"item_purchase_floors":[2,2],"current_hp_per_floor":[67,67,72,60,61,61,52,45,45,50,23,23,23,22,46,28,67,51,51,74,71,72,51,51,38,38,38,80,83,83,86,86,46,78,84,84,84,68,45,38,38,0],"gold":642,"neow_bonus":"HUNDRED_GOLD","is_prod":false,"is_daily":false,"chose_seed":false,"campfire_upgraded":5,"win_rate":0,"timestamp":1565447349,"path_taken":["M","$","?","M","M","R","E","M","T","M","E","?","R","?","R","BOSS","M","?","M","M","M","E","R","E","T","R","?","M","R","M","R","BOSS","M","?","?","M","M","E","?","E"],"build_version":"2019-07-18","purchased_purges":1,"victory":false,"max_hp_per_floor":[75,75,80,80,80,80,80,80,80,80,80,80,80,80,80,80,80,80,80,80,80,80,80,80,80,80,80,80,83,83,86,86,89,89,92,92,87,87,87,90,90,90],"card_choices":[{"not_picked":["Pummel","Corruption"],"picked":"Whirlwind","floor":1.0},{"not_picked":["Perfected Strike","Sword Boomerang"],"picked":"Flame Barrier","floor":4.0},{"not_picked":["Iron Wave","Seeing Red"],"picked":"Thunderclap","floor":5.0},{"not_picked":["Perfected Strike","Heavy Blade"],"picked":"Offering","floor":7.0},{"not_picked":["Shrug It Off","Rage"],"picked":"Metallicize","floor":8.0},{"not_picked":["Dual Wield","Shrug It Off"],"picked":"Shockwave","floor":10.0},{"not_picked":["Metallicize","Iron Wave","Carnage"],"picked":"SKIP","floor":11.0},{"not_picked":["Cleave","Iron Wave","Twin Strike"],"picked":"SKIP","floor":14.0},{"not_picked":["Exhume","Berserk"],"picked":"Limit Break","floor":16.0},{"not_picked":["Clash","Ghostly Armor"],"picked":"Corruption","floor":18.0},{"not_picked":["Evolve","Thunderclap+1","Cleave"],"picked":"SKIP","floor":20.0},{"not_picked":["Flex","Iron Wave","Searing Blow"],"picked":"SKIP","floor":21.0},{"not_picked":["Anger","Iron Wave","Sword Boomerang"],"picked":"SKIP","floor":22.0},{"not_picked":["Entrench","Burning Pact"],"picked":"Feed","floor":23.0},{"not_picked":["Rampage","Blood for Blood","Rage"],"picked":"SKIP","floor":25.0},{"not_picked":["Armaments","Wild Strike"],"picked":"Shrug It Off","floor":29.0},{"not_picked":["Twin Strike","Iron Wave"],"picked":"Headbutt","floor":31.0},{"not_picked":["Reaper","Offering"],"picked":"Juggernaut","floor":33.0},{"not_picked":["Iron Wave+1","Thunderclap","Twin Strike+1"],"picked":"SKIP","floor":35.0},{"not_picked":["Dual Wield","Thunderclap"],"picked":"Inflame+1","floor":38.0},{"not_picked":["Headbutt","Wild Strike+1"],"picked":"Heavy Blade","floor":39.0},{"not_picked":["Seeing Red","Wild Strike+1","Headbutt"],"picked":"SKIP","floor":40.0}],"player_experience":2301058,"relics_obtained":[{"floor":7.0,"key":"Turnip"},{"floor":11.0,"key":"Centennial Puzzle"},{"floor":23.0,"key":"Lantern"},{"floor":25.0,"key":"Champion Belt"},{"floor":26.0,"key":"Shovel"},{"floor":32.0,"key":"The Courier"},{"floor":36.0,"key":"Sundial"},{"floor":40.0,"key":"Bottled Flame"}],"event_choices":[{"damage_healed":0.0,"max_hp_gain":5.0,"max_hp_loss":0.0,"gold_gain":0.0,"event_name":"Big Fish","player_choice":"Donut","floor":3.0,"gold_loss":0.0,"damage_taken":0.0},{"damage_healed":0.0,"max_hp_gain":0.0,"max_hp_loss":0.0,"gold_gain":0.0,"event_name":"Upgrade Shrine","player_choice":"Upgraded","floor":12.0,"gold_loss":0.0,"damage_taken":0.0,"cards_upgraded":["Metallicize"]},{"damage_healed":0.0,"max_hp_gain":0.0,"max_hp_loss":0.0,"gold_gain":0.0,"event_name":"The Library","player_choice":"Read","floor":19.0,"gold_loss":0.0,"damage_taken":0.0,"cards_obtained":["Disarm"]},{"damage_healed":42.0,"max_hp_gain":0.0,"max_hp_loss":0.0,"gold_gain":0.0,"event_name":"Wheel of Change","player_choice":"Full Heal","floor":28.0,"gold_loss":0.0,"damage_taken":0.0},{"damage_healed":0.0,"max_hp_gain":0.0,"max_hp_loss":5.0,"gold_gain":0.0,"event_name":"Winding Halls","player_choice":"Max HP","floor":37.0,"gold_loss":0.0,"damage_taken":0.0},{"damage_healed":0.0,"max_hp_gain":0.0,"max_hp_loss":0.0,"gold_gain":0.0,"event_name":"Tomb of Lord Red Mask","player_choice":"Ignored","floor":41.0,"gold_loss":0.0,"damage_taken":0.0}],"is_beta":true,"boss_relics":[{"not_picked":["White Beast Statue","Empty Cage"],"picked":"Astrolabe"},{"not_picked":["Coffee Dripper","Busted Crown"],"picked":"Fusion Hammer"}],"items_purged_floors":[2],"is_endless":false,"potions_floor_spawned":[1,11,14,16,21,22,23,33,39],"killed_by":"Reptomancer","ascension_level":20}