{"gold_per_floor":[115,115,80,155,172,172,197,197,222,242,242,254,288,308,308,386,386,404,404,364],"floor_reached":20,"playtime":644,"items_purged":[],"score":364,"play_id":"e60ab1ac-5961-418b-ba86-e88a45575e4c","local_time":"20181013164321","is_ascension_mode":true,"campfire_choices":[{"data":"Rebound","floor":6.0,"key":"SMITH"},{"floor":8.0,"key":"REST"},{"data":"Hyperbeam","floor":11.0,"key":"SMITH"},{"floor":15.0,"key":"REST"}],"neow_cost":"PERCENT_DAMAGE","seed_source_timestamp":235948385490248,"circlet_count":0,"master_deck":["Strike_B","Strike_B","Strike_B","Strike_B","Defend_B","Defend_B","Defend_B","Defend_B","Zap+1","Dualcast","AscendersBane","Rainbow","Gash","Rebound+1","Hyperbeam+1","Go for the Eyes","Cold Snap","Cold Snap","Core Surge","Compile Driver+1"],"special_seed":0,"relics":["Cracked Core","Blood Vial","Pen Nib","Unceasing Top","Inserter"],"potions_floor_usage":[19],"damage_taken":[{"damage":0.0,"enemies":"Cultist","floor":1.0,"turns":4.0},{"damage":2.0,"enemies":"Jaw Worm","floor":5.0,"turns":3.0},{"damage":44.0,"enemies":"3 Sentries","floor":7.0,"turns":8.0},{"damage":0.0,"enemies":"2 Louse","floor":10.0,"turns":1.0},{"damage":1.0,"enemies":"Exordium Thugs","floor":12.0,"turns":3.0},{"damage":15.0,"enemies":"Lagavulin","floor":13.0,"turns":4.0},{"damage":8.0,"enemies":"Red Slaver","floor":14.0,"turns":2.0},{"damage":34,"enemies":"Slime Boss","floor":16,"turns":7},{"damage":31,"enemies":"Shell Parasite","floor":18,"turns":5},{"damage":28,"enemies":"Colosseum Slavers","floor":19,"turns":3},{"damage":14,"enemies":"2 Thieves","floor":20,"turns":1}],"seed_played":"8143937286533997386","potions_obtained":[{"floor":7.0,"key":"SpeedPotion"},{"floor":10.0,"key":"LiquidBronze"},{"floor":13.0,"key":"Regen Potion"},{"floor":16,"key":"Regen Potion"}],"is_trial":false,"path_per_floor":["M","?","?","?","M","R","E","R","T","M","R","M","E","M","R","B",null,"M","?"],"character_chosen":"DEFECT","items_purchased":[],"campfire_rested":2,"item_purchase_floors":[],"current_hp_per_floor":[46,46,63,52,50,50,6,27,27,29,29,30,17,16,37,5,55,26,9,0],"gold":364,"neow_bonus":"THREE_RARE_CARDS","is_prod":false,"is_daily":false,"chose_seed":false,"campfire_upgraded":2,"win_rate":0,"timestamp":1539445401,"path_taken":["M","?","?","?","?","R","E","R","T","M","R","M","E","M","R","BOSS","M","?","M"],"build_version":"2018-10-11","purchased_purges":0,"victory":false,"max_hp_per_floor":[71,71,71,71,71,71,71,71,71,71,71,71,71,71,71,71,71,71,71,71],"card_choices":[{"not_picked":["Reboot","Fission"],"picked":"Rainbow","floor":0.0},{"not_picked":["Leap","Blizzard"],"picked":"Gash","floor":1.0},{"not_picked":["Redo","Turbo"],"picked":"Rebound","floor":5.0},{"not_picked":["Beam Cell","Barrage"],"picked":"Hyperbeam","floor":7.0},{"not_picked":["Auto Shields","Beam Cell"],"picked":"Go for the Eyes","floor":10.0},{"not_picked":["White Noise","Storm"],"picked":"Cold Snap","floor":12.0},{"not_picked":["Gash","Stack","Redo"],"picked":"SKIP","floor":13.0},{"not_picked":["Rip and Tear","Hologram"],"picked":"Cold Snap","floor":14.0},{"not_picked":["Buffer","Seek"],"picked":"Core Surge","floor":16},{"not_picked":["Double Energy","Coolheaded"],"picked":"Compile Driver+1","floor":18}],"player_experience":1465442,"relics_obtained":[{"floor":7.0,"key":"Blood Vial"},{"floor":9.0,"key":"Pen Nib"},{"floor":13.0,"key":"Unceasing Top"}],"event_choices":[{"event_name":"Living Wall","player_choice":"Grow","floor":2.0,"damage_taken":0.0},{"event_name":"The Cleric","player_choice":"Healed","floor":3.0,"damage_taken":0.0},{"event_name":"World of Goop","player_choice":"Gather Gold","floor":4.0,"damage_taken":0.0},{"event_name":"Colosseum","player_choice":"Fight","floor":19,"damage_taken":0},{"event_name":"Colosseum","player_choice":"Fled From Nobs","floor":19,"damage_taken":0}],"is_beta":true,"boss_relics":[{"not_picked":["Runic Pyramid","Lizard Tail"],"picked":"Inserter"}],"items_purged_floors":[],"is_endless":false,"potions_floor_spawned":[7,10,13,16],"killed_by":"2 Thieves","ascension_level":20}