{"gold_per_floor":[115,133,83,83,94,126,138,138,138,154,180,195,195,209,209,311,311,326,346,192,206,206,84,183,183,183,183,77,105,116,96,96,96],"floor_reached":33,"playtime":1212,"items_purged":[],"score":352,"play_id":"548282c8-c874-4028-a26c-1db47db59c00","local_time":"20190629055657","is_ascension_mode":false,"campfire_choices":[{"floor":15,"key":"REST"},{"floor":25,"key":"RECALL"},{"floor":32,"key":"REST"}],"neow_cost":"NONE","seed_source_timestamp":244822556354000,"circlet_count":0,"master_deck":["Defend_G","Defend_G","Defend_G","Defend_G","Defend_G","Strike_G","Strike_G","Strike_G","Survivor+1","Neutralize","Blade Dance+1","Escape Plan","Blade Dance","Quick Slash","Poisoned Stab","Finisher","Accuracy","Tools of the Trade","Dagger Spray","Backstab","Burst","Accuracy+1","Calculated Gamble","Well Laid Plans","Dagger Spray+1","Blade Dance","Finisher","Blade Dance","Blade Dance+1"],"relics":["Ring of the Snake","NeowsBlessing","Mercury Hourglass","The Courier","WristBlade","War Paint","Juzu Bracelet","Dodecahedron","MutagenicStrength","StoneCalendar"],"potions_floor_usage":[16,21,30,33,33],"damage_taken":[{"damage":0,"enemies":"Small Slimes","floor":1,"turns":1},{"damage":0,"enemies":"Cultist","floor":2,"turns":1},{"damage":0,"enemies":"Jaw Worm","floor":5,"turns":1},{"damage":47,"enemies":"Lagavulin","floor":6,"turns":9},{"damage":2,"enemies":"Looter","floor":7,"turns":3},{"damage":1,"enemies":"Blue Slaver","floor":10,"turns":3},{"damage":26,"enemies":"Gremlin Nob","floor":11,"turns":4},{"damage":2,"enemies":"2 Fungi Beasts","floor":12,"turns":3},{"damage":4,"enemies":"Gremlin Gang","floor":14,"turns":3},{"damage":0,"enemies":"Slime Boss","floor":16,"turns":5},{"damage":1,"enemies":"3 Byrds","floor":18,"turns":3},{"damage":17,"enemies":"2 Thieves","floor":19,"turns":3},{"damage":23,"enemies":"Snake Plant","floor":21,"turns":5},{"damage":7,"enemies":"Slavers","floor":29,"turns":3},{"damage":6,"enemies":"3 Cultists","floor":30,"turns":3},{"damage":40,"enemies":"Automaton","floor":33,"turns":4}],"seed_played":"2787012206601616681","potions_obtained":[{"floor":1,"key":"Dexterity Potion"},{"floor":10,"key":"Explosive Potion"},{"floor":14,"key":"Fire Potion"},{"floor":16,"key":"PowerPotion"},{"floor":19,"key":"Regen Potion"},{"floor":31,"key":"Weak Potion"}],"is_trial":false,"path_per_floor":["M","M","?","?","M","E","M","?","T","M","E","M","?","M","R","B",null,"M","M","$","M","?","$","?","R","T","?","$","E","M","?","R","B"],"character_chosen":"THE_SILENT","items_purchased":["War Paint","Well Laid Plans","Juzu Bracelet","Blade Dance","Finisher"],"campfire_rested":2,"item_purchase_floors":[20,20,23,28,28],"current_hp_per_floor":[70,70,70,70,70,23,21,44,44,43,17,15,15,11,32,32,70,69,52,52,41,28,28,28,28,28,28,28,21,15,15,37,0],"gold":96,"neow_bonus":"THREE_ENEMY_KILL","is_prod":false,"is_daily":false,"chose_seed":false,"campfire_upgraded":0,"win_rate":0,"timestamp":1561755417,"path_taken":["M","M","?","?","?","E","M","?","T","M","E","M","?","M","R","BOSS","M","M","$","M","?","$","?","R","T","?","$","E","M","?","R","BOSS"],"build_version":"2019-01-23","purchased_purges":0,"victory":false,"max_hp_per_floor":[70,70,70,70,70,70,70,70,70,70,70,70,70,70,70,70,70,70,70,70,70,75,75,75,75,75,75,75,75,75,75,75,75],"card_choices":[{"not_picked":["Reflex","Slice"],"picked":"Blade Dance","floor":1},{"not_picked":["Tactician","Slice"],"picked":"Escape Plan","floor":2},{"not_picked":["All Out Attack","Underhanded Strike"],"picked":"Quick Slash","floor":5},{"not_picked":["PiercingWail","Deadly Poison"],"picked":"Poisoned Stab","floor":6},{"not_picked":["Blade Dance","Acrobatics"],"picked":"Finisher","floor":7},{"not_picked":["Well Laid Plans","Acrobatics"],"picked":"Accuracy","floor":10},{"not_picked":["Outmaneuver","Venomology"],"picked":"Tools of the Trade","floor":11},{"not_picked":["Deflect","Calculated Gamble"],"picked":"Dagger Spray","floor":12},{"not_picked":["Slice","Accuracy"],"picked":"Backstab","floor":14},{"not_picked":["Bullet Time","Unload"],"picked":"Burst","floor":16},{"not_picked":["Distraction","Backflip"],"picked":"Accuracy+1","floor":18},{"not_picked":["Dagger Throw","Noxious Fumes"],"picked":"Calculated Gamble","floor":19},{"not_picked":["Bane+1","Deflect"],"picked":"Dagger Spray+1","floor":21},{"not_picked":["Finisher","Backstab"],"picked":"Blade Dance","floor":29},{"not_picked":["Prepared","Bouncing Flask"],"picked":"Blade Dance+1","floor":30}],"player_experience":48658,"relics_obtained":[{"floor":6,"key":"Mercury Hourglass"},{"floor":11,"key":"The Courier"},{"floor":26,"key":"Dodecahedron"},{"floor":29,"key":"StoneCalendar"}],"event_choices":[{"cards_removed":["Strike_G"],"damage_healed":0,"gold_gain":0,"player_choice":"Card Removal","damage_taken":0,"max_hp_gain":0,"max_hp_loss":0,"event_name":"The Cleric","floor":3,"gold_loss":50},{"damage_healed":0,"gold_gain":0,"cards_transformed":["Strike_G"],"player_choice":"Transformed","damage_taken":0,"max_hp_gain":0,"max_hp_loss":0,"event_name":"Transmorgrifier","floor":4,"gold_loss":0,"cards_obtained":["Blade Dance"]},{"damage_healed":23,"gold_gain":0,"player_choice":"Banana","damage_taken":0,"max_hp_gain":0,"max_hp_loss":0,"event_name":"Big Fish","floor":8,"gold_loss":0},{"damage_healed":0,"gold_gain":0,"player_choice":"Ignored","damage_taken":0,"max_hp_gain":0,"max_hp_loss":0,"event_name":"Liars Game","floor":13,"gold_loss":0},{"damage_healed":0,"gold_gain":0,"player_choice":"Shed Blood","damage_taken":18,"max_hp_gain":5,"max_hp_loss":0,"event_name":"Forgotten Altar","floor":22,"gold_loss":0},{"damage_healed":0,"gold_gain":99,"player_choice":"Stole From Cult","damage_taken":0,"max_hp_gain":0,"max_hp_loss":0,"event_name":"Nest","floor":24,"gold_loss":0},{"damage_healed":0,"gold_gain":0,"player_choice":"Inject Mutagens","damage_taken":0,"relics_obtained":["MutagenicStrength"],"max_hp_gain":0,"max_hp_loss":0,"event_name":"Drug Dealer","floor":27,"gold_loss":0},{"damage_healed":0,"gold_gain":0,"player_choice":"Bought 1 Potion","damage_taken":0,"max_hp_gain":0,"max_hp_loss":0,"event_name":"The Woman in Blue","floor":31,"gold_loss":0}],"is_beta":false,"boss_relics":[{"not_picked":["Ectoplasm","Pandora\u0027s Box"],"picked":"WristBlade"}],"items_purged_floors":[],"is_endless":false,"potions_floor_spawned":[1,10,14,16,19],"killed_by":"Automaton","ascension_level":0}