{"gold_per_floor":[368,2,2,12,12,37,37,62,87,87,87,105,149,74,74,168,168,193,193,212,24,24,60,60,95,118,132,132,173,194,230,230,320,320,341,355,688,742,296,326,342,342,367,161,7,7,7,36,36,36],"floor_reached":50,"playtime":1890,"items_purged":["Strike_B","Strike_B","Dualcast"],"score":1305,"play_id":"8b21c115-b394-458e-b735-a024e0a2bb72","local_time":"20190307184909","is_ascension_mode":true,"campfire_choices":[{"data":"Defragment","floor":7.0,"key":"SMITH"},{"data":"Zap","floor":10.0,"key":"SMITH"},{"data":"Buffer","floor":15,"key":"SMITH"},{"floor":24,"key":"REST"},{"floor":28,"key":"REST"},{"floor":32,"key":"REST"},{"data":"Defragment","floor":46,"key":"SMITH"},{"floor":49,"key":"RECALL"}],"neow_cost":"TEN_PERCENT_HP_LOSS","seed_source_timestamp":136568053630697,"circlet_count":0,"master_deck":["AscendersBane","Defend_B","Defend_B","Defend_B","Defend_B","Zap+1","Ball Lightning","Defragment+1","Cold Snap","Rip and Tear","White Noise","Buffer+1","Electrodynamics","Sweeping Beam","Defragment+1","Creative AI","Hologram","Rainbow","Defragment","Go for the Eyes"],"special_seed":0,"relics":["Cracked Core","ClockworkSouvenir","Lantern","Boot","Dodecahedron","Bronze Scales","Sundial","Velvet Choker","Regal Pillow","Orichalcum","Blood Vial","Vajra","Anchor","Empty Cage","Girya","Membership Card","Oddly Smooth Stone","PreservedInsect","Medical Kit","Lee\u0027s Waffle","Pear"],"potions_floor_usage":[18,20,29,38,48],"damage_taken":[{"damage":0.0,"enemies":"2 Louse","floor":1.0,"turns":2.0},{"damage":7.0,"enemies":"Jaw Worm","floor":4.0,"turns":2.0},{"damage":15.0,"enemies":"Lagavulin","floor":6.0,"turns":7.0},{"damage":17.0,"enemies":"3 Sentries","floor":8.0,"turns":6.0},{"damage":0,"enemies":"Small Slimes","floor":12,"turns":2},{"damage":10,"enemies":"Gremlin Nob","floor":13,"turns":4},{"damage":0,"enemies":"Slime Boss","floor":16,"turns":8},{"damage":0,"enemies":"2 Thieves","floor":18,"turns":4},{"damage":1,"enemies":"Spheric Guardian","floor":20,"turns":3},{"damage":34,"enemies":"Gremlin Leader","floor":23,"turns":5},{"damage":28,"enemies":"Slavers","floor":25,"turns":4},{"damage":0,"enemies":"Centurion and Healer","floor":27,"turns":4},{"damage":18,"enemies":"Book of Stabbing","floor":29,"turns":4},{"damage":0,"enemies":"3 Cultists","floor":30,"turns":3},{"damage":32,"enemies":"Gremlin Leader","floor":31,"turns":4},{"damage":28,"enemies":"Automaton","floor":33,"turns":8},{"damage":0,"enemies":"Orb Walker","floor":35,"turns":4},{"damage":13,"enemies":"3 Shapes","floor":36,"turns":2},{"damage":31,"enemies":"2 Orb Walkers","floor":38,"turns":4},{"damage":12,"enemies":"Nemesis","floor":40,"turns":9},{"damage":0,"enemies":"Jaw Worm Horde","floor":41,"turns":3},{"damage":38,"enemies":"Reptomancer","floor":48,"turns":4},{"damage":68,"enemies":"Time Eater","floor":50,"turns":9}],"seed_played":"5848279706491717932","potions_obtained":[{"floor":4.0,"key":"Explosive Potion"},{"floor":6.0,"key":"Regen Potion"},{"floor":12,"key":"SkillPotion"},{"floor":18,"key":"SneckoOil"},{"floor":30,"key":"Ancient Potion"},{"floor":31,"key":"FairyPotion"},{"floor":36,"key":"Weak Potion"},{"floor":41,"key":"Dexterity Potion"}],"is_trial":false,"path_per_floor":["M","$","?","M","?","E","R","E","T","R","?","M","E","$","R","B",null,"M","?","M","$","?","E","R","E","T","M","R","E","M","E","R","B",null,"M","M","?","?","$","E","M","?","T","$","$","R","$","E","R","B"],"character_chosen":"DEFECT","items_purchased":["ClockworkSouvenir","Lantern","Defragment","Membership Card","Oddly Smooth Stone","FocusPotion","Creative AI","Medical Kit","Fruit Juice","Rainbow","Lee\u0027s Waffle","Defragment"],"campfire_rested":3,"item_purchase_floors":[2,2,21,39,39,39,39,44,44,44,45,45],"current_hp_per_floor":[64,64,64,57,62,47,47,45,45,45,45,45,35,35,35,35,56,56,56,55,55,55,21,54,26,26,28,61,45,47,17,50,24,53,55,44,44,15,15,5,7,7,7,7,70,70,70,47,47,0],"gold":36,"neow_bonus":"TWO_FIFTY_GOLD","is_prod":false,"is_daily":false,"chose_seed":false,"campfire_upgraded":4,"win_rate":0,"timestamp":1551984549,"path_taken":["M","$","?","M","?","E","R","E","T","R","?","M","E","$","R","BOSS","M","?","M","$","?","E","R","E","T","M","R","E","M","E","R","BOSS","M","M","?","?","$","E","M","?","T","?","$","R","?","E","R","BOSS"],"build_version":"2019-02-06","purchased_purges":3,"victory":false,"max_hp_per_floor":[64,64,64,64,69,69,69,69,69,69,63,63,63,63,63,63,63,63,63,63,63,63,63,63,63,63,63,63,63,63,63,63,63,63,63,63,63,63,63,63,63,63,63,63,70,70,70,85,85,85],"card_choices":[{"not_picked":["Leap","Turbo"],"picked":"Ball Lightning","floor":1.0},{"not_picked":["Barrage","Undo"],"picked":"Defragment","floor":4.0},{"not_picked":["Steam","Beam Cell"],"picked":"Cold Snap","floor":6.0},{"not_picked":["Stack","Streamline"],"picked":"Rip and Tear","floor":8.0},{"not_picked":["Turbo","Chaos"],"picked":"White Noise","floor":12},{"not_picked":["Consume","Fission"],"picked":"Buffer","floor":13},{"not_picked":["Thunder Strike","Core Surge"],"picked":"Electrodynamics","floor":16},{"not_picked":["Recycle","Steam Power+1","Redo"],"picked":"SKIP","floor":18},{"not_picked":["Cold Snap","Steam Power"],"picked":"Sweeping Beam","floor":20},{"not_picked":["Gash","Steam Power","Conserve Battery"],"picked":"SKIP","floor":23},{"not_picked":["Chaos","Skim","Thunder Strike"],"picked":"SKIP","floor":25},{"not_picked":["Blizzard","Sweeping Beam","Steam"],"picked":"SKIP","floor":27},{"not_picked":["Rebound+1","Ball Lightning","Recycle"],"picked":"SKIP","floor":29},{"not_picked":["Cold Snap","Chaos","Rebound"],"picked":"SKIP","floor":30},{"not_picked":["Scrape+1","Barrage","Aggregate"],"picked":"SKIP","floor":31},{"not_picked":["Stack","Genetic Algorithm","Sweeping Beam"],"picked":"SKIP","floor":35},{"not_picked":["Rip and Tear","Recycle","Conserve Battery"],"picked":"SKIP","floor":36},{"not_picked":["BootSequence","Go for the Eyes"],"picked":"Hologram","floor":40},{"not_picked":["Cold Snap","Electrodynamics","Turbo"],"picked":"SKIP","floor":41},{"not_picked":["Turbo","Streamline"],"picked":"Go for the Eyes","floor":48}],"player_experience":1887457,"relics_obtained":[{"floor":6.0,"key":"Boot"},{"floor":8.0,"key":"Dodecahedron"},{"floor":9.0,"key":"Bronze Scales"},{"floor":13,"key":"Sundial"},{"floor":23,"key":"Regal Pillow"},{"floor":25,"key":"Orichalcum"},{"floor":26,"key":"Blood Vial"},{"floor":29,"key":"Vajra"},{"floor":31,"key":"Anchor"},{"floor":38,"key":"Girya"},{"floor":40,"key":"PreservedInsect"},{"floor":48,"key":"Pear"}],"event_choices":[{"damage_healed":0.0,"max_hp_gain":0.0,"max_hp_loss":0.0,"gold_gain":0.0,"event_name":"Liars Game","player_choice":"Ignored","floor":3.0,"gold_loss":0.0,"damage_taken":0.0},{"damage_healed":0.0,"max_hp_gain":5.0,"max_hp_loss":0.0,"gold_gain":0.0,"event_name":"Big Fish","player_choice":"Donut","floor":5.0,"gold_loss":0.0,"damage_taken":0.0},{"damage_healed":0.0,"max_hp_gain":0.0,"max_hp_loss":6.0,"gold_gain":0.0,"event_name":"Golden Idol","player_choice":"Lose Max HP","floor":11.0,"gold_loss":0.0,"damage_taken":0.0,"relics_obtained":["Golden Idol"]},{"damage_healed":0,"gold_gain":0,"player_choice":"Ignored","damage_taken":0,"max_hp_gain":0,"max_hp_loss":0,"event_name":"Vampires","floor":19,"gold_loss":0},{"damage_healed":0,"gold_gain":0,"player_choice":"Ignored","damage_taken":0,"max_hp_gain":0,"max_hp_loss":0,"event_name":"The Mausoleum","floor":22,"gold_loss":0},{"damage_healed":0,"gold_gain":333,"player_choice":"Gave Idol","damage_taken":0,"max_hp_gain":0,"max_hp_loss":0,"event_name":"The Moai Head","floor":37,"relics_lost":["Golden Idol"],"gold_loss":0},{"damage_healed":0,"gold_gain":0,"player_choice":"Fight","damage_taken":0,"max_hp_gain":0,"max_hp_loss":0,"event_name":"Mysterious Sphere","floor":38,"gold_loss":0},{"damage_healed":0,"gold_gain":0,"player_choice":"Ignored","damage_taken":0,"max_hp_gain":0,"max_hp_loss":0,"event_name":"Tomb of Lord Red Mask","floor":42,"gold_loss":0}],"is_beta":true,"boss_relics":[{"not_picked":["Ectoplasm","Philosopher\u0027s Stone"],"picked":"Velvet Choker"},{"not_picked":["Calling Bell","Pandora\u0027s Box"],"picked":"Empty Cage"}],"items_purged_floors":[14,21,39],"is_endless":false,"potions_floor_spawned":[4,6,12,18,30,31,36,40,41],"killed_by":"Time Eater","ascension_level":20}