{"gold_per_floor":[112,31,41,41,53,79,79,96,96,113,113,11,11,23,23,101,101,113,127,140,158,73,73,93,105,105,105,1,1,1,1,1,1],"floor_reached":33,"playtime":1466,"items_purged":[],"score":498,"play_id":"4dfe4be8-9736-4773-8c7d-cd83cf8dd79c","local_time":"20180909131907","is_ascension_mode":true,"campfire_choices":[{"data":"Bash","floor":7,"key":"SMITH"},{"data":"Clothesline","floor":11,"key":"SMITH"},{"floor":13,"key":"REST"},{"data":"Discovery","floor":15,"key":"SMITH"},{"data":"Whirlwind","floor":23,"key":"SMITH"},{"data":"Inflame","floor":27,"key":"SMITH"},{"data":"True Grit","floor":30,"key":"SMITH"},{"floor":32,"key":"REST"}],"neow_cost":"TEN_PERCENT_HP_LOSS","seed_source_timestamp":1953986923933045,"circlet_count":0,"master_deck":["Strike_R","Strike_R+1","Strike_R","Strike_R+1","Strike_R","Defend_R","Defend_R","Defend_R","Defend_R","Bash+1","AscendersBane","Iron Wave","Battle Trance","Whirlwind+1","Pommel Strike","Clothesline+1","Shrug It Off","Iron Wave","Discovery+1","Iron Wave+1","Inflame+1","Ghostly Armor","Shrug It Off","Shockwave","True Grit+1","Feel No Pain"],"relics":["Burning Blood","Du-Vu Doll","Bag of Preparation","Whetstone","Sozu","Matryoshka","Art of War","Sundial","MutagenicStrength"],"potions_floor_usage":[6,10,16],"damage_taken":[{"damage":1,"enemies":"Cultist","floor":1,"turns":4},{"damage":2,"enemies":"2 Louse","floor":3,"turns":3},{"damage":6,"enemies":"Jaw Worm","floor":5,"turns":4},{"damage":42,"enemies":"Lagavulin","floor":6,"turns":6},{"damage":4,"enemies":"Looter","floor":8,"turns":3},{"damage":23,"enemies":"Exordium Thugs","floor":10,"turns":4},{"damage":1,"enemies":"Large Slime","floor":14,"turns":4},{"damage":40,"enemies":"The Guardian","floor":16,"turns":17},{"damage":18,"enemies":"Shell Parasite","floor":18,"turns":7},{"damage":14,"enemies":"Spheric Guardian","floor":19,"turns":4},{"damage":9,"enemies":"Cultist and Chosen","floor":20,"turns":4},{"damage":8,"enemies":"Snecko","floor":21,"turns":4},{"damage":6,"enemies":"3 Cultists","floor":24,"turns":4},{"damage":10,"enemies":"Cultist and Chosen","floor":25,"turns":6},{"damage":69,"enemies":"Automaton","floor":33,"turns":6}],"seed_played":"-7027455132127818002","potions_obtained":[{"floor":1,"key":"Poison Potion"},{"floor":3,"key":"Explosive Potion"},{"floor":8,"key":"LiquidBronze"},{"floor":14,"key":"Regen Potion"}],"is_trial":false,"path_per_floor":["M","$","M","?","M","E","R","M","T","M","R","$","R","M","R","B",null,"M","M","M","M","?","R","M","M","T","R","$","?","R","$","R"],"character_chosen":"IRONCLAD","items_purchased":["Battle Trance","Discovery","True Grit","Feel No Pain"],"campfire_rested":2,"item_purchase_floors":[2,12,28,28],"current_hp_per_floor":[68,68,68,68,68,32,32,34,34,17,17,17,37,42,42,26,60,51,43,40,38,38,38,38,34,34,34,34,34,34,34,56,0],"gold":1,"neow_bonus":"ONE_RARE_RELIC","is_prod":false,"is_daily":false,"chose_seed":false,"campfire_upgraded":6,"win_rate":0,"timestamp":1536495547,"path_taken":["M","$","M","?","?","E","R","M","T","M","R","?","R","?","R","BOSS","M","M","?","M","?","R","M","M","T","R","$","?","R","?","R","BOSS"],"build_version":"2018-09-06","purchased_purges":0,"victory":false,"max_hp_per_floor":[68,68,68,68,68,68,68,68,68,68,68,68,68,68,68,71,71,74,74,74,74,74,74,74,74,74,74,74,74,74,74,74,74],"card_choices":[{"not_picked":["Feel No Pain","Sever Soul"],"picked":"Iron Wave","floor":1},{"not_picked":["Body Slam","Sword Boomerang"],"picked":"Whirlwind","floor":3},{"not_picked":["Flex","Clash"],"picked":"Pommel Strike","floor":5},{"not_picked":["Twin Strike","Flex"],"picked":"Clothesline","floor":6},{"not_picked":["Infernal Blade","Intimidate"],"picked":"Shrug It Off","floor":8},{"not_picked":["Warcry","Clothesline"],"picked":"Iron Wave","floor":10},{"not_picked":["Heavy Blade","Double Tap","Perfected Strike"],"picked":"SKIP","floor":14},{"not_picked":["Combust","Thunderclap"],"picked":"Iron Wave+1","floor":18},{"not_picked":["Sever Soul","Fire Breathing"],"picked":"Inflame","floor":19},{"not_picked":["Sword Boomerang+1","Wild Strike"],"picked":"Ghostly Armor","floor":20},{"not_picked":["Wild Strike","Thunderclap"],"picked":"Shrug It Off","floor":21},{"not_picked":["Body Slam","Perfected Strike","Cleave"],"picked":"SKIP","floor":24},{"not_picked":["Inflame","Entrench"],"picked":"Shockwave","floor":25}],"player_experience":1283830,"relics_obtained":[{"floor":6,"key":"Bag of Preparation"},{"floor":9,"key":"Whetstone"},{"floor":26,"key":"Art of War"},{"floor":26,"key":"Sundial"}],"event_choices":[{"event_name":"Liars Game","player_choice":"disagreed","floor":4,"damage_taken":0},{"event_name":"Addict","player_choice":"Obtained Relic","floor":22,"damage_taken":0},{"event_name":"Drug Dealer","player_choice":"Inject Mutagens","floor":29,"damage_taken":0}],"is_beta":true,"boss_relics":[{"not_picked":["White Beast Statue","Mark of Pain"],"picked":"Sozu"}],"items_purged_floors":[],"is_endless":false,"potions_floor_spawned":[1,3,8,14,18,19],"killed_by":"Automaton","ascension_level":20}