{"gold_per_floor":[112,112,112,112,112,148,148,164,164,118,139,183,197,220,220,220],"floor_reached":16,"playtime":501,"items_purged":[],"score":216,"play_id":"e2acc3a3-d7c5-4410-8a12-54dd88e801af","local_time":"20190822145447","is_ascension_mode":true,"campfire_choices":[{"data":"Bash","floor":7,"key":"SMITH"},{"data":"Body Slam","floor":15,"key":"SMITH"}],"neow_cost":"NONE","seed_source_timestamp":36939682161500,"circlet_count":0,"master_deck":["AscendersBane","Strike_R+1","Strike_R","Strike_R","Strike_R+1","Defend_R","Defend_R","Defend_R","Defend_R","Bash+1","Power Through","Second Wind","Shrug It Off","Sentinel","Sentinel","Body Slam+1","Bludgeon"],"relics":["Burning Blood","NeowsBlessing","Golden Idol","Orichalcum","Vajra","Regal Pillow"],"potions_floor_usage":[12,14],"damage_taken":[{"damage":0,"enemies":"2 Louse","floor":1,"turns":1},{"damage":0,"enemies":"Gremlin Nob","floor":6,"turns":1},{"damage":0,"enemies":"Jaw Worm","floor":8,"turns":1},{"damage":2,"enemies":"Small Slimes","floor":11,"turns":3},{"damage":16,"enemies":"3 Sentries","floor":12,"turns":10},{"damage":2,"enemies":"Blue Slaver","floor":13,"turns":4},{"damage":6,"enemies":"Lots of Slimes","floor":14,"turns":4},{"damage":54,"enemies":"Hexaghost","floor":16,"turns":14}],"seed_played":"-5467488440588255984","potions_obtained":[{"floor":8,"key":"Explosive Potion"},{"floor":11,"key":"Ancient Potion"},{"floor":12,"key":"Energy Potion"}],"is_trial":false,"path_per_floor":["M","$","?","?","?","E","R","M","T","$","M","E","M","M","R","B"],"character_chosen":"IRONCLAD","items_purchased":["Shrug It Off"],"campfire_rested":0,"item_purchase_floors":[10],"current_hp_per_floor":[78,78,62,42,35,41,41,47,47,47,51,41,45,45,45,0],"gold":220,"neow_bonus":"THREE_ENEMY_KILL","is_prod":false,"is_daily":false,"chose_seed":false,"campfire_upgraded":2,"win_rate":0,"timestamp":1566453287,"path_taken":["M","$","?","?","?","E","R","M","T","?","?","E","?","M","R","BOSS"],"build_version":"2019-07-17","purchased_purges":0,"victory":false,"max_hp_per_floor":[80,80,80,80,80,80,80,80,80,80,80,80,80,80,80,80],"card_choices":[{"not_picked":["Headbutt","Thunderclap"],"picked":"Power Through","floor":1},{"not_picked":["Inflame","Sword Boomerang"],"picked":"Second Wind","floor":6},{"not_picked":["Pummel","Cleave","Second Wind"],"picked":"SKIP","floor":8},{"not_picked":["Clothesline","Thunderclap"],"picked":"Sentinel","floor":11},{"not_picked":["True Grit","Sword Boomerang"],"picked":"Sentinel","floor":12},{"not_picked":["Heavy Blade","Sentinel"],"picked":"Body Slam","floor":13},{"not_picked":["Pommel Strike","Havoc"],"picked":"Bludgeon","floor":14}],"player_experience":169771,"relics_obtained":[{"floor":6,"key":"Orichalcum"},{"floor":9,"key":"Vajra"},{"floor":12,"key":"Regal Pillow"}],"event_choices":[{"damage_healed":0,"gold_gain":0,"player_choice":"Entered Light","damage_taken":16,"max_hp_gain":0,"max_hp_loss":0,"event_name":"Shining Light","floor":3,"gold_loss":0,"cards_upgraded":["Strike_R","Strike_R"]},{"damage_healed":0,"gold_gain":0,"player_choice":"Take Damage","damage_taken":20,"relics_obtained":["Golden Idol"],"max_hp_gain":0,"max_hp_loss":0,"event_name":"Golden Idol","floor":4,"gold_loss":0},{"cards_removed":["Strike_R"],"damage_healed":0,"gold_gain":0,"player_choice":"Card Removal","damage_taken":7,"max_hp_gain":0,"max_hp_loss":0,"event_name":"Golden Wing","floor":5,"gold_loss":0}],"is_beta":false,"boss_relics":[],"items_purged_floors":[],"is_endless":false,"potions_floor_spawned":[8,11,12],"killed_by":"Hexaghost","ascension_level":12}