{"gold_per_floor":[112,31,31,31,106,141,157,157,157,186,204,204,72,90,90,90],"floor_reached":16,"playtime":769,"items_purged":[],"score":133,"play_id":"cd1b232b-71f7-4f38-99b1-f74a48a783a1","local_time":"20190630113814","is_ascension_mode":false,"campfire_choices":[{"floor":12,"key":"REST"},{"data":"Body Slam","floor":15,"key":"SMITH"}],"neow_cost":"NONE","seed_source_timestamp":352143408616800,"circlet_count":0,"master_deck":["Strike_R","Strike_R","Strike_R","Strike_R","Defend_R","Defend_R","Defend_R","Defend_R","Bash","Body Slam+1","Inflame","Entrench","Shrug It Off","Rage+1","Entrench+1","Iron Wave","Armaments+1"],"relics":["Burning Blood","NeowsBlessing","Calipers","Toxic Egg 2","Blue Candle"],"potions_floor_usage":[16,16],"damage_taken":[{"damage":0,"enemies":"Jaw Worm","floor":1,"turns":1},{"damage":0,"enemies":"3 Sentries","floor":6,"turns":2},{"damage":0,"enemies":"Small Slimes","floor":7,"turns":2},{"damage":70,"enemies":"Gremlin Nob","floor":10,"turns":7},{"damage":5,"enemies":"2 Louse","floor":11,"turns":5},{"damage":2,"enemies":"Blue Slaver","floor":14,"turns":6},{"damage":56,"enemies":"Slime Boss","floor":16,"turns":17}],"seed_played":"-6257493064257045355","potions_obtained":[{"floor":10,"key":"Explosive Potion"},{"floor":14,"key":"SpeedPotion"}],"is_trial":false,"path_per_floor":["M","$","?","?","?","E","M","?","T","E","M","R","$","M","R","B"],"character_chosen":"IRONCLAD","items_purchased":["Inflame","Entrench+1","Iron Wave"],"campfire_rested":1,"item_purchase_floors":[2,13,13],"current_hp_per_floor":[80,80,73,73,62,68,74,79,79,15,16,41,41,45,45,0],"gold":90,"neow_bonus":"THREE_ENEMY_KILL","is_prod":false,"is_daily":false,"chose_seed":false,"campfire_upgraded":1,"win_rate":0,"timestamp":1561862294,"path_taken":["M","$","?","?","?","E","M","?","T","E","M","R","$","M","R","BOSS"],"build_version":"2019-01-23","purchased_purges":0,"victory":false,"max_hp_per_floor":[80,80,80,80,80,80,80,85,85,85,85,85,85,85,85,85],"card_choices":[{"not_picked":["Headbutt","Clothesline"],"picked":"Body Slam","floor":1},{"not_picked":["Shrug It Off","Armaments"],"picked":"Entrench","floor":6},{"not_picked":["Armaments","Spot Weakness"],"picked":"Shrug It Off","floor":7},{"not_picked":["Anger","Rupture","Perfected Strike"],"picked":"SKIP","floor":10},{"not_picked":["Combust","Body Slam"],"picked":"Rage+1","floor":11},{"not_picked":["Cleave","Twin Strike"],"picked":"Armaments+1","floor":14}],"player_experience":75548,"relics_obtained":[{"floor":6,"key":"Calipers"},{"floor":9,"key":"Toxic Egg 2"},{"floor":10,"key":"Blue Candle"}],"event_choices":[{"cards_removed":["Strike_R"],"damage_healed":0,"gold_gain":0,"player_choice":"Card Removal","damage_taken":7,"max_hp_gain":0,"max_hp_loss":0,"event_name":"Golden Wing","floor":3,"gold_loss":0},{"damage_healed":0,"gold_gain":0,"player_choice":"Ignored","damage_taken":0,"max_hp_gain":0,"max_hp_loss":0,"event_name":"Liars Game","floor":4,"gold_loss":0},{"damage_healed":0,"gold_gain":75,"player_choice":"Gather Gold","damage_taken":11,"max_hp_gain":0,"max_hp_loss":0,"event_name":"World of Goop","floor":5,"gold_loss":0},{"damage_healed":0,"gold_gain":0,"player_choice":"Donut","damage_taken":0,"max_hp_gain":5,"max_hp_loss":0,"event_name":"Big Fish","floor":8,"gold_loss":0}],"is_beta":false,"boss_relics":[],"items_purged_floors":[],"is_endless":false,"potions_floor_spawned":[10,14],"killed_by":"Slime Boss","ascension_level":0}