{"gold_per_floor":[217,54,54,69,82,82,110,110,110,110,138,138,163,18,18,93,93,105,30,30,56,66,66,15,44,114,130,130,144,174,194,194,272,272,283,294,294,294,294,327,337,337,390,390,425,98,108,108],"floor_reached":48,"playtime":2278,"items_purged":["Strike_R"],"score":1088,"play_id":"e7d3e529-219d-46b3-b43d-79b9553dbe99","local_time":"20190708232518","is_ascension_mode":true,"campfire_choices":[{"data":"Combust","floor":6.0,"key":"SMITH"},{"data":"Anger","floor":10.0,"key":"SMITH"},{"data":"Headbutt","floor":15.0,"key":"SMITH"},{"floor":23.0,"key":"REST"},{"floor":28.0,"key":"REST"},{"data":"Juggernaut","floor":32.0,"key":"SMITH"},{"floor":42.0,"key":"DIG"},{"floor":44.0,"key":"RECALL"}],"neow_cost":"NONE","seed_source_timestamp":0,"circlet_count":0,"master_deck":["AscendersBane","Defend_R+1","Defend_R+1","Defend_R+1","Defend_R+1","Bash+1","Combust+1","Headbutt+1","Anger+1","True Grit+1","Feel No Pain","Disarm+1","Shrug It Off+1","Juggernaut+1","Shrug It Off+1","True Grit+1","Havoc+1","Spot Weakness+1","Intimidate+1","Exhume+1","Pummel+1","Body Slam+1","Rage+1","Disarm+1"],"special_seed":0,"relics":["Burning Blood","PreservedInsect","Mercury Hourglass","Vajra","Toxic Egg 2","Dodecahedron","Runic Pyramid","Red Mask","Molten Egg 2","The Courier","Shovel","Empty Cage","Centennial Puzzle","Calipers","Boot","Incense Burner"],"potions_floor_usage":[],"damage_taken":[{"damage":10.0,"enemies":"Small Slimes","floor":1.0,"turns":5.0},{"damage":3.0,"enemies":"2 Louse","floor":4.0,"turns":4.0},{"damage":7.0,"enemies":"Jaw Worm","floor":5.0,"turns":3.0},{"damage":23.0,"enemies":"3 Sentries","floor":7.0,"turns":6.0},{"damage":8.0,"enemies":"Gremlin Nob","floor":11.0,"turns":3.0},{"damage":20.0,"enemies":"3 Sentries","floor":13.0,"turns":7.0},{"damage":21.0,"enemies":"Hexaghost","floor":16.0,"turns":9.0},{"damage":5.0,"enemies":"Shell Parasite","floor":18.0,"turns":6.0},{"damage":52.0,"enemies":"Masked Bandits","floor":21.0,"turns":4.0},{"damage":4.0,"enemies":"Chosen","floor":22.0,"turns":5.0},{"damage":15.0,"enemies":"Slavers","floor":25.0,"turns":6.0},{"damage":4.0,"enemies":"Snake Plant","floor":27.0,"turns":5.0},{"damage":6.0,"enemies":"Shelled Parasite and Fungi","floor":29.0,"turns":6.0},{"damage":13.0,"enemies":"Gremlin Leader","floor":30.0,"turns":5.0},{"damage":0.0,"enemies":"Snecko","floor":31.0,"turns":5.0},{"damage":46.0,"enemies":"Collector","floor":33.0,"turns":9.0},{"damage":12.0,"enemies":"3 Darklings","floor":35.0,"turns":6.0},{"damage":9.0,"enemies":"3 Shapes","floor":36.0,"turns":3.0},{"damage":9.0,"enemies":"Nemesis","floor":40.0,"turns":9.0},{"damage":21.0,"enemies":"Spire Growth","floor":41.0,"turns":4.0},{"damage":18.0,"enemies":"Giant Head","floor":45.0,"turns":7.0},{"damage":9.0,"enemies":"Sphere and 2 Shapes","floor":47.0,"turns":6.0},{"damage":20,"enemies":"Reptomancer","floor":48,"turns":2}],"seed_played":"-829259905465217157","potions_obtained":[{"floor":5.0,"key":"SneckoOil"},{"floor":16.0,"key":"GamblersBrew"},{"floor":25.0,"key":"Block Potion"},{"floor":29.0,"key":"SkillPotion"},{"floor":30.0,"key":"SpeedPotion"},{"floor":35.0,"key":"Weak Potion"},{"floor":41.0,"key":"LiquidBronze"},{"floor":47.0,"key":"LiquidBronze"}],"is_trial":false,"path_per_floor":["M","$","?","M","M","R","E","?","T","R","E","?","E","$","R","B",null,"M","$","?","?","M","R","$","E","T","M","R","M","E","M","R","B",null,"M","M","?","$","?","E","M","R","T","R","E","$","M","E"],"character_chosen":"IRONCLAD","items_purchased":["PreservedInsect","Disarm+1","Shrug It Off+1","Havoc+1","Disarm+1","Incense Burner"],"campfire_rested":2,"item_purchase_floors":[2,14,14,24,46,46],"current_hp_per_floor":[64,64,64,67,66,66,49,42,42,42,40,40,26,26,26,11,59,60,60,60,14,16,38,38,29,29,31,53,53,46,52,52,12,59,53,50,50,50,50,47,32,32,32,32,20,20,17,0],"gold":108,"neow_bonus":"HUNDRED_GOLD","is_prod":false,"is_daily":false,"chose_seed":false,"campfire_upgraded":4,"win_rate":0,"timestamp":1562624718,"path_taken":["M","$","?","M","M","R","E","?","T","R","E","?","E","$","R","BOSS","M","$","?","?","M","R","?","E","T","M","R","M","E","?","R","BOSS","M","?","?","$","?","E","M","R","T","R","E","$","M","E"],"build_version":"2019-07-03","purchased_purges":1,"victory":false,"max_hp_per_floor":[75,75,75,75,75,75,75,75,75,75,75,75,75,75,75,75,75,75,75,75,75,75,75,75,75,75,75,75,75,75,75,75,75,75,75,75,75,75,75,75,75,75,75,75,75,75,75,75],"card_choices":[{"not_picked":["Havoc","Blood for Blood","Warcry"],"picked":"SKIP","floor":1.0},{"not_picked":["Hemokinesis","Pommel Strike"],"picked":"Combust","floor":4.0},{"not_picked":["Iron Wave","Entrench"],"picked":"Headbutt","floor":5.0},{"not_picked":["Clothesline","Second Wind"],"picked":"Anger","floor":7.0},{"not_picked":["Searing Blow","Armaments"],"picked":"True Grit","floor":11.0},{"not_picked":["Thunderclap","Corruption"],"picked":"Feel No Pain","floor":13.0},{"not_picked":["Double Tap+1","Feed"],"picked":"Juggernaut","floor":16.0},{"not_picked":["Dropkick","Iron Wave"],"picked":"Shrug It Off+1","floor":18.0},{"not_picked":["Seeing Red+1","Iron Wave"],"picked":"True Grit+1","floor":21.0},{"not_picked":["Wild Strike","Pommel Strike","Perfected Strike+1"],"picked":"SKIP","floor":22.0},{"not_picked":["Evolve","Burning Pact+1","Headbutt+1"],"picked":"SKIP","floor":25.0},{"not_picked":["Whirlwind+1","Wild Strike+1"],"picked":"Spot Weakness+1","floor":27.0},{"not_picked":["Dropkick+1","Carnage+1","Flex+1"],"picked":"SKIP","floor":29.0},{"not_picked":["Perfected Strike+1","Combust"],"picked":"Intimidate+1","floor":30.0},{"not_picked":["Rage+1","Perfected Strike+1","Reckless Charge+1"],"picked":"SKIP","floor":31.0},{"not_picked":["Brutality","Demon Form"],"picked":"Exhume+1","floor":33.0},{"not_picked":["Bloodletting+1","Anger+1"],"picked":"Pummel+1","floor":35.0},{"not_picked":["Iron Wave+1","Whirlwind+1","Armaments+1"],"picked":"SKIP","floor":36.0},{"not_picked":["Havoc+1","Wild Strike+1","Searing Blow+1"],"picked":"SKIP","floor":40.0},{"not_picked":["Sword Boomerang+1","Wild Strike+1"],"picked":"Body Slam+1","floor":41.0},{"not_picked":["Whirlwind+1","Anger+1"],"picked":"Rage+1","floor":45.0},{"not_picked":["Armaments+1","Wild Strike+1","Combust"],"picked":"SKIP","floor":47.0}],"player_experience":2185075,"relics_obtained":[{"floor":7.0,"key":"Mercury Hourglass"},{"floor":9.0,"key":"Vajra"},{"floor":11.0,"key":"Toxic Egg 2"},{"floor":13.0,"key":"Dodecahedron"},{"floor":21.0,"key":"Red Mask"},{"floor":25.0,"key":"Molten Egg 2"},{"floor":26.0,"key":"The Courier"},{"floor":30.0,"key":"Shovel"},{"floor":40.0,"key":"Centennial Puzzle"},{"floor":42.0,"key":"Calipers"},{"floor":45.0,"key":"Boot"}],"event_choices":[{"damage_healed":0.0,"max_hp_gain":0.0,"max_hp_loss":0.0,"gold_gain":0.0,"event_name":"Living Wall","player_choice":"Grow","floor":3.0,"gold_loss":0.0,"damage_taken":0.0,"cards_upgraded":["Bash"]},{"cards_removed":["Strike_R"],"damage_healed":0.0,"max_hp_gain":0.0,"max_hp_loss":0.0,"gold_gain":0.0,"event_name":"Golden Wing","player_choice":"Card Removal","floor":8.0,"gold_loss":0.0,"damage_taken":7.0},{"damage_healed":0.0,"max_hp_gain":0.0,"max_hp_loss":0.0,"gold_gain":0.0,"event_name":"Dead Adventurer","player_choice":"Searched \u00270\u0027 times","floor":12.0,"gold_loss":0.0,"damage_taken":0.0},{"damage_healed":0.0,"max_hp_gain":0.0,"max_hp_loss":0.0,"gold_gain":0.0,"event_name":"Back to Basics","player_choice":"Simplicity","floor":20.0,"gold_loss":0.0,"damage_taken":0.0,"cards_upgraded":["Strike_R","Strike_R","Strike_R","Defend_R","Defend_R","Defend_R","Defend_R"]},{"damage_healed":0.0,"max_hp_gain":0.0,"max_hp_loss":0.0,"gold_gain":0.0,"event_name":"Masked Bandits","player_choice":"Fought Bandits","floor":21.0,"gold_loss":0.0,"damage_taken":0.0},{"damage_healed":0.0,"max_hp_gain":0.0,"max_hp_loss":0.0,"gold_gain":0.0,"event_name":"SensoryStone","player_choice":"Memory 1","floor":37.0,"gold_loss":0.0,"damage_taken":0.0},{"cards_removed":["Strike_R"],"damage_healed":0.0,"max_hp_gain":0.0,"max_hp_loss":0.0,"gold_gain":0.0,"event_name":"Purifier","player_choice":"Purged","floor":39.0,"gold_loss":0.0,"damage_taken":0.0}],"is_beta":true,"boss_relics":[{"not_picked":["Astrolabe","Tiny House"],"picked":"Runic Pyramid"},{"not_picked":["Pandora\u0027s Box","White Beast Statue"],"picked":"Empty Cage"}],"items_purged_floors":[19],"is_endless":false,"potions_floor_spawned":[5,16,25,27,29,30,31,35,41,47],"killed_by":"Reptomancer","ascension_level":20}