{"gold_per_floor":[110,110,71,85,95,95,105,105,105,125,152,152,168,191,191,270,270,286,302,302,217,236,236,133,133,158,183,183,283,28,78,78,150,150,160,160,215,232,1,1,17,28,53,24,24,0,0,0,0,0,0],"floor_reached":52,"playtime":1777,"items_purged":["Writhe","Shockwave"],"score":1832,"play_id":"b40bbcdb-c9cf-4fad-8380-3bb834c43aa4","local_time":"20180901101531","is_ascension_mode":true,"campfire_choices":[{"data":"Bash","floor":6,"key":"SMITH"},{"data":"Inflame","floor":8,"key":"SMITH"},{"data":"Armaments","floor":12,"key":"SMITH"},{"data":"1","floor":15,"key":"LIFT"},{"data":"Limit Break","floor":23,"key":"SMITH"},{"data":"2","floor":25,"key":"LIFT"},{"data":"3","floor":32,"key":"LIFT"},{"data":"True Grit","floor":40,"key":"SMITH"},{"data":"Body Slam","floor":45,"key":"PURGE"},{"data":"Battle Trance","floor":49,"key":"SMITH"}],"neow_cost":"NONE","seed_source_timestamp":1251259070611596,"circlet_count":0,"master_deck":["Bash+1","AscendersBane","Reckless Charge","Inflame+1","Battle Trance+1","Rampage","Armaments+1","Headbutt","Clothesline","Limit Break+1","Metallicize","Iron Wave","Offering","Shockwave","Impervious","Feed","Anger","Cleave","Shrug It Off","Heavy Blade","Clothesline","Havoc+1","Sword Boomerang","True Grit+1","Power Through","Disarm","Evolve","Ghostly Armor","Shrug It Off","Writhe"],"relics":["Burning Blood","NeowsBlessing","Paper Frog","Girya","Bag of Marbles","Velvet Choker","Incense Burner","Bronze Scales","Juzu Bracelet","Dodecahedron","Peace Pipe","Letter Opener","Pandora\u0027s Box","Du-Vu Doll","Anchor","Red Mask"],"potions_floor_usage":[2,11,11,27,29,33,50,50],"damage_taken":[{"damage":0,"enemies":"2 Louse","floor":1,"turns":1},{"damage":0,"enemies":"Cultist","floor":4,"turns":1},{"damage":0,"enemies":"Jaw Worm","floor":5,"turns":1},{"damage":9,"enemies":"Red Slaver","floor":7,"turns":3},{"damage":6,"enemies":"Exordium Wildlife","floor":10,"turns":3},{"damage":30,"enemies":"3 Sentries","floor":11,"turns":7},{"damage":11,"enemies":"Blue Slaver","floor":13,"turns":3},{"damage":0,"enemies":"Slime Boss","floor":16,"turns":5},{"damage":15,"enemies":"2 Thieves","floor":18,"turns":4},{"damage":0,"enemies":"Chosen","floor":19,"turns":3},{"damage":24,"enemies":"Sentry and Sphere","floor":22,"turns":5},{"damage":23,"enemies":"Book of Stabbing","floor":27,"turns":3},{"damage":20,"enemies":"Colosseum Slavers","floor":29,"turns":3},{"damage":6,"enemies":"Colosseum Nobs","floor":29,"turns":3},{"damage":19,"enemies":"Champ","floor":33,"turns":8},{"damage":6,"enemies":"Orb Walker","floor":35,"turns":1},{"damage":1,"enemies":"Mysterious Sphere","floor":37,"turns":2},{"damage":0,"enemies":"3 Shapes","floor":38,"turns":3},{"damage":3,"enemies":"3 Darklings","floor":41,"turns":6},{"damage":7,"enemies":"Transient","floor":42,"turns":6},{"damage":27,"enemies":"Donu and Deca","floor":50,"turns":6},{"damage":47,"enemies":"Time Eater","floor":51,"turns":9}],"seed_played":"6009914214420308357","potions_obtained":[{"floor":1,"key":"Swift Potion"},{"floor":2,"key":"Fruit Juice"},{"floor":2,"key":"Strength Potion"},{"floor":11,"key":"Swift Potion"},{"floor":16,"key":"Energy Potion"},{"floor":18,"key":"LiquidBronze"},{"floor":22,"key":"Regen Potion"},{"floor":37,"key":"PowerPotion"},{"floor":41,"key":"PowerPotion"}],"is_trial":false,"path_per_floor":["M","?","$","M","M","R","M","R","T","M","E","R","M","T","R","B",null,"M","M","?","?","M","R","$","R","T","E","?","?","$","?","R","B",null,"M","?","?","M","$","R","M","M","T","$","R","?","?","$","R","B","B"],"character_chosen":"IRONCLAD","items_purchased":["Reckless Charge","Iron Wave","Impervious","Regen Potion","Disarm","Evolve","Shrug It Off"],"campfire_rested":0,"item_purchase_floors":[3,24,30,30,39,39,44],"current_hp_per_floor":[74,79,79,80,80,80,77,77,77,77,53,53,48,48,48,54,74,65,71,71,71,53,53,53,53,53,36,52,47,47,47,47,49,72,72,72,81,84,84,84,84,83,83,83,83,83,84,84,84,63,22],"gold":0,"neow_bonus":"THREE_ENEMY_KILL","is_prod":false,"is_daily":false,"chose_seed":false,"campfire_upgraded":6,"win_rate":0,"timestamp":1535793331,"path_taken":["M","?","$","M","?","R","M","R","T","M","E","R","M","?","R","BOSS","M","M","?","?","M","R","$","R","T","E","?","?","$","?","R","BOSS","M","?","?","M","$","R","M","M","T","$","R","?","?","?","R","BOSS","BOSS"],"build_version":"2018-08-30","purchased_purges":2,"victory":true,"max_hp_per_floor":[75,80,80,80,80,80,80,80,80,80,80,80,80,80,80,80,80,80,80,80,80,80,80,80,80,80,80,80,80,80,80,80,80,80,80,80,84,84,84,84,84,84,84,84,84,84,84,84,84,84,84],"card_choices":[{"not_picked":["Infernal Blade","Flex","Searing Blow"],"picked":"SKIP","floor":1},{"not_picked":["Wild Strike","Power Through"],"picked":"Inflame","floor":4},{"not_picked":["Intimidate","Perfected Strike"],"picked":"Battle Trance","floor":5},{"not_picked":["Sword Boomerang","Searing Blow"],"picked":"Rampage","floor":7},{"not_picked":["Berserk","Wild Strike"],"picked":"Armaments","floor":10},{"not_picked":["Searing Blow","Bloodletting"],"picked":"Headbutt","floor":11},{"not_picked":["Armaments","Sever Soul"],"picked":"Clothesline","floor":13},{"not_picked":["Exhume","Fiend Fire"],"picked":"Limit Break","floor":16},{"not_picked":["Wild Strike","Armaments"],"picked":"Metallicize","floor":18},{"not_picked":["Clash+1","Entrench+1","Headbutt"],"picked":"SKIP","floor":19},{"not_picked":["Clothesline","Headbutt","Perfected Strike"],"picked":"SKIP","floor":22},{"not_picked":["Wild Strike","Pommel Strike"],"picked":"Offering","floor":27},{"not_picked":["Perfected Strike","Wild Strike"],"picked":"Shockwave","floor":29},{"not_picked":["Demon Form","Offering"],"picked":"Feed","floor":33},{"not_picked":["Flex","Clothesline","Anger+1"],"picked":"SKIP","floor":35},{"not_picked":["Cleave","Dropkick+1"],"picked":"True Grit","floor":37},{"not_picked":["Shockwave","Clothesline"],"picked":"Power Through","floor":38},{"not_picked":["Heavy Blade","Flex","Second Wind"],"picked":"SKIP","floor":41},{"not_picked":["Headbutt","Thunderclap"],"picked":"Ghostly Armor","floor":42}],"player_experience":1220105,"relics_obtained":[{"floor":9,"key":"Paper Frog"},{"floor":11,"key":"Girya"},{"floor":14,"key":"Bag of Marbles"},{"floor":26,"key":"Juzu Bracelet"},{"floor":27,"key":"Dodecahedron"},{"floor":29,"key":"Peace Pipe"},{"floor":29,"key":"Letter Opener"},{"floor":37,"key":"Du-Vu Doll"},{"floor":43,"key":"Anchor"}],"event_choices":[{"event_name":"The Lab","player_choice":"Got Potions","floor":2,"damage_taken":0},{"event_name":"The Mausoleum","player_choice":"Yes","floor":20,"damage_taken":0},{"event_name":"Addict","player_choice":"Obtained Relic","floor":21,"damage_taken":0},{"event_name":"The Library","player_choice":"Heal","floor":28,"damage_taken":0},{"event_name":"Colosseum","player_choice":"Fight","floor":29,"damage_taken":0},{"event_name":"Colosseum","player_choice":"Fought Nobs","floor":29,"damage_taken":0},{"event_name":"Nest","player_choice":"Stole From Cult","floor":31,"damage_taken":0},{"event_name":"Accursed Blacksmith","player_choice":"Forge","floor":36,"damage_taken":0},{"event_name":"Mysterious Sphere","player_choice":"Fight","floor":37,"damage_taken":0},{"event_name":"Tomb of Lord Red Mask","player_choice":"Paid","floor":46,"damage_taken":0},{"event_name":"Winding Halls","player_choice":"Writhe","floor":47,"damage_taken":0}],"is_beta":true,"boss_relics":[{"not_picked":["Sozu","Cursed Key"],"picked":"Velvet Choker"},{"not_picked":["Astrolabe","Mark of Pain"],"picked":"Pandora\u0027s Box"}],"items_purged_floors":[24,39],"is_endless":false,"potions_floor_spawned":[1,7,11,16,18,22,29,37,41],"ascension_level":20}