{"gold_per_floor":[116,116,142,156,171,204,204,219,219,235,269,269,234,5,5,81,81,91,110,110,35,49,49,62,62,114,114,145,162,190,205,205,284,284,298,223,233,233,249,249,249],"floor_reached":41,"playtime":1863,"items_purged":["Strike_G"],"score":1036,"play_id":"244f3c77-8b83-405d-bc1c-77c0b0805cd6","local_time":"20190531203239","is_ascension_mode":true,"campfire_choices":[{"data":"A Thousand Cuts","floor":7,"key":"SMITH"},{"data":"1","floor":12,"key":"LIFT"},{"data":"2","floor":15,"key":"LIFT"},{"data":"3","floor":23,"key":"LIFT"},{"floor":25,"key":"REST"},{"floor":32,"key":"REST"},{"floor":40,"key":"RECALL"}],"neow_cost":"NONE","seed_source_timestamp":657951652947496,"circlet_count":0,"master_deck":["AscendersBane","Defend_G","Defend_G","Defend_G","Defend_G","Defend_G","Survivor","Neutralize","Predator","Poisoned Stab","A Thousand Cuts+1","Dodge and Roll","Well Laid Plans","Bullet Time","Quick Slash+1","Infinite Blades+1","Eviscerate+1","Escape Plan","Dodge and Roll","Corpse Explosion","Deflect","Crippling Poison+1","Adrenaline","Blur","Flechettes+1","Backstab+1"],"relics":["Ring of the Snake","Centennial Puzzle","Oddly Smooth Stone","Girya","Gremlin Horn","TwistedFunnel","Astrolabe","Regal Pillow","Bag of Preparation","StoneCalendar","Fusion Hammer"],"potions_floor_usage":[6,28,30,30,33],"damage_taken":[{"damage":0,"enemies":"2 Louse","floor":1,"turns":2},{"damage":0,"enemies":"Jaw Worm","floor":4,"turns":4},{"damage":1,"enemies":"Cultist","floor":5,"turns":3},{"damage":24,"enemies":"Gremlin Nob","floor":6,"turns":4},{"damage":2,"enemies":"Looter","floor":8,"turns":4},{"damage":0,"enemies":"2 Fungi Beasts","floor":10,"turns":4},{"damage":13,"enemies":"Lagavulin","floor":11,"turns":8},{"damage":0,"enemies":"The Guardian","floor":16,"turns":13},{"damage":16,"enemies":"2 Thieves","floor":18,"turns":3},{"damage":17,"enemies":"Shell Parasite","floor":19,"turns":5},{"damage":1,"enemies":"Centurion and Healer","floor":22,"turns":5},{"damage":18,"enemies":"Cultist and Chosen","floor":24,"turns":5},{"damage":5,"enemies":"Book of Stabbing","floor":28,"turns":5},{"damage":2,"enemies":"Snecko","floor":29,"turns":3},{"damage":8,"enemies":"Gremlin Leader","floor":30,"turns":6},{"damage":3,"enemies":"Sentry and Sphere","floor":31,"turns":4},{"damage":36,"enemies":"Champ","floor":33,"turns":11},{"damage":0,"enemies":"Orb Walker","floor":35,"turns":3},{"damage":0,"enemies":"3 Shapes","floor":37,"turns":3},{"damage":10,"enemies":"Transient","floor":39,"turns":6},{"damage":78,"enemies":"Giant Head","floor":41,"turns":8}],"seed_played":"8822779817977747214","potions_obtained":[{"floor":4,"key":"Strength Potion"},{"floor":5,"key":"Dexterity Potion"},{"floor":16,"key":"PowerPotion"},{"floor":18,"key":"AttackPotion"},{"floor":22,"key":"PowerPotion"},{"floor":28,"key":"SpeedPotion"},{"floor":30,"key":"Regen Potion"}],"is_trial":false,"path_per_floor":["M","?","T","M","M","E","R","M","T","M","E","R","?","$","R","B",null,"M","M","?","?","M","R","M","R","T","?","E","M","E","M","R","B",null,"M","$","M","?","M","R","E"],"character_chosen":"THE_SILENT","items_purchased":["TwistedFunnel"],"campfire_rested":2,"item_purchase_floors":[14],"current_hp_per_floor":[59,59,59,59,58,34,34,32,32,32,19,19,35,35,35,35,58,42,25,25,25,24,24,6,25,25,25,20,18,10,7,41,20,55,55,55,55,66,56,56,0],"gold":249,"neow_bonus":"THREE_CARDS","is_prod":false,"is_daily":false,"chose_seed":false,"campfire_upgraded":1,"win_rate":0,"timestamp":1559331159,"path_taken":["M","?","?","M","M","E","R","?","T","M","E","R","?","$","R","BOSS","M","M","?","?","M","R","M","R","T","?","E","M","E","?","R","BOSS","M","$","M","?","M","R","E"],"build_version":"2019-05-28","purchased_purges":1,"victory":false,"max_hp_per_floor":[66,66,66,66,66,66,66,66,66,66,66,66,66,66,66,66,66,66,66,66,66,66,66,66,66,66,66,66,66,66,66,66,66,66,66,66,66,66,66,66,66],"card_choices":[{"not_picked":["Acrobatics","Heel Hook"],"picked":"Predator","floor":0},{"not_picked":["Flying Knee","Outmaneuver"],"picked":"Poisoned Stab","floor":1},{"not_picked":["Acrobatics","Backflip","Deflect"],"picked":"SKIP","floor":4},{"not_picked":["Heel Hook","Flechettes"],"picked":"A Thousand Cuts","floor":5},{"not_picked":["Dagger Throw","Bane","Eviscerate"],"picked":"SKIP","floor":6},{"not_picked":["Underhanded Strike","Sucker Punch"],"picked":"Dodge and Roll","floor":8},{"not_picked":["Deflect","Endless Agony"],"picked":"Well Laid Plans","floor":10},{"not_picked":["Blade Dance","Dagger Spray","Acrobatics"],"picked":"SKIP","floor":11},{"not_picked":["Grand Finale","Unload"],"picked":"Bullet Time","floor":16},{"not_picked":["Bouncing Flask","Slice","Acrobatics"],"picked":"SKIP","floor":18},{"not_picked":["Sucker Punch","Flying Knee","Acrobatics"],"picked":"SKIP","floor":19},{"not_picked":["Quick Slash","Choke"],"picked":"Escape Plan","floor":22},{"not_picked":["Venomology","Prepared"],"picked":"Dodge and Roll","floor":24},{"not_picked":["Flying Knee","Underhanded Strike+1"],"picked":"Corpse Explosion","floor":28},{"not_picked":["Dagger Throw","Flying Knee"],"picked":"Deflect","floor":29},{"not_picked":["Bane","Dagger Throw","Slice"],"picked":"SKIP","floor":30},{"not_picked":["Cloak And Dagger","Bane"],"picked":"Crippling Poison+1","floor":31},{"not_picked":["A Thousand Cuts","Eviscerate"],"picked":"Adrenaline","floor":33},{"not_picked":["Outmaneuver","Caltrops"],"picked":"Blur","floor":35},{"not_picked":["Heel Hook","Flying Knee+1"],"picked":"Flechettes+1","floor":37},{"not_picked":["Bouncing Flask","Bane"],"picked":"Backstab+1","floor":39}],"player_experience":2090436,"relics_obtained":[{"floor":3,"key":"Centennial Puzzle"},{"floor":6,"key":"Oddly Smooth Stone"},{"floor":9,"key":"Girya"},{"floor":11,"key":"Gremlin Horn"},{"floor":26,"key":"Regal Pillow"},{"floor":28,"key":"Bag of Preparation"},{"floor":30,"key":"StoneCalendar"}],"event_choices":[{"damage_healed":0,"gold_gain":0,"player_choice":"Ignored","damage_taken":0,"max_hp_gain":0,"max_hp_loss":0,"event_name":"Liars Game","floor":2,"gold_loss":0},{"damage_healed":16,"gold_gain":0,"player_choice":"Healed","damage_taken":0,"max_hp_gain":0,"max_hp_loss":0,"event_name":"The Cleric","floor":13,"gold_loss":35},{"damage_healed":0,"gold_gain":0,"player_choice":"Ignored","damage_taken":0,"max_hp_gain":0,"max_hp_loss":0,"event_name":"Vampires","floor":20,"gold_loss":0},{"cards_removed":["Strike_G"],"damage_healed":0,"gold_gain":0,"player_choice":"Gave Gold","damage_taken":0,"max_hp_gain":0,"max_hp_loss":0,"event_name":"Beggar","floor":21,"gold_loss":75},{"damage_healed":0,"gold_gain":0,"player_choice":"Got Potions","damage_taken":0,"max_hp_gain":0,"max_hp_loss":0,"event_name":"Lab","floor":27,"gold_loss":0},{"damage_healed":11,"gold_gain":0,"player_choice":"Full Heal","damage_taken":0,"max_hp_gain":0,"max_hp_loss":0,"event_name":"Wheel of Change","floor":38,"gold_loss":0}],"is_beta":true,"boss_relics":[{"not_picked":["Tiny House","Black Star"],"picked":"Astrolabe"},{"not_picked":["Velvet Choker","Ring of the Serpent"],"picked":"Fusion Hammer"}],"items_purged_floors":[36],"is_endless":false,"potions_floor_spawned":[4,5,16,18,22,28,30],"killed_by":"Giant Head","ascension_level":20}