{"gold_per_floor":[115,132,132,151,9,9,41,41,41,61,61,72,72,86,86,164,164,178,178,196,214,214],"floor_reached":22,"playtime":1044,"items_purged":[],"score":357,"play_id":"43bc9033-6f81-47fb-8171-ccdd1b269e32","local_time":"20180827213233","is_ascension_mode":true,"campfire_choices":[{"data":"Bash","floor":6,"key":"SMITH"},{"data":"Metallicize","floor":11,"key":"SMITH"},{"data":"Whirlwind","floor":15,"key":"SMITH"}],"neow_cost":"","seed_source_timestamp":860800527749321,"circlet_count":0,"master_deck":["Strike_R","Strike_R","Strike_R","Defend_R","Defend_R","Defend_R","Defend_R","Bash+1","AscendersBane","Metallicize+1","Sword Boomerang","Ghostly Armor","Feed","Shrug It Off","Sentinel","Immolate","Rampage","Whirlwind+1","Anger","Armaments"],"relics":["Burning Blood","Gremlin Horn","Blood Vial","Red Skull","Pantograph","Empty Cage","Enchiridion"],"potions_floor_usage":[7,14,22],"damage_taken":[{"damage":9,"enemies":"Jaw Worm","floor":1,"turns":4},{"damage":3,"enemies":"2 Louse","floor":2,"turns":5},{"damage":7,"enemies":"Small Slimes","floor":4,"turns":5},{"damage":34,"enemies":"Lagavulin","floor":7,"turns":7},{"damage":0,"enemies":"2 Fungi Beasts","floor":10,"turns":4},{"damage":7,"enemies":"Exordium Thugs","floor":12,"turns":5},{"damage":8,"enemies":"Exordium Wildlife","floor":14,"turns":4},{"damage":61,"enemies":"The Guardian","floor":16,"turns":19},{"damage":24,"enemies":"Shell Parasite","floor":18,"turns":11},{"damage":4,"enemies":"3 Byrds","floor":20,"turns":2},{"damage":38,"enemies":"Sentry and Sphere","floor":21,"turns":4},{"damage":17,"enemies":"Chosen and Byrds","floor":22,"turns":5}],"seed_played":"-2064486042123005103","potions_obtained":[{"floor":12,"key":"Explosive Potion"},{"floor":14,"key":"LiquidBronze"},{"floor":16,"key":"Fire Potion"}],"is_trial":false,"path_per_floor":["M","M","?","M","$","R","E","?","T","M","R","M","T","M","R","B",null,"M","?","M","M"],"character_chosen":"IRONCLAD","items_purchased":["Feed","Strength Potion"],"campfire_rested":0,"item_purchase_floors":[5,5],"current_hp_per_floor":[65,68,63,62,62,62,37,37,37,48,48,52,52,52,52,27,72,59,38,45,15,0],"gold":214,"neow_bonus":"","is_prod":false,"is_daily":false,"chose_seed":false,"campfire_upgraded":3,"win_rate":0,"timestamp":1535401953,"path_taken":["M","M","?","M","$","R","E","?","T","?","R","M","?","M","R","BOSS","M","?","M","M","M"],"build_version":"2018-08-23v2","purchased_purges":0,"victory":false,"max_hp_per_floor":[75,75,75,75,75,75,78,78,78,81,81,84,84,84,84,87,87,90,90,93,93,93],"card_choices":[{"not_picked":["Heavy Blade","Clash"],"picked":"Metallicize","floor":1},{"not_picked":["Perfected Strike","Warcry"],"picked":"Sword Boomerang","floor":2},{"not_picked":["Perfected Strike","Fire Breathing"],"picked":"Ghostly Armor","floor":4},{"not_picked":["Berserk","Pommel Strike"],"picked":"Shrug It Off","floor":7},{"not_picked":["Combust","Sword Boomerang"],"picked":"Rampage","floor":10},{"not_picked":["Reckless Charge","Bloodletting","Flex"],"picked":"SKIP","floor":12},{"not_picked":["Heavy Blade","Perfected Strike"],"picked":"Whirlwind","floor":14},{"not_picked":["Corruption","Heavy Blade"],"picked":"Anger","floor":18},{"not_picked":["Clash","Sword Boomerang"],"picked":"Armaments","floor":20},{"not_picked":["Bloodletting+1","Warcry","Brutality"],"picked":"SKIP","floor":21}],"player_experience":1194236,"relics_obtained":[{"floor":7,"key":"Blood Vial"},{"floor":9,"key":"Red Skull"},{"floor":13,"key":"Pantograph"},{"floor":19,"key":"Enchiridion"}],"event_choices":[{"event_name":"Scrap Ooze","player_choice":"success","floor":3,"damage_taken":5},{"event_name":"Match and Keep!","player_choice":"2 cards matched","floor":8,"damage_taken":0},{"event_name":"Cursed Tome","player_choice":"Obtained Book","floor":19,"damage_taken":0}],"is_beta":true,"boss_relics":[{"not_picked":["Black Star","White Beast Statue"],"picked":"Empty Cage"}],"items_purged_floors":[],"is_endless":false,"potions_floor_spawned":[12,14,16,20],"killed_by":"Chosen and Byrds","ascension_level":18}