{"gold_per_floor":[111,36,46,46,46,46,81,81,134,146,158,211,223,260,272,284],"floor_reached":16,"playtime":215,"items_purged":["Strike_G"],"score":262,"play_id":"7964ff08-46be-4077-84d5-a98405cde26e","local_time":"20190309134030","is_ascension_mode":true,"campfire_choices":[{"data":"Dagger Spray","floor":6,"key":"SMITH"},{"data":"Neutralize","floor":8,"key":"SMITH"},{"data":"Flying Knee","floor":10,"key":"SMITH"},{"data":"Die Die Die","floor":13,"key":"SMITH"},{"floor":15,"key":"REST"}],"neow_cost":"NONE","seed_source_timestamp":293452751300372,"circlet_count":0,"master_deck":["AscendersBane","Defend_G","Defend_G","Defend_G","Defend_G","Defend_G","Strike_G","Strike_G","Strike_G","Survivor","Neutralize+1","Dagger Spray+1","Flying Knee+1","Die Die Die+1","Dodge and Roll"],"relics":["Ring of the Snake","NeowsBlessing","Golden Idol","Paper Crane","MawBank","Lantern"],"potions_floor_usage":[12],"damage_taken":[{"damage":0,"enemies":"Jaw Worm","floor":1,"turns":1},{"damage":0,"enemies":"2 Louse","floor":3,"turns":1},{"damage":0,"enemies":"3 Sentries","floor":7,"turns":1},{"damage":24,"enemies":"Gremlin Nob","floor":12,"turns":5},{"damage":0,"enemies":"Small Slimes","floor":14,"turns":1},{"damage":52,"enemies":"Slime Boss","floor":16,"turns":5}],"seed_played":"-116037703802082960","potions_obtained":[{"floor":3,"key":"Poison Potion"},{"floor":14,"key":"LiquidBronze"}],"is_trial":false,"path_per_floor":["M","$","M","?","?","R","E","R","T","R","?","E","R","M","R","B"],"character_chosen":"THE_SILENT","items_purchased":[],"campfire_rested":1,"item_purchase_floors":[],"current_hp_per_floor":[59,59,59,59,52,52,52,52,52,52,52,28,28,28,46,0],"gold":284,"neow_bonus":"THREE_ENEMY_KILL","is_prod":false,"is_daily":false,"chose_seed":false,"campfire_upgraded":4,"win_rate":0,"timestamp":1552138830,"path_taken":["M","$","M","?","?","R","E","R","T","R","?","E","R","M","R","BOSS"],"build_version":"2019-02-06","purchased_purges":1,"victory":false,"max_hp_per_floor":[66,66,66,60,60,60,60,60,60,60,60,60,60,60,60,60],"card_choices":[{"not_picked":["Terror","Bouncing Flask"],"picked":"Dagger Spray","floor":1},{"not_picked":["Terror","Outmaneuver","Acrobatics"],"picked":"SKIP","floor":3},{"not_picked":["Venomology","Doppelganger"],"picked":"Flying Knee","floor":7},{"not_picked":["Bouncing Flask","Blur"],"picked":"Die Die Die","floor":12},{"not_picked":["Tactician","Choke"],"picked":"Dodge and Roll","floor":14}],"player_experience":1900865,"relics_obtained":[{"floor":7,"key":"Paper Crane"},{"floor":9,"key":"MawBank"},{"floor":12,"key":"Lantern"}],"event_choices":[{"damage_healed":0,"gold_gain":0,"player_choice":"Lose Max HP","damage_taken":0,"relics_obtained":["Golden Idol"],"max_hp_gain":0,"max_hp_loss":6,"event_name":"Golden Idol","floor":4,"gold_loss":0},{"cards_removed":["Strike_G"],"damage_healed":0,"gold_gain":0,"player_choice":"Card Removal","damage_taken":7,"max_hp_gain":0,"max_hp_loss":0,"event_name":"Golden Wing","floor":5,"gold_loss":0},{"damage_healed":0,"gold_gain":0,"player_choice":"Ignored","damage_taken":0,"max_hp_gain":0,"max_hp_loss":0,"event_name":"Liars Game","floor":11,"gold_loss":0}],"is_beta":true,"boss_relics":[],"items_purged_floors":[2],"is_endless":false,"potions_floor_spawned":[3,14],"killed_by":"Slime Boss","ascension_level":20}