{"gold_per_floor":[109,124,134,147,167,167,167,167,167,167,179,190,32,89,89,187,187,199,99,110,110,130,130],"floor_reached":23,"playtime":3233,"items_purged":["Strike_B","Strike_B"],"score":245,"play_id":"048ffca6-39d3-4b68-af45-2fd74670736f","local_time":"20190819162640","is_ascension_mode":false,"campfire_choices":[{"data":"Hologram","floor":6,"key":"SMITH"},{"data":"Turbo","floor":8,"key":"SMITH"},{"data":"Zap","floor":10,"key":"SMITH"},{"data":"Hologram","floor":15,"key":"SMITH"}],"neow_cost":"PERCENT_DAMAGE","seed_source_timestamp":13599006294903,"circlet_count":0,"master_deck":["Strike_B","Strike_B","Defend_B","Defend_B","Defend_B","Defend_B","Zap+1","Dualcast","Hologram+1","Ball Lightning","Turbo+1","Hologram+1","Panacea","Multi-Cast","All For One","Self Repair+1"],"relics":["Cracked Core","Thread and Needle","Tiny Chest","Black Star","Du-Vu Doll"],"potions_floor_usage":[4,5,14,22,23],"damage_taken":[{"damage":3,"enemies":"2 Louse","floor":1,"turns":2},{"damage":0,"enemies":"Cultist","floor":2,"turns":3},{"damage":0,"enemies":"Small Slimes","floor":3,"turns":3},{"damage":0,"enemies":"Exordium Wildlife","floor":4,"turns":2},{"damage":0,"enemies":"3 Louse","floor":5,"turns":1},{"damage":4,"enemies":"Red Slaver","floor":11,"turns":3},{"damage":1,"enemies":"Lots of Slimes","floor":12,"turns":4},{"damage":30,"enemies":"Gremlin Nob","floor":14,"turns":4},{"damage":0,"enemies":"Slime Boss","floor":16,"turns":8},{"damage":30,"enemies":"2 Thieves","floor":18,"turns":5},{"damage":1,"enemies":"Spheric Guardian","floor":20,"turns":3},{"damage":11,"enemies":"Centurion and Healer","floor":22,"turns":5},{"damage":35,"enemies":"Slavers","floor":23,"turns":3}],"seed_played":"-5467065205197061962","potions_obtained":[{"floor":1,"key":"Swift Potion"},{"floor":4,"key":"Explosive Potion"},{"floor":12,"key":"SneckoOil"},{"floor":16,"key":"Ancient Potion"},{"floor":20,"key":"Strength Potion"}],"is_trial":false,"path_per_floor":["M","M","M","M","M","R","?","R","T","R","M","M","$","E","R","B",null,"M","$","M","T","M","E"],"character_chosen":"DEFECT","items_purchased":["Panacea"],"campfire_rested":0,"item_purchase_floors":[13],"current_hp_per_floor":[51,51,51,51,51,51,75,75,75,75,71,70,70,40,40,40,75,45,45,44,44,33,0],"gold":130,"neow_bonus":"ONE_RARE_RELIC","is_prod":false,"is_daily":false,"chose_seed":false,"campfire_upgraded":4,"win_rate":0,"timestamp":1566257200,"path_taken":["M","M","M","M","M","R","?","R","T","R","M","M","$","E","R","BOSS","M","$","M","?","M","E"],"build_version":"2019-07-17","purchased_purges":2,"victory":false,"max_hp_per_floor":[75,75,75,75,75,75,75,75,75,75,75,75,75,75,75,75,75,75,75,75,75,75,75],"card_choices":[{"not_picked":["Doom and Gloom","Leap"],"picked":"Hologram","floor":1},{"not_picked":["Conserve Battery","Sweeping Beam"],"picked":"Ball Lightning","floor":2},{"not_picked":["Scrape","Cold Snap"],"picked":"Turbo","floor":3},{"not_picked":["Seek","Aggregate"],"picked":"Self Repair","floor":4},{"not_picked":["Stack","Compile Driver","Cold Snap"],"picked":"SKIP","floor":5},{"not_picked":["Barrage","Go for the Eyes"],"picked":"Hologram","floor":11},{"not_picked":["Leap","Steam","Barrage"],"picked":"SKIP","floor":12},{"not_picked":["Fusion","Steam"],"picked":"Multi-Cast","floor":14},{"not_picked":["Hyperbeam","Echo Form"],"picked":"All For One","floor":16},{"not_picked":["Blizzard","Barrage","Hologram"],"picked":"SKIP","floor":18},{"not_picked":["Coolheaded","Conserve Battery","Compile Driver+1"],"picked":"SKIP","floor":20},{"not_picked":["Reinforced Body","White Noise+1"],"picked":"Self Repair+1","floor":22}],"player_experience":166776,"relics_obtained":[{"floor":14,"key":"Tiny Chest"},{"floor":21,"key":"Du-Vu Doll"}],"event_choices":[{"cards_removed":["Self Repair"],"damage_healed":24,"gold_gain":0,"player_choice":"Offered Uncommon","damage_taken":0,"max_hp_gain":0,"max_hp_loss":0,"event_name":"Bonfire Elementals","floor":7,"gold_loss":0}],"is_beta":false,"boss_relics":[{"not_picked":["Orrery","Fusion Hammer"],"picked":"Black Star"}],"items_purged_floors":[13,19],"is_endless":false,"potions_floor_spawned":[1,4,12,16,20],"killed_by":"Slavers","ascension_level":0}