{"gold_per_floor":[114,63,77,77,77,108,108,144,144,144,162,162],"floor_reached":12,"playtime":234,"items_purged":[],"score":222,"play_id":"b26f943e-3d55-4389-803f-0426c4d68efb","local_time":"20190717001157","is_ascension_mode":true,"campfire_choices":[{"data":"Bash","floor":7.0,"key":"SMITH"},{"data":"Sword Boomerang","floor":10.0,"key":"SMITH"}],"neow_cost":"NONE","seed_source_timestamp":30435882359190,"circlet_count":0,"master_deck":["AscendersBane","Strike_R+1","Strike_R","Strike_R","Strike_R","Strike_R","Defend_R","Defend_R","Defend_R","Defend_R","Bash+1","Sword Boomerang+1","Pommel Strike+1","Offering","Disarm"],"special_seed":0,"relics":["Burning Blood","NeowsBlessing","Darkstone Periapt","Golden Idol","Gremlin Horn","Singing Bowl","Meat on the Bone"],"potions_floor_usage":[],"damage_taken":[{"damage":0.0,"enemies":"Jaw Worm","floor":1.0,"turns":1.0},{"damage":0.0,"enemies":"Cultist","floor":3.0,"turns":1.0},{"damage":0.0,"enemies":"3 Sentries","floor":6.0,"turns":1.0},{"damage":29.0,"enemies":"Lagavulin","floor":8.0,"turns":4.0},{"damage":6.0,"enemies":"2 Louse","floor":11.0,"turns":3.0},{"damage":26,"enemies":"3 Sentries","floor":12,"turns":4}],"seed_played":"6813011934877510897","potions_obtained":[{"floor":6.0,"key":"Block Potion"}],"is_trial":false,"path_per_floor":["M","?","M","?","?","E","R","E","T","R","M","E"],"character_chosen":"IRONCLAD","items_purchased":[],"campfire_rested":0,"item_purchase_floors":[],"current_hp_per_floor":[74,74,75,49,26,32,32,9,9,9,23,0],"gold":162,"neow_bonus":"THREE_ENEMY_KILL","is_prod":false,"is_daily":false,"chose_seed":false,"campfire_upgraded":2,"win_rate":0,"timestamp":1563318717,"path_taken":["M","?","?","?","?","E","R","E","T","R","M","E"],"build_version":"2019-07-10","purchased_purges":0,"victory":false,"max_hp_per_floor":[75,75,75,75,75,75,75,75,75,75,77,77],"card_choices":[{"not_picked":["Armaments","Flex"],"picked":"Sword Boomerang","floor":1.0},{"not_picked":["Shrug It Off","Evolve"],"picked":"Pommel Strike","floor":3.0},{"not_picked":["Cleave","Wild Strike"],"picked":"Offering","floor":6.0},{"not_picked":["Entrench","Cleave"],"picked":"Disarm","floor":8.0},{"not_picked":["Rage","Corruption","Body Slam"],"picked":"Singing Bowl","floor":11.0}],"player_experience":2205857,"relics_obtained":[{"floor":6.0,"key":"Gremlin Horn"},{"floor":8.0,"key":"Singing Bowl"},{"floor":9.0,"key":"Meat on the Bone"}],"event_choices":[{"damage_healed":0.0,"max_hp_gain":0.0,"max_hp_loss":0.0,"gold_gain":0.0,"event_name":"WeMeetAgain","player_choice":"Paid Gold","floor":2.0,"gold_loss":51.0,"damage_taken":0.0,"relics_obtained":["Darkstone Periapt"]},{"damage_healed":0.0,"max_hp_gain":0.0,"max_hp_loss":0.0,"gold_gain":0.0,"event_name":"Golden Idol","player_choice":"Take Damage","floor":4.0,"gold_loss":0.0,"damage_taken":26.0,"relics_obtained":["Golden Idol"]},{"damage_healed":0.0,"max_hp_gain":0.0,"max_hp_loss":0.0,"gold_gain":0.0,"event_name":"Shining Light","player_choice":"Entered Light","floor":5.0,"gold_loss":0.0,"damage_taken":23.0,"cards_upgraded":["Pommel Strike","Strike_R"]}],"is_beta":true,"boss_relics":[],"items_purged_floors":[],"is_endless":false,"potions_floor_spawned":[6],"killed_by":"3 Sentries","ascension_level":20}