{"gold_per_floor":[115,135,155,155,155,187,187,205,276,304,304,332,332,332,332,409,409,426,446,426,441,78,110,35,65,91,125,125,143,155,5,5,84,84,102,102,121,133,152,177,0,28,28,62,73,84,84,97,97,97,97,97,97,20,55,55],"floor_reached":57,"playtime":2867,"items_purged":["Pain"],"score":2869,"play_id":"2431d18a-40ad-44d9-a701-259ae4430e6e","local_time":"20190701181358","is_ascension_mode":true,"campfire_choices":[{"data":"Inflame","floor":7.0,"key":"SMITH"},{"data":"Bash","floor":11.0,"key":"SMITH"},{"data":"Battle Trance","floor":13.0,"key":"SMITH"},{"floor":15.0,"key":"REST"},{"data":"Limit Break","floor":28.0,"key":"SMITH"},{"data":"True Grit","floor":32.0,"key":"SMITH"},{"floor":49.0,"key":"RECALL"},{"data":"Dual Wield","floor":53.0,"key":"SMITH"}],"neow_cost":"NONE","seed_source_timestamp":258140680077670,"circlet_count":0,"master_deck":["AscendersBane","Strike_R","Strike_R","Strike_R","Strike_R+1","Defend_R+1","Defend_R","Defend_R","Defend_R","Bash+1","Inflame+1","Clothesline","Thunderclap","Rampage+1","Shrug It Off","Flame Barrier","Battle Trance+1","Reaper","Limit Break+1","True Grit+1","Flame Barrier","Dual Wield+1","Bludgeon+1","Spot Weakness","Fiend Fire","Demon Form+1","Headbutt+1","Shrug It Off","Flame Barrier","Exhume","Uppercut","Exhume","Exhume"],"special_seed":0,"relics":["Burning Blood","PreservedInsect","WarpedTongs","Turnip","Question Card","Orichalcum","Dream Catcher","Snecko Eye","Paper Frog","Frozen Egg 2","Red Skull","Bag of Preparation","Oddly Smooth Stone","Busted Crown","Happy Flower","Red Mask","Mummified Hand","Whetstone","Torii"],"potions_floor_usage":[56,56],"damage_taken":[{"damage":9.0,"enemies":"Jaw Worm","floor":1.0,"turns":5.0},{"damage":7.0,"enemies":"Small Slimes","floor":2.0,"turns":4.0},{"damage":1.0,"enemies":"Cultist","floor":3.0,"turns":3.0},{"damage":0.0,"enemies":"3 Sentries","floor":6.0,"turns":2.0},{"damage":23.0,"enemies":"3 Louse","floor":8.0,"turns":3.0},{"damage":14.0,"enemies":"Lagavulin","floor":10.0,"turns":7.0},{"damage":14.0,"enemies":"Gremlin Nob","floor":12.0,"turns":4.0},{"damage":31.0,"enemies":"Slime Boss","floor":16.0,"turns":12.0},{"damage":13.0,"enemies":"Chosen","floor":18.0,"turns":4.0},{"damage":12.0,"enemies":"Shell Parasite","floor":19.0,"turns":4.0},{"damage":11.0,"enemies":"Sentry and Sphere","floor":21.0,"turns":8.0},{"damage":27.0,"enemies":"Gremlin Leader","floor":23.0,"turns":6.0},{"damage":12.0,"enemies":"Book of Stabbing","floor":25.0,"turns":4.0},{"damage":21.0,"enemies":"Slavers","floor":27.0,"turns":4.0},{"damage":28.0,"enemies":"Shelled Parasite and Fungi","floor":29.0,"turns":4.0},{"damage":0.0,"enemies":"Centurion and Healer","floor":30.0,"turns":4.0},{"damage":6.0,"enemies":"Champ","floor":33.0,"turns":8.0},{"damage":72.0,"enemies":"3 Darklings","floor":35.0,"turns":5.0},{"damage":15.0,"enemies":"Orb Walker","floor":37.0,"turns":3.0},{"damage":29.0,"enemies":"Maw","floor":38.0,"turns":7.0},{"damage":0.0,"enemies":"Writhing Mass","floor":39.0,"turns":5.0},{"damage":5.0,"enemies":"Reptomancer","floor":40.0,"turns":2.0},{"damage":5.0,"enemies":"Nemesis","floor":42.0,"turns":3.0},{"damage":40.0,"enemies":"Reptomancer","floor":44.0,"turns":3.0},{"damage":23.0,"enemies":"Spire Growth","floor":45.0,"turns":5.0},{"damage":3.0,"enemies":"Jaw Worm Horde","floor":46.0,"turns":4.0},{"damage":13.0,"enemies":"3 Darklings","floor":48.0,"turns":3.0},{"damage":76.0,"enemies":"Awakened One","floor":50.0,"turns":7.0},{"damage":64.0,"enemies":"Time Eater","floor":51.0,"turns":9.0},{"damage":68,"enemies":"Shield and Spear","floor":55,"turns":6},{"damage":113,"enemies":"The Heart","floor":56,"turns":8}],"seed_played":"5346578427300812862","potions_obtained":[{"floor":1.0,"key":"AttackPotion"},{"floor":3.0,"key":"LiquidBronze"},{"floor":10.0,"key":"Block Potion"},{"floor":18.0,"key":"FearPotion"},{"floor":25.0,"key":"Fire Potion"},{"floor":27.0,"key":"Dexterity Potion"},{"floor":30.0,"key":"Strength Potion"}],"is_trial":false,"path_per_floor":["M","M","M","?","?","E","R","M","T","E","R","E","R","?","R","B",null,"M","M","?","M","$","E","?","E","T","E","R","M","M","$","R","B",null,"M","?","M","M","M","E","?","E","T","E","M","M","$","M","R","B","B",null,"R","$","E","B",null],"character_chosen":"IRONCLAD","items_purchased":["Paper Frog","Fiend Fire","Exhume"],"campfire_rested":1,"item_purchase_floors":[22,31,54],"current_hp_per_floor":[65,64,69,69,69,75,75,58,58,50,50,42,42,19,41,40,66,65,59,59,61,61,54,54,56,56,53,53,44,64,64,64,75,75,57,57,59,75,75,75,75,75,75,41,59,75,75,75,75,75,75,75,75,75,75,75],"gold":55,"neow_bonus":"RANDOM_COMMON_RELIC","is_prod":false,"is_daily":false,"chose_seed":false,"campfire_upgraded":6,"win_rate":0,"timestamp":1562001238,"path_taken":["M","M","M","?","?","E","R","?","T","E","R","E","R","?","R","BOSS","M","M","?","?","$","E","?","E","T","E","R","M","M","?","R","BOSS","M","?","M","M","M","E","?","E","T","E","M","M","?","M","R","BOSS","BOSS","R","$","E","BOSS"],"build_version":"2019-06-30","purchased_purges":1,"victory":true,"max_hp_per_floor":[75,75,75,75,75,75,75,75,75,75,75,75,75,75,75,75,75,75,75,75,75,75,75,75,75,75,75,75,75,75,75,75,75,75,75,75,75,75,75,75,75,75,75,75,75,75,75,75,75,75,75,75,75,75,75,75],"card_choices":[{"not_picked":["Wild Strike","Hemokinesis"],"picked":"Inflame","floor":1.0},{"not_picked":["Dual Wield","Corruption"],"picked":"Clothesline","floor":2.0},{"not_picked":["Body Slam","Sever Soul"],"picked":"Thunderclap","floor":3.0},{"not_picked":["Corruption","Clash"],"picked":"Rampage","floor":6.0},{"not_picked":["Corruption","Dropkick"],"picked":"Shrug It Off","floor":8.0},{"not_picked":["Armaments","Hemokinesis","Clash"],"picked":"Flame Barrier","floor":10.0},{"not_picked":["Pummel","Sentinel","Evolve"],"picked":"Battle Trance","floor":12.0},{"not_picked":["Spot Weakness","Clash","Sever Soul"],"picked":"Reaper","floor":15.0},{"not_picked":["Double Tap","Barricade","Dark Embrace"],"picked":"Limit Break","floor":16.0},{"not_picked":["Fire Breathing","Anger","Cleave"],"picked":"True Grit","floor":18.0},{"not_picked":["Perfected Strike","Clothesline","Blood for Blood","Iron Wave"],"picked":"SKIP","floor":19.0},{"not_picked":["Pummel","Perfected Strike","True Grit"],"picked":"Flame Barrier","floor":21.0},{"not_picked":["Thunderclap","Flex","Offering"],"picked":"Dual Wield","floor":23.0},{"not_picked":["Sever Soul","Clothesline","Twin Strike","Cleave"],"picked":"SKIP","floor":25.0},{"not_picked":["Infernal Blade","Body Slam","Twin Strike"],"picked":"Bludgeon","floor":27.0},{"not_picked":["Metallicize+1","Shrug It Off","Clash"],"picked":"Spot Weakness","floor":29.0},{"not_picked":["Armaments","Iron Wave","Twin Strike","Battle Trance"],"picked":"SKIP","floor":30.0},{"not_picked":["Fiend Fire","Brutality+1","Berserk+1"],"picked":"Demon Form+1","floor":33.0},{"not_picked":["Perfected Strike+1","Sentinel"],"picked":"SKIP","floor":35.0},{"not_picked":["Sever Soul"],"picked":"Headbutt+1","floor":37.0},{"not_picked":["Dropkick+1"],"picked":"Shrug It Off","floor":38.0},{"not_picked":["Thunderclap"],"picked":"Flame Barrier","floor":39.0},{"not_picked":["Armaments+1","Rupture+1"],"picked":"SKIP","floor":40.0},{"not_picked":["Thunderclap"],"picked":"Exhume","floor":42.0},{"not_picked":["Second Wind","Havoc+1"],"picked":"SKIP","floor":44.0},{"not_picked":["Anger"],"picked":"Uppercut","floor":45.0},{"not_picked":["Havoc+1","Carnage+1"],"picked":"SKIP","floor":46.0},{"not_picked":["Headbutt+1","Rampage+1"],"picked":"SKIP","floor":48.0},{"not_picked":["Thunderclap"],"picked":"Exhume","floor":55}],"player_experience":2167795,"relics_obtained":[{"floor":6.0,"key":"Turnip"},{"floor":9.0,"key":"Question Card"},{"floor":10.0,"key":"Orichalcum"},{"floor":12.0,"key":"Dream Catcher"},{"floor":23.0,"key":"Frozen Egg 2"},{"floor":25.0,"key":"Red Skull"},{"floor":26.0,"key":"Bag of Preparation"},{"floor":27.0,"key":"Oddly Smooth Stone"},{"floor":40.0,"key":"Happy Flower"},{"floor":42.0,"key":"Mummified Hand"},{"floor":44.0,"key":"Whetstone"},{"floor":55,"key":"Torii"}],"event_choices":[{"damage_healed":0.0,"max_hp_gain":0.0,"max_hp_loss":0.0,"gold_gain":0.0,"event_name":"Liars Game","player_choice":"Ignored","floor":4.0,"gold_loss":0.0,"damage_taken":0.0},{"damage_healed":0.0,"max_hp_gain":0.0,"max_hp_loss":0.0,"gold_gain":0.0,"event_name":"Accursed Blacksmith","player_choice":"Rummage","floor":5.0,"gold_loss":0.0,"damage_taken":0.0,"relics_obtained":["WarpedTongs"],"cards_obtained":["Pain"]},{"damage_healed":0.0,"max_hp_gain":0.0,"max_hp_loss":0.0,"gold_gain":0.0,"event_name":"Shining Light","player_choice":"Entered Light","floor":14.0,"gold_loss":0.0,"damage_taken":23.0,"cards_upgraded":["Defend_R","Rampage"]},{"damage_healed":0.0,"max_hp_gain":0.0,"max_hp_loss":0.0,"gold_gain":0.0,"event_name":"The Woman in Blue","player_choice":"Bought 1 Potion","floor":20.0,"gold_loss":0.0,"damage_taken":0.0},{"cards_removed":["Strike_R"],"damage_healed":0.0,"max_hp_gain":0.0,"max_hp_loss":0.0,"gold_gain":0.0,"event_name":"Beggar","player_choice":"Gave Gold","floor":24.0,"gold_loss":75.0,"damage_taken":0.0},{"damage_healed":0.0,"max_hp_gain":0.0,"max_hp_loss":0.0,"gold_gain":0.0,"event_name":"SensoryStone","player_choice":"Memory 1","floor":36.0,"gold_loss":0.0,"damage_taken":0.0},{"damage_healed":0.0,"max_hp_gain":0.0,"max_hp_loss":0.0,"gold_gain":0.0,"event_name":"Tomb of Lord Red Mask","player_choice":"Paid","floor":41.0,"gold_loss":177.0,"damage_taken":0.0,"relics_obtained":["Red Mask"]}],"is_beta":true,"boss_relics":[{"not_picked":["Runic Cube","Eternal Feather"],"picked":"Snecko Eye"},{"not_picked":["Cursed Key","Black Blood"],"picked":"Busted Crown"}],"items_purged_floors":[22],"is_endless":false,"potions_floor_spawned":[1,3,10,18,23,25,27,30,33,38,39,42,46],"ascension_level":20}