{"gold_per_floor":[109,120,36,51,51,76,76,106,133,133,191,191,191,34,34,129,129,145,169,3,28,49,88,88,119,145,163,186,186,186,186,186,279,279,302,135,135,158,158,158,173,212,261,294,308,339,362,375,375,375,375],"floor_reached":51,"playtime":3484,"items_purged":["Reflex"],"score":1620,"play_id":"fc2d32f2-52ed-4fed-ba03-fca371d8873b","local_time":"20190720225750","is_ascension_mode":true,"campfire_choices":[{"floor":7.0,"key":"REST"},{"floor":10.0,"key":"REST"},{"data":"Noxious Fumes","floor":15.0,"key":"SMITH"},{"floor":24.0,"key":"REST"},{"data":"Wraith Form v2","floor":30.0,"key":"SMITH"},{"data":"Adrenaline","floor":32.0,"key":"SMITH"},{"data":"Acrobatics","floor":40.0,"key":"SMITH"},{"floor":49,"key":"RECALL"}],"neow_cost":"NONE","seed_source_timestamp":0,"circlet_count":0,"master_deck":["AscendersBane","Survivor","Neutralize","Dagger Throw","Noxious Fumes+1","Deadly Poison","Dagger Spray+1","Deadly Poison","PiercingWail","Adrenaline+1","Wraith Form v2+1","Choke+1","Underhanded Strike","Endless Agony","Heel Hook","Leg Sweep","Acrobatics+1","Bane","Leg Sweep","Leg Sweep","Well Laid Plans","Dodge and Roll","Die Die Die","Escape Plan","Tactician","After Image","Backflip","Well Laid Plans","Deflect","PiercingWail","Catalyst","Backstab+1"],"special_seed":0,"relics":["Ring of the Snake","Regal Pillow","Potion Belt","Dream Catcher","Mango","Thread and Needle","Golden Idol","Bronze Scales","Pandora\u0027s Box","Whetstone","Tingsha","Mercury Hourglass","Bag of Marbles","Philosopher\u0027s Stone","Vajra","Happy Flower","Question Card","Omamori"],"potions_floor_usage":[46,50,50,51],"damage_taken":[{"damage":0.0,"enemies":"Small Slimes","floor":1.0,"turns":4.0},{"damage":0.0,"enemies":"Jaw Worm","floor":2.0,"turns":5.0},{"damage":0.0,"enemies":"2 Louse","floor":4.0,"turns":4.0},{"damage":29.0,"enemies":"Gremlin Nob","floor":6.0,"turns":4.0},{"damage":36.0,"enemies":"3 Sentries","floor":8.0,"turns":7.0},{"damage":27.0,"enemies":"3 Sentries","floor":11.0,"turns":8.0},{"damage":36.0,"enemies":"Slime Boss","floor":16.0,"turns":11.0},{"damage":7.0,"enemies":"Spheric Guardian","floor":18.0,"turns":5.0},{"damage":5.0,"enemies":"Shell Parasite","floor":19.0,"turns":5.0},{"damage":3.0,"enemies":"Sentry and Sphere","floor":21.0,"turns":5.0},{"damage":0.0,"enemies":"Snecko","floor":22.0,"turns":5.0},{"damage":2.0,"enemies":"Book of Stabbing","floor":23.0,"turns":6.0},{"damage":27.0,"enemies":"Slavers","floor":25.0,"turns":5.0},{"damage":0.0,"enemies":"3 Cultists","floor":27.0,"turns":3.0},{"damage":0.0,"enemies":"Cultist and Chosen","floor":28.0,"turns":3.0},{"damage":11.0,"enemies":"Collector","floor":33.0,"turns":9.0},{"damage":0.0,"enemies":"Orb Walker","floor":35.0,"turns":3.0},{"damage":16.0,"enemies":"3 Darklings","floor":38.0,"turns":5.0},{"damage":0.0,"enemies":"Maw","floor":41.0,"turns":6.0},{"damage":3.0,"enemies":"Nemesis","floor":42.0,"turns":7.0},{"damage":0.0,"enemies":"Reptomancer","floor":44.0,"turns":5.0},{"damage":10.0,"enemies":"Transient","floor":45.0,"turns":6.0},{"damage":6,"enemies":"Giant Head","floor":46,"turns":8},{"damage":11,"enemies":"3 Darklings","floor":47,"turns":3},{"damage":0,"enemies":"4 Shapes","floor":48,"turns":4},{"damage":0,"enemies":"Donu and Deca","floor":50,"turns":11},{"damage":19,"enemies":"Time Eater","floor":51,"turns":5}],"seed_played":"5007259329248046628","potions_obtained":[{"floor":0.0,"key":"PowerPotion"},{"floor":0.0,"key":"AttackPotion"},{"floor":4.0,"key":"Weak Potion"},{"floor":11.0,"key":"Ancient Potion"},{"floor":22.0,"key":"GamblersBrew"},{"floor":23.0,"key":"FearPotion"},{"floor":25.0,"key":"GhostInAJar"},{"floor":27.0,"key":"GhostInAJar"},{"floor":45.0,"key":"GhostInAJar"},{"floor":48,"key":"Swift Potion"}],"is_trial":false,"path_per_floor":["M","M","$","M","?","E","R","E","T","R","?","T","?","$","R","B",null,"M","M","$","M","M","E","R","E","T","M","M","?","R","?","R","B",null,"M","$","?","M","?","R","M","E","T","E","M","E","M","M","R","B","B"],"character_chosen":"THE_SILENT","items_purchased":["Noxious Fumes","Bronze Scales","Whetstone","Backflip","Well Laid Plans"],"campfire_rested":3,"item_purchase_floors":[3,14,20,36,36],"current_hp_per_floor":[59,59,59,59,48,19,53,17,17,51,38,38,38,38,38,2,55,48,43,43,40,40,38,72,45,45,45,45,45,45,45,45,34,63,63,63,63,47,47,47,47,44,44,44,34,28,17,17,17,17,0],"gold":375,"neow_bonus":"THREE_SMALL_POTIONS","is_prod":false,"is_daily":false,"chose_seed":false,"campfire_upgraded":4,"win_rate":0,"timestamp":1563659870,"path_taken":["M","M","$","M","?","E","R","E","T","R","?","?","?","?","R","BOSS","M","M","$","M","M","E","R","E","T","?","M","?","R","?","R","BOSS","M","$","?","M","?","R","M","E","T","E","M","E","M","M","R","BOSS","BOSS"],"build_version":"2019-07-18","purchased_purges":1,"victory":false,"max_hp_per_floor":[66,66,66,66,66,66,66,66,66,66,80,80,72,72,72,72,72,72,72,72,72,72,72,72,72,72,72,72,72,72,72,72,72,72,72,72,68,68,68,68,68,68,68,68,68,68,68,68,68,68,68],"card_choices":[{"not_picked":["Deflect","Acrobatics","Accuracy"],"picked":"SKIP","floor":1.0},{"not_picked":["Doppelganger","Catalyst"],"picked":"Dagger Throw","floor":2.0},{"not_picked":["Cloak And Dagger","Skewer"],"picked":"Deadly Poison","floor":4.0},{"not_picked":["Endless Agony","Night Terror"],"picked":"Dagger Spray","floor":6.0},{"not_picked":["Terror","Slice"],"picked":"Deadly Poison","floor":8.0},{"not_picked":["Deflect","Dagger Throw"],"picked":"PiercingWail","floor":10.0},{"not_picked":["Bane","Deadly Poison"],"picked":"Adrenaline","floor":11.0},{"not_picked":["Envenom","Venomology"],"picked":"Wraith Form v2","floor":16.0},{"not_picked":["Masterful Stab","Crippling Poison"],"picked":"Well Laid Plans","floor":18.0},{"not_picked":["Flying Knee+1","Cloak And Dagger"],"picked":"Dodge and Roll","floor":19.0},{"not_picked":["Acrobatics","Sucker Punch","Flying Knee"],"picked":"SKIP","floor":21.0},{"not_picked":["Heel Hook","Dagger Spray"],"picked":"Die Die Die","floor":22.0},{"not_picked":["Quick Slash+1","Flying Knee","Endless Agony"],"picked":"SKIP","floor":23.0},{"not_picked":["Blade Dance","Underhanded Strike"],"picked":"Escape Plan","floor":25.0},{"not_picked":["Slice","Acrobatics","Finisher"],"picked":"SKIP","floor":27.0},{"not_picked":["Sucker Punch","Deadly Poison"],"picked":"Tactician","floor":28.0},{"not_picked":["Die Die Die","Storm of Steel"],"picked":"After Image","floor":33.0},{"not_picked":["Choke+1","Tactician","Quick Slash+1"],"picked":"SKIP","floor":35.0},{"not_picked":["Terror","Cloak And Dagger","Blade Dance+1"],"picked":"SKIP","floor":38.0},{"not_picked":["Finisher+1","Sucker Punch"],"picked":"Deflect","floor":41.0},{"not_picked":["Blade Dance+1","Riddle With Holes"],"picked":"PiercingWail","floor":42.0},{"not_picked":["Dodge and Roll","Prepared"],"picked":"Catalyst","floor":44.0},{"not_picked":["Prepared","Dash+1","Underhanded Strike","Poisoned Stab"],"picked":"SKIP","floor":45.0},{"not_picked":["Endless Agony","Sucker Punch","Storm of Steel","Well Laid Plans"],"picked":"SKIP","floor":46},{"not_picked":["Eviscerate+1","Flechettes","Predator"],"picked":"Backstab+1","floor":47},{"not_picked":["Prepared","Acrobatics","Blade Dance","Accuracy+1"],"picked":"SKIP","floor":48}],"player_experience":2225448,"relics_obtained":[{"floor":6.0,"key":"Potion Belt"},{"floor":8.0,"key":"Dream Catcher"},{"floor":11.0,"key":"Mango"},{"floor":12.0,"key":"Thread and Needle"},{"floor":23.0,"key":"Tingsha"},{"floor":25.0,"key":"Mercury Hourglass"},{"floor":26.0,"key":"Bag of Marbles"},{"floor":42.0,"key":"Vajra"},{"floor":43.0,"key":"Happy Flower"},{"floor":44.0,"key":"Question Card"},{"floor":46,"key":"Omamori"}],"event_choices":[{"damage_healed":0.0,"max_hp_gain":0.0,"max_hp_loss":0.0,"gold_gain":0.0,"event_name":"Scrap Ooze","player_choice":"Success","floor":5.0,"gold_loss":0.0,"damage_taken":11.0,"relics_obtained":["Regal Pillow"]},{"damage_healed":0.0,"max_hp_gain":0.0,"max_hp_loss":0.0,"gold_gain":0.0,"event_name":"Dead Adventurer","player_choice":"Searched \u00271\u0027 times","floor":11.0,"gold_loss":0.0,"damage_taken":0.0},{"damage_healed":0.0,"max_hp_gain":0.0,"max_hp_loss":8.0,"gold_gain":0.0,"event_name":"Golden Idol","player_choice":"Lose Max HP","floor":13.0,"gold_loss":0.0,"damage_taken":0.0,"relics_obtained":["Golden Idol"]},{"damage_healed":0.0,"max_hp_gain":0.0,"max_hp_loss":0.0,"gold_gain":0.0,"event_name":"Vampires","player_choice":"Ignored","floor":29.0,"gold_loss":0.0,"damage_taken":0.0},{"damage_healed":0.0,"max_hp_gain":0.0,"max_hp_loss":0.0,"gold_gain":0.0,"event_name":"The Mausoleum","player_choice":"Ignored","floor":31.0,"gold_loss":0.0,"damage_taken":0.0},{"damage_healed":0.0,"max_hp_gain":0.0,"max_hp_loss":4.0,"gold_gain":0.0,"event_name":"Winding Halls","player_choice":"Max HP","floor":37.0,"gold_loss":0.0,"damage_taken":0.0},{"damage_healed":0.0,"max_hp_gain":0.0,"max_hp_loss":0.0,"gold_gain":0.0,"event_name":"Match and Keep!","player_choice":"0 cards matched","floor":39.0,"gold_loss":0.0,"damage_taken":0.0,"cards_obtained":[]}],"is_beta":true,"boss_relics":[{"not_picked":["White Beast Statue","HoveringKite"],"picked":"Pandora\u0027s Box"},{"not_picked":["Orrery","Lizard Tail"],"picked":"Philosopher\u0027s Stone"}],"items_purged_floors":[36],"is_endless":false,"potions_floor_spawned":[4,11,22,23,25,27,28,42,44,45,48],"killed_by":"Time Eater","ascension_level":20}