{"gold_per_floor":[114,132,147,147,159,159,178,178,178,205,205,205,36,49,49,127,127,143,143],"floor_reached":19,"playtime":976,"items_purged":["Strike_R"],"score":338,"play_id":"a748a8d6-38b5-4b3e-8dea-e18a1b4c68b9","local_time":"20180903205903","is_ascension_mode":true,"campfire_choices":[{"data":"Bash","floor":6,"key":"SMITH"},{"data":"Clothesline","floor":8,"key":"SMITH"},{"data":"True Grit","floor":11,"key":"SMITH"},{"data":"Armaments","floor":15,"key":"SMITH"}],"neow_cost":"NONE","seed_source_timestamp":1463689518489805,"circlet_count":0,"master_deck":["Strike_R","Strike_R","Strike_R","Strike_R","Defend_R","Defend_R","Defend_R","Defend_R","Bash+1","AscendersBane","Clothesline+1","Shrug It Off","Rampage","True Grit+1","Armaments+1","Shockwave","Bash","Reaper","Inflame","Whirlwind","Offering"],"relics":["Burning Blood","Boot","Question Card","Mummified Hand","Art of War","Cursed Key"],"potions_floor_usage":[10,10,19],"damage_taken":[{"damage":7,"enemies":"Cultist","floor":1,"turns":4},{"damage":6,"enemies":"Small Slimes","floor":2,"turns":4},{"damage":0,"enemies":"2 Louse","floor":3,"turns":2},{"damage":8,"enemies":"Blue Slaver","floor":5,"turns":6},{"damage":8,"enemies":"Large Slime","floor":7,"turns":7},{"damage":30,"enemies":"Lagavulin","floor":10,"turns":7},{"damage":1,"enemies":"2 Fungi Beasts","floor":14,"turns":4},{"damage":26,"enemies":"The Guardian","floor":16,"turns":16},{"damage":28,"enemies":"Shell Parasite","floor":18,"turns":4},{"damage":20,"enemies":"Colosseum Slavers","floor":19,"turns":4},{"damage":60,"enemies":"Colosseum Nobs","floor":19,"turns":4}],"seed_played":"4808488976629687430","potions_obtained":[{"floor":5,"key":"AttackPotion"},{"floor":7,"key":"AttackPotion"}],"is_trial":false,"path_per_floor":["M","M","M","?","M","R","M","R","T","E","R","?","$","M","R","B",null,"M"],"character_chosen":"IRONCLAD","items_purchased":["Inflame","Explosive Potion"],"campfire_rested":0,"item_purchase_floors":[13,13],"current_hp_per_floor":[67,67,73,47,45,45,43,43,43,19,19,19,19,36,36,23,62,49,0],"gold":143,"neow_bonus":"RANDOM_COMMON_RELIC","is_prod":false,"is_daily":false,"chose_seed":false,"campfire_upgraded":4,"win_rate":0,"timestamp":1536004743,"path_taken":["M","?","M","?","?","R","M","R","T","E","R","?","$","M","R","BOSS","M","?"],"build_version":"2018-08-30","purchased_purges":1,"victory":false,"max_hp_per_floor":[75,75,75,75,75,75,75,75,75,75,75,75,75,75,75,75,75,75,75],"card_choices":[{"not_picked":["Twin Strike","Sword Boomerang"],"picked":"Clothesline","floor":1},{"not_picked":["True Grit","Thunderclap"],"picked":"Shrug It Off","floor":2},{"not_picked":["Anger","Twin Strike"],"picked":"Rampage","floor":3},{"not_picked":["Iron Wave","Headbutt","Flex"],"picked":"True Grit","floor":5},{"not_picked":["Body Slam","Burning Pact","Brutality"],"picked":"Armaments","floor":7},{"not_picked":["Clash","Exhume","Fire Breathing"],"picked":"Shockwave","floor":10},{"not_picked":["Shrug It Off","Clash","Warcry"],"picked":"Whirlwind","floor":14},{"not_picked":["Immolate","Brutality","Double Tap"],"picked":"Offering","floor":16},{"not_picked":["Sword Boomerang","Evolve","Wild Strike","Headbutt"],"picked":"SKIP","floor":18}],"player_experience":1242973,"relics_obtained":[{"floor":9,"key":"Mummified Hand"},{"floor":10,"key":"Art of War"}],"event_choices":[{"event_name":"Scrap Ooze","player_choice":"success","floor":4,"damage_taken":26},{"event_name":"Match and Keep!","player_choice":"2 cards matched","floor":12,"damage_taken":0},{"event_name":"Colosseum","player_choice":"Fight","floor":19,"damage_taken":0},{"event_name":"Colosseum","player_choice":"Fought Nobs","floor":19,"damage_taken":0}],"is_beta":true,"boss_relics":[{"not_picked":["Orrery","Empty Cage"],"picked":"Cursed Key"}],"items_purged_floors":[13],"is_endless":false,"potions_floor_spawned":[5,7],"killed_by":"Colosseum Nobs","ascension_level":20}