{"path_per_floor":["M","?","M","?","$","R","E","R","T","M","E","R","?","E","R","B",null,"M","?","?","M","?"],"character_chosen":"IRONCLAD","items_purchased":["Disarm","Block Potion"],"gold_per_floor":[111,111,125,125,1,1,29,29,54,65,93,93,93,123,123,202,232,212,212,212,226,226,226],"floor_reached":23,"campfire_rested":0,"playtime":1479,"item_purchase_floors":[],"current_hp_per_floor":[68,73,79,67,67,67,48,48,48,54,42,42,42,34,34,25,77,56,56,40,92,74,0],"items_purged":[],"gold":226,"score":374,"play_id":"a603a2fb-8f69-4b66-8e34-9474ce8923ef","local_time":"20180528142047","is_prod":false,"is_daily":false,"chose_seed":false,"is_ascension_mode":true,"campfire_upgraded":4,"win_rate":0,"timestamp":1527513647,"campfire_choices":[{"data":"Disarm","floor":6.0,"key":"SMITH"},{"data":"Rampage","floor":8.0,"key":"SMITH"},{"data":"Bludgeon","floor":12.0,"key":"SMITH"},{"data":"Barricade","floor":15.0,"key":"SMITH"}],"path_taken":["M","?","M","?","$","R","E","R","T","M","E","R","?","E","R","BOSS","M","?","?","M","?","E"],"build_version":"2018-05-27","seed_source_timestamp":0,"purchased_purges":0,"victory":false,"master_deck":["Strike_R","Strike_R","Strike_R","Strike_R","Defend_R+1","Defend_R","Defend_R","Defend_R","Bash","AscendersBane","Rampage+1","Pommel Strike","Disarm+1","Bludgeon+1","Feel No Pain","Shrug It Off","Barricade+1","Feed","Metallicize","Entrench","Armaments"],"max_hp_per_floor":[82,87,87,87,87,87,87,87,87,87,87,87,87,87,87,87,92,92,92,92,92,97,97],"relics":["Burning Blood","Orichalcum","Regal Pillow","Juzu Bracelet","Question Card","Ornamental Fan","Tiny House","Molten Egg 2","Nilry\u0027s Codex"],"card_choices":[{"not_picked":["Heavy Blade","Hemokinesis"],"picked":"Rampage","floor":1.0},{"not_picked":["Sword Boomerang","Searing Blow"],"picked":"Pommel Strike","floor":3.0},{"not_picked":["Twin Strike","Entrench"],"picked":"Bludgeon","floor":7.0},{"not_picked":["Bloodletting","Power Through"],"picked":"Feel No Pain","floor":10.0},{"not_picked":["Heavy Blade","Clash"],"picked":"Shrug It Off","floor":11.0},{"not_picked":["Thunderclap","Clothesline","Inflame"],"picked":"Barricade","floor":14.0},{"not_picked":["Dark Embrace","Brutality","Reaper"],"picked":"Feed","floor":16.0},{"not_picked":["Perfected Strike","Sword Boomerang","Havoc"],"picked":"Metallicize","floor":17.0},{"not_picked":["Havoc","Inflame","Flex"],"picked":"Entrench","floor":18.0},{"not_picked":["Spot Weakness","Sever Soul+1","Anger+1"],"picked":"Armaments","floor":21.0}],"player_experience":637569,"potions_floor_usage":[23,23],"damage_taken":[{"damage":13.0,"enemies":"Jaw Worm","floor":1.0,"turns":5.0},{"damage":0.0,"enemies":"Small Slimes","floor":3.0,"turns":5.0},{"damage":25.0,"enemies":"3 Sentries","floor":7.0,"turns":9.0},{"damage":0.0,"enemies":"2 Louse","floor":10.0,"turns":3.0},{"damage":18.0,"enemies":"Lagavulin","floor":11.0,"turns":7.0},{"damage":14.0,"enemies":"Gremlin Nob","floor":14.0,"turns":5.0},{"damage":15.0,"enemies":"Hexaghost","floor":16.0,"turns":11.0},{"damage":27.0,"enemies":"2 Thieves","floor":18.0,"turns":4.0},{"damage":16.0,"enemies":"Shell Parasite","floor":21.0,"turns":21.0},{"damage":93,"enemies":"Gremlin Leader","floor":23,"turns":14}],"relics_obtained":[{"floor":7.0,"key":"Regal Pillow"},{"floor":9.0,"key":"Juzu Bracelet"},{"floor":11.0,"key":"Question Card"},{"floor":14.0,"key":"Ornamental Fan"},{"floor":20.0,"key":"Nilry\u0027s Codex"}],"event_choices":[{"event_name":"Big Fish","player_choice":"Donut","floor":2.0,"damage_taken":0.0},{"event_name":"Scrap Ooze","player_choice":"success","floor":4.0,"damage_taken":12.0},{"event_name":"Purifier","player_choice":"One Purge","floor":13.0,"damage_taken":0.0},{"event_name":"The Mausoleum","player_choice":"Yes","floor":19.0,"damage_taken":0.0},{"event_name":"Cursed Tome","player_choice":"Obtained Book","floor":20.0,"damage_taken":0.0},{"event_name":"Forgotten Altar","player_choice":"Shed Blood","floor":22.0,"damage_taken":0.0}],"boss_relics":[],"items_purged_floors":[],"potions_floor_spawned":[10,11,14,21],"seed_played":"-2967448604099383539","killed_by":"Gremlin Leader","ascension_level":14,"potions_obtained":[{"floor":10.0,"key":"Poison Potion"},{"floor":11.0,"key":"Swift Potion"},{"floor":14.0,"key":"Fire Potion"},{"floor":17.0,"key":"Poison Potion"},{"floor":21.0,"key":"Weak Potion"}],"is_trial":false}