{"gold_per_floor":[112,125,125,125,125,151,170,170,195,195,208,237,255,285,285,389,389,406,419,419,429,429,429,71,171,171,202,202,66,86,161,161,263,263,278,292,302,62,62,62,81,81,81,81,98,112,22,41,41,41,41,41,41,76,76],"floor_reached":56,"playtime":4433,"items_purged":[],"score":1237,"play_id":"9341a565-239f-40f3-b334-a67693b05a39","local_time":"20190701003205","is_ascension_mode":false,"campfire_choices":[{"data":"Shockwave","floor":10,"key":"SMITH"},{"data":"Metallicize","floor":15,"key":"SMITH"},{"data":"Barricade","floor":23,"key":"SMITH"},{"data":"1","floor":28,"key":"LIFT"},{"data":"Limit Break","floor":32,"key":"SMITH"},{"data":"2","floor":40,"key":"LIFT"},{"floor":42,"key":"RECALL"},{"data":"Limit Break","floor":44,"key":"SMITH"},{"data":"3","floor":49,"key":"LIFT"},{"data":"Offering","floor":52,"key":"SMITH"}],"neow_cost":"PERCENT_DAMAGE","seed_source_timestamp":394887784613200,"circlet_count":0,"master_deck":["Defend_R+1","Defend_R","Defend_R+1","Bash","Shrug It Off+1","Shockwave+1","Warcry","Body Slam+1","Second Wind","Metallicize+1","Barricade+1","Impervious","Power Through+1","Metallicize","Armaments+1","Inflame","Shrug It Off","Bite","Bite","Bite","Bite","Bite","Limit Break+1","Fiend Fire","Shockwave","True Grit+1","Offering+1","Limit Break+1","Impervious","Warcry+1","Flame Barrier+1","Exhume","Body Slam","Violence","Finesse","Body Slam+1","Whirlwind"],"relics":["Burning Blood","Red Skull","Ancient Tea Set","Omamori","Prayer Wheel","Centennial Puzzle","Sozu","Oddly Smooth Stone","Girya","Sundial","Vajra","Art of War","Orrery","Bottled Tornado","Turnip","War Paint"],"potions_floor_usage":[16,55,55],"damage_taken":[{"damage":1,"enemies":"2 Louse","floor":1,"turns":4},{"damage":12,"enemies":"Jaw Worm","floor":2,"turns":5},{"damage":10,"enemies":"Lagavulin","floor":6,"turns":5},{"damage":0,"enemies":"Small Slimes","floor":7,"turns":2},{"damage":0,"enemies":"Looter","floor":11,"turns":2},{"damage":21,"enemies":"Gremlin Nob","floor":12,"turns":5},{"damage":3,"enemies":"Exordium Thugs","floor":13,"turns":4},{"damage":7,"enemies":"Lagavulin","floor":14,"turns":6},{"damage":5,"enemies":"Slime Boss","floor":16,"turns":10},{"damage":4,"enemies":"Shell Parasite","floor":18,"turns":6},{"damage":6,"enemies":"Chosen","floor":19,"turns":3},{"damage":19,"enemies":"3 Cultists","floor":21,"turns":8},{"damage":19,"enemies":"Colosseum Slavers","floor":25,"turns":9},{"damage":12,"enemies":"Colosseum Nobs","floor":25,"turns":6},{"damage":31,"enemies":"Slavers","floor":27,"turns":12},{"damage":1,"enemies":"Centurion and Healer","floor":30,"turns":6},{"damage":6,"enemies":"Automaton","floor":33,"turns":8},{"damage":26,"enemies":"Orb Walker","floor":35,"turns":7},{"damage":15,"enemies":"3 Shapes","floor":36,"turns":5},{"damage":0,"enemies":"Jaw Worm Horde","floor":37,"turns":7},{"damage":15,"enemies":"Sphere and 2 Shapes","floor":41,"turns":14},{"damage":13,"enemies":"Spire Growth","floor":45,"turns":6},{"damage":32,"enemies":"Jaw Worm Horde","floor":46,"turns":10},{"damage":12,"enemies":"Writhing Mass","floor":48,"turns":8},{"damage":40,"enemies":"Awakened One","floor":50,"turns":13},{"damage":33,"enemies":"Shield and Spear","floor":54,"turns":11},{"damage":27,"enemies":"The Heart","floor":55,"turns":8}],"seed_played":"3685792504992154219","potions_obtained":[{"floor":7,"key":"Dexterity Potion"},{"floor":11,"key":"SpeedPotion"},{"floor":12,"key":"LiquidBronze"}],"is_trial":false,"path_per_floor":["M","M","?","?","$","E","M","?","T","R","M","E","M","E","R","B",null,"M","M","?","M","?","R","$","?","T","E","R","$","M","?","R","B",null,"M","M","M","$","?","R","M","R","T","R","M","M","?","M","R","B",null,"R","$","E","B",null],"character_chosen":"IRONCLAD","items_purchased":["Oddly Smooth Stone","Limit Break","Fiend Fire","Offering","Bottled Tornado"],"campfire_rested":0,"item_purchase_floors":[24,24,24,29,38],"current_hp_per_floor":[61,55,52,36,36,32,38,38,38,38,44,29,32,31,31,32,80,80,80,80,67,56,56,56,56,56,55,55,55,56,51,51,56,56,42,42,56,56,46,46,47,47,47,47,48,36,36,40,40,31,56,56,56,39,20],"gold":76,"neow_bonus":"REMOVE_TWO","is_prod":false,"is_daily":false,"chose_seed":false,"campfire_upgraded":6,"win_rate":0,"timestamp":1561908725,"path_taken":["M","M","?","?","?","E","M","?","T","R","M","E","M","E","R","BOSS","M","M","?","?","?","R","$","?","T","E","R","$","M","?","R","BOSS","M","?","M","$","?","R","M","R","T","R","M","M","?","M","R","BOSS","R","$","E","BOSS"],"build_version":"2019-01-23","purchased_purges":0,"victory":true,"max_hp_per_floor":[80,80,80,80,80,80,80,80,80,80,80,80,80,80,80,80,80,80,80,80,80,56,56,56,56,56,56,56,56,56,56,56,56,56,56,56,56,56,56,56,56,56,56,56,56,56,56,56,56,56,56,56,56,56,56],"card_choices":[{"not_picked":["Dropkick","Uppercut"],"picked":"Shrug It Off","floor":1},{"not_picked":["Second Wind","Reckless Charge"],"picked":"Shockwave","floor":2},{"not_picked":["Pommel Strike","Headbutt"],"picked":"Warcry","floor":6},{"not_picked":["Combust","Bloodletting"],"picked":"Body Slam","floor":7},{"not_picked":["Thunderclap","Wild Strike","Carnage"],"picked":"SKIP","floor":11},{"not_picked":["Combust","Sword Boomerang"],"picked":"Second Wind","floor":12},{"not_picked":["Sentinel","Berserk"],"picked":"Metallicize","floor":13},{"not_picked":["Headbutt","Havoc","Bloodletting"],"picked":"SKIP","floor":13},{"not_picked":["Anger","Whirlwind"],"picked":"Barricade","floor":14},{"not_picked":["Fiend Fire","Dark Embrace"],"picked":"Impervious","floor":16},{"not_picked":["Uppercut","Twin Strike"],"picked":"Power Through+1","floor":18},{"not_picked":["Sword Boomerang","Bloodletting","Rage"],"picked":"SKIP","floor":18},{"not_picked":["Pommel Strike+1","Clash+1"],"picked":"Metallicize","floor":19},{"not_picked":["Perfected Strike","Sever Soul"],"picked":"Armaments+1","floor":19},{"not_picked":["Body Slam","Twin Strike+1"],"picked":"Inflame","floor":21},{"not_picked":["Metallicize","Iron Wave"],"picked":"Shrug It Off","floor":21},{"not_picked":["Perfected Strike","Fire Breathing+1"],"picked":"Shockwave","floor":25},{"not_picked":["Warcry","Twin Strike"],"picked":"True Grit+1","floor":27},{"not_picked":["Feel No Pain","True Grit","Fire Breathing"],"picked":"SKIP","floor":30},{"not_picked":["Carnage","Berserk","Headbutt"],"picked":"SKIP","floor":30},{"not_picked":["Fiend Fire","Immolate"],"picked":"Limit Break","floor":33},{"not_picked":["Clash","Hemokinesis+1"],"picked":"Impervious","floor":34},{"not_picked":["Thunderclap","Perfected Strike"],"picked":"Warcry+1","floor":34},{"not_picked":["Infernal Blade+1","Combust"],"picked":"Flame Barrier+1","floor":35},{"not_picked":["Clothesline+1","Rupture","True Grit+1"],"picked":"SKIP","floor":35},{"not_picked":["Thunderclap+1","Perfected Strike+1"],"picked":"Exhume","floor":36},{"not_picked":["Sword Boomerang+1","Thunderclap","Clothesline"],"picked":"SKIP","floor":36},{"not_picked":["Havoc+1","Armaments+1"],"picked":"Body Slam","floor":37},{"not_picked":["Hemokinesis+1","Feel No Pain+1","Pummel"],"picked":"SKIP","floor":37},{"not_picked":["Magnetism","Impatience"],"picked":"Violence","floor":39},{"not_picked":["Metamorphosis","The Bomb"],"picked":"Finesse","floor":39},{"not_picked":["Wild Strike","Thunderclap"],"picked":"Body Slam+1","floor":41},{"not_picked":["Iron Wave+1","Body Slam","Dual Wield+1"],"picked":"SKIP","floor":41},{"not_picked":["Cleave","Thunderclap"],"picked":"Whirlwind","floor":45},{"not_picked":["Evolve","Havoc+1","Hemokinesis"],"picked":"SKIP","floor":45},{"not_picked":["Pommel Strike+1","Iron Wave+1","Flex+1"],"picked":"SKIP","floor":46},{"not_picked":["Burning Pact+1","Carnage+1","Flex"],"picked":"SKIP","floor":46},{"not_picked":["Rage","Armaments","Reaper"],"picked":"SKIP","floor":48},{"not_picked":["Pommel Strike","Combust","Body Slam"],"picked":"SKIP","floor":48},{"not_picked":["Uppercut+1","Flame Barrier","True Grit"],"picked":"SKIP","floor":54}],"player_experience":76317,"relics_obtained":[{"floor":6,"key":"Ancient Tea Set"},{"floor":9,"key":"Omamori"},{"floor":12,"key":"Prayer Wheel"},{"floor":14,"key":"Centennial Puzzle"},{"floor":25,"key":"Girya"},{"floor":25,"key":"Sundial"},{"floor":26,"key":"Vajra"},{"floor":27,"key":"Art of War"},{"floor":54,"key":"War Paint"}],"event_choices":[{"damage_healed":0,"gold_gain":0,"player_choice":"Success","damage_taken":3,"relics_obtained":["Red Skull"],"max_hp_gain":0,"max_hp_loss":0,"event_name":"Scrap Ooze","floor":3,"gold_loss":0},{"damage_healed":0,"gold_gain":0,"player_choice":"Entered Light","damage_taken":16,"max_hp_gain":0,"max_hp_loss":0,"event_name":"Shining Light","floor":4,"gold_loss":0,"cards_upgraded":["Strike_R","Defend_R"]},{"damage_healed":0,"gold_gain":0,"player_choice":"Grow","damage_taken":0,"max_hp_gain":0,"max_hp_loss":0,"event_name":"Living Wall","floor":8,"gold_loss":0,"cards_upgraded":["Body Slam"]},{"damage_healed":0,"gold_gain":0,"player_choice":"Got Potions","damage_taken":0,"max_hp_gain":0,"max_hp_loss":0,"event_name":"Lab","floor":20,"gold_loss":0},{"damage_healed":0,"gold_gain":0,"player_choice":"Became a vampire","damage_taken":0,"max_hp_gain":0,"max_hp_loss":24,"event_name":"Vampires","floor":22,"gold_loss":0,"cards_obtained":["Bite","Bite","Bite","Bite","Bite"]},{"damage_healed":0,"gold_gain":0,"player_choice":"Fight","damage_taken":0,"max_hp_gain":0,"max_hp_loss":0,"event_name":"Colosseum","floor":25,"gold_loss":0},{"damage_healed":0,"gold_gain":0,"player_choice":"Fought Nobs","damage_taken":0,"max_hp_gain":0,"max_hp_loss":0,"event_name":"Colosseum","floor":25,"gold_loss":0},{"damage_healed":0,"gold_gain":75,"player_choice":"Touch","damage_taken":5,"max_hp_gain":0,"max_hp_loss":0,"event_name":"FaceTrader","floor":31,"gold_loss":0},{"damage_healed":0,"gold_gain":0,"player_choice":"Memory 3","damage_taken":10,"max_hp_gain":0,"max_hp_loss":0,"event_name":"SensoryStone","floor":39,"gold_loss":0},{"damage_healed":0,"gold_gain":0,"player_choice":"Paid Gold","damage_taken":0,"relics_obtained":["Turnip"],"max_hp_gain":0,"max_hp_loss":0,"event_name":"WeMeetAgain","floor":47,"gold_loss":90}],"is_beta":false,"boss_relics":[{"not_picked":["Empty Cage","Coffee Dripper"],"picked":"Sozu"},{"not_picked":["Runic Cube","Philosopher\u0027s Stone"],"picked":"Orrery"}],"items_purged_floors":[],"is_endless":false,"potions_floor_spawned":[7,11,12,14,18,25,27,30,33,35,36,45],"ascension_level":0}