{"gold_per_floor":[113,128,128,142,152,152,187,53,53,53,1,56,72,87,87,160,160,178,188,188,204,204,204,237,248,329,329,329],"floor_reached":28,"playtime":1839,"items_purged":["Strike_R"],"score":480,"play_id":"8638ef46-d67f-4d3c-b777-0ce28b6353c6","local_time":"20180903125340","is_ascension_mode":true,"campfire_choices":[{"data":"True Grit","floor":6,"key":"SMITH"},{"data":"Bash","floor":10,"key":"SMITH"},{"data":"Disarm","floor":15,"key":"SMITH"},{"data":"Battle Trance","floor":23,"key":"SMITH"},{"data":"True Grit","floor":27,"key":"SMITH"}],"neow_cost":"","seed_source_timestamp":1433664441619438,"circlet_count":0,"master_deck":["Strike_R","Strike_R","Strike_R","Strike_R","Defend_R","Defend_R","Defend_R","Defend_R","Bash+1","AscendersBane","Uppercut+1","True Grit+1","Anger","Battle Trance+1","True Grit+1","Shrug It Off","Disarm+1","Feed","Spot Weakness+1","Writhe","Headbutt+1","Disarm+1","Body Slam+1"],"relics":["Burning Blood","Red Skull","Vajra","Bottled Flame","Runic Dome","Molten Egg 2","Shuriken","Tiny Chest"],"potions_floor_usage":[7,21,24,25],"damage_taken":[{"damage":7,"enemies":"Small Slimes","floor":1,"turns":4},{"damage":9,"enemies":"Jaw Worm","floor":2,"turns":4},{"damage":1,"enemies":"2 Louse","floor":4,"turns":3},{"damage":28,"enemies":"Exordium Thugs","floor":5,"turns":5},{"damage":22,"enemies":"Gremlin Nob","floor":7,"turns":4},{"damage":5,"enemies":"3 Sentries","floor":12,"turns":7},{"damage":0,"enemies":"Large Slime","floor":13,"turns":3},{"damage":9,"enemies":"Blue Slaver","floor":14,"turns":2},{"damage":9,"enemies":"Hexaghost","floor":16,"turns":9},{"damage":20,"enemies":"Shell Parasite","floor":18,"turns":9},{"damage":18,"enemies":"2 Thieves","floor":19,"turns":5},{"damage":9,"enemies":"Snake Plant","floor":21,"turns":5},{"damage":22,"enemies":"Book of Stabbing","floor":24,"turns":4},{"damage":7,"enemies":"3 Cultists","floor":25,"turns":4},{"damage":31,"enemies":"Shelled Parasite and Fungi","floor":28,"turns":3}],"seed_played":"5765832637786683558","potions_obtained":[{"floor":1,"key":"Block Potion"},{"floor":2,"key":"FearPotion"},{"floor":16,"key":"LiquidBronze"},{"floor":24,"key":"Explosive Potion"},{"floor":25,"key":"Strength Potion"}],"is_trial":false,"path_per_floor":["M","M","?","M","M","R","E","$","T","R","$","?","M","M","R","B",null,"M","M","?","M","?","R","E","M","T","R"],"character_chosen":"IRONCLAD","items_purchased":["Fire Potion","True Grit"],"campfire_rested":0,"item_purchase_floors":[8,11],"current_hp_per_floor":[67,64,64,69,47,47,31,31,31,31,31,32,38,35,35,32,64,53,41,41,41,41,41,25,27,27,27,0],"gold":329,"neow_bonus":"","is_prod":false,"is_daily":false,"chose_seed":false,"campfire_upgraded":5,"win_rate":0,"timestamp":1535975620,"path_taken":["M","M","?","M","M","R","E","$","T","R","?","?","M","?","R","BOSS","M","M","?","M","?","R","E","?","T","R","M"],"build_version":"2018-08-30","purchased_purges":1,"victory":false,"max_hp_per_floor":[75,75,75,75,75,75,75,75,75,75,75,75,75,75,75,75,75,78,78,78,81,81,81,81,84,84,84,84],"card_choices":[{"not_picked":["Warcry","Feel No Pain"],"picked":"Uppercut","floor":1},{"not_picked":["Heavy Blade","Fire Breathing","Havoc"],"picked":"SKIP","floor":2},{"not_picked":["Second Wind","Rage"],"picked":"True Grit","floor":4},{"not_picked":["Clothesline","Body Slam"],"picked":"Anger","floor":5},{"not_picked":["Thunderclap","Ghostly Armor"],"picked":"Battle Trance","floor":7},{"not_picked":["Fire Breathing","Headbutt"],"picked":"Shrug It Off","floor":13},{"not_picked":["Iron Wave","Twin Strike"],"picked":"Disarm","floor":14},{"not_picked":["Barricade","Fiend Fire"],"picked":"Feed","floor":16},{"not_picked":["Burning Pact","Havoc","Wild Strike"],"picked":"SKIP","floor":18},{"not_picked":["Ghostly Armor","Body Slam"],"picked":"Spot Weakness+1","floor":19},{"not_picked":["Anger+1","Wild Strike+1"],"picked":"Headbutt+1","floor":21},{"not_picked":["Second Wind","Bloodletting","True Grit"],"picked":"SKIP","floor":24},{"not_picked":["Wild Strike+1","Anger+1"],"picked":"Body Slam+1","floor":25}],"player_experience":1237552,"relics_obtained":[{"floor":7,"key":"Red Skull"},{"floor":9,"key":"Vajra"},{"floor":12,"key":"Bottled Flame"},{"floor":24,"key":"Shuriken"},{"floor":26,"key":"Tiny Chest"}],"event_choices":[{"event_name":"Living Wall","player_choice":"Grow","floor":3,"damage_taken":0},{"event_name":"Dead Adventurer","player_choice":"Searched \u00272\u0027 times","floor":12,"damage_taken":0},{"event_name":"The Mausoleum","player_choice":"Yes","floor":20,"damage_taken":0},{"event_name":"Duplicator","player_choice":"One dupe","floor":22,"damage_taken":0}],"is_beta":true,"boss_relics":[{"not_picked":["Philosopher\u0027s Stone","Mark of Pain"],"picked":"Runic Dome"}],"items_purged_floors":[8],"is_endless":false,"potions_floor_spawned":[1,2,16,24,25],"killed_by":"Shelled Parasite and Fungi","ascension_level":20}