{"gold_per_floor":[109,184,8,8,8,8,35,35,35,51,63,76,91,91,91,91],"floor_reached":16,"playtime":388,"items_purged":[],"score":170,"play_id":"3032b202-5047-413d-a561-8471b22aaab5","local_time":"20190824070331","is_ascension_mode":true,"campfire_choices":[{"floor":6,"key":"REST"},{"floor":8,"key":"REST"},{"floor":15,"key":"REST"}],"neow_cost":"NONE","seed_source_timestamp":181577556618400,"circlet_count":0,"master_deck":["AscendersBane","Strike_R","Strike_R","Strike_R","Strike_R","Strike_R+1","Defend_R","Defend_R","Defend_R","Defend_R","Bash+1","Mayhem","Juggernaut","Spot Weakness","Evolve+1"],"relics":["Fusion Hammer","WarpedTongs","Whetstone","Frozen Egg 2"],"potions_floor_usage":[13,16],"damage_taken":[{"damage":5,"enemies":"Small Slimes","floor":1,"turns":3},{"damage":42,"enemies":"3 Sentries","floor":7,"turns":9},{"damage":4,"enemies":"Cultist","floor":10,"turns":3},{"damage":11,"enemies":"Jaw Worm","floor":11,"turns":3},{"damage":16,"enemies":"Blue Slaver","floor":12,"turns":4},{"damage":12,"enemies":"Red Slaver","floor":13,"turns":3},{"damage":38,"enemies":"Slime Boss","floor":16,"turns":3}],"seed_played":"-1596083491217957336","potions_obtained":[{"floor":7,"key":"EssenceOfSteel"},{"floor":10,"key":"SteroidPotion"}],"is_trial":false,"path_per_floor":["M","?","$","?","?","R","E","R","T","M","M","M","M","?","R","B"],"character_chosen":"IRONCLAD","items_purchased":["Mayhem"],"campfire_rested":3,"item_purchase_floors":[3],"current_hp_per_floor":[63,52,52,52,52,74,32,54,54,50,39,23,11,11,33,0],"gold":91,"neow_bonus":"BOSS_RELIC","is_prod":false,"is_daily":false,"chose_seed":false,"campfire_upgraded":0,"win_rate":0,"timestamp":1566597811,"path_taken":["M","?","$","?","?","R","E","R","T","M","M","?","M","?","R","BOSS"],"build_version":"2019-07-17","purchased_purges":0,"victory":false,"max_hp_per_floor":[75,75,75,75,75,75,75,75,75,75,75,75,75,75,75,75],"card_choices":[{"not_picked":["Clothesline","Iron Wave","Headbutt"],"picked":"SKIP","floor":1},{"not_picked":["True Grit","Rupture"],"picked":"Juggernaut","floor":7},{"not_picked":["Clash","Clothesline","Wild Strike"],"picked":"SKIP","floor":10},{"not_picked":["Body Slam","Havoc"],"picked":"Spot Weakness","floor":11},{"not_picked":["Seeing Red","Rupture+1"],"picked":"Evolve+1","floor":12},{"not_picked":["Sword Boomerang","Fire Breathing+1","Headbutt"],"picked":"SKIP","floor":13}],"player_experience":188138,"relics_obtained":[{"floor":7,"key":"Whetstone"},{"floor":9,"key":"Frozen Egg 2"}],"event_choices":[{"damage_healed":0,"gold_gain":75,"player_choice":"Gather Gold","damage_taken":11,"max_hp_gain":0,"max_hp_loss":0,"event_name":"World of Goop","floor":2,"gold_loss":0},{"damage_healed":0,"gold_gain":0,"player_choice":"Ignored","damage_taken":0,"max_hp_gain":0,"max_hp_loss":0,"event_name":"Liars Game","floor":4,"gold_loss":0},{"damage_healed":0,"gold_gain":0,"player_choice":"Rummage","damage_taken":0,"relics_obtained":["WarpedTongs"],"max_hp_gain":0,"max_hp_loss":0,"event_name":"Accursed Blacksmith","floor":5,"gold_loss":0,"cards_obtained":["Pain"]},{"cards_removed":["Pain"],"damage_healed":0,"gold_gain":0,"player_choice":"Purged","damage_taken":0,"max_hp_gain":0,"max_hp_loss":0,"event_name":"Purifier","floor":14,"gold_loss":0}],"is_beta":false,"boss_relics":[],"items_purged_floors":[],"is_endless":false,"potions_floor_spawned":[7,10],"killed_by":"Slime Boss","ascension_level":14}