{"gold_per_floor":[109,123,137,151,151,151,151,177,258,258,269,294,294,294,294,294],"floor_reached":16,"playtime":946,"items_purged":[],"score":198,"play_id":"ac6012bb-38b9-4c33-94a0-a52725adb48b","local_time":"20190819212344","is_ascension_mode":true,"campfire_choices":[{"data":"Zap","floor":6.0,"key":"SMITH"},{"floor":10,"key":"REST"},{"data":"Seek","floor":13,"key":"SMITH"},{"data":"Electrodynamics","floor":15,"key":"SMITH"}],"neow_cost":"NONE","seed_source_timestamp":532060943170662,"circlet_count":0,"master_deck":["AscendersBane","Strike_B","Strike_B","Strike_B","Strike_B","Defend_B","Defend_B","Defend_B","Defend_B","Zap+1","Dualcast","Cold Snap","Glacier","Hologram","Seek+1","Electrodynamics+1","Undo","Coolheaded","Compile Driver"],"special_seed":0,"relics":["Cracked Core","Bird Faced Urn","Dream Catcher","Letter Opener","Darkstone Periapt","Gambling Chip"],"potions_floor_usage":[8,12],"damage_taken":[{"damage":0.0,"enemies":"Small Slimes","floor":1.0,"turns":3.0},{"damage":0.0,"enemies":"2 Louse","floor":2.0,"turns":2.0},{"damage":0.0,"enemies":"Cultist","floor":3.0,"turns":3.0},{"damage":5.0,"enemies":"Exordium Wildlife","floor":4.0,"turns":6.0},{"damage":30,"enemies":"Gremlin Nob","floor":8,"turns":5},{"damage":3,"enemies":"Gremlin Gang","floor":11,"turns":2},{"damage":11,"enemies":"Lagavulin","floor":12,"turns":8},{"damage":43,"enemies":"The Guardian","floor":16,"turns":16}],"seed_played":"6529496450952123039","potions_obtained":[{"floor":0.0,"key":"SteroidPotion"},{"floor":0.0,"key":"Strength Potion"},{"floor":8,"key":"Block Potion"},{"floor":11,"key":"Swift Potion"}],"is_trial":false,"path_per_floor":["M","M","M","M","?","R","?","E","T","R","M","E","R","?","R","B"],"character_chosen":"DEFECT","items_purchased":[],"campfire_rested":1,"item_purchase_floors":[],"current_hp_per_floor":[64,64,64,59,24,24,47,17,17,38,37,28,28,28,28,0],"gold":294,"neow_bonus":"THREE_SMALL_POTIONS","is_prod":false,"is_daily":false,"chose_seed":false,"campfire_upgraded":3,"win_rate":0,"timestamp":1566275024,"path_taken":["M","M","M","M","?","R","?","E","T","R","M","E","R","?","R","BOSS"],"build_version":"2019-07-17","purchased_purges":0,"victory":false,"max_hp_per_floor":[71,71,71,71,71,71,71,71,71,71,71,71,71,71,71,71],"card_choices":[{"not_picked":["Go for the Eyes","Barrage"],"picked":"Cold Snap","floor":1.0},{"not_picked":["Chill","Hologram"],"picked":"Glacier","floor":2.0},{"not_picked":["Turbo","Sweeping Beam"],"picked":"Hologram","floor":3.0},{"not_picked":["Tempest","Sweeping Beam"],"picked":"Seek","floor":4.0},{"not_picked":["Scrape","Stack"],"picked":"Electrodynamics","floor":8},{"not_picked":["Heatsinks","Redo"],"picked":"Undo","floor":10},{"not_picked":["Beam Cell","Steam"],"picked":"Coolheaded","floor":11},{"not_picked":["Redo","Beam Cell"],"picked":"Compile Driver","floor":12}],"player_experience":663643,"relics_obtained":[{"floor":8,"key":"Dream Catcher"},{"floor":9,"key":"Letter Opener"},{"floor":12,"key":"Darkstone Periapt"}],"event_choices":[{"damage_healed":0.0,"max_hp_gain":0.0,"max_hp_loss":0.0,"gold_gain":0.0,"event_name":"Scrap Ooze","player_choice":"Success","floor":5.0,"gold_loss":0.0,"damage_taken":35.0,"relics_obtained":["Bird Faced Urn"]},{"damage_healed":23.0,"max_hp_gain":0.0,"max_hp_loss":0.0,"gold_gain":0.0,"event_name":"Big Fish","player_choice":"Banana","floor":7.0,"gold_loss":0.0,"damage_taken":0.0},{"damage_healed":0,"gold_gain":0,"player_choice":"Gave Potion","damage_taken":0,"relics_obtained":["Gambling Chip"],"max_hp_gain":0,"max_hp_loss":0,"event_name":"WeMeetAgain","floor":14,"gold_loss":0}],"is_beta":false,"boss_relics":[],"items_purged_floors":[],"is_endless":false,"potions_floor_spawned":[1,8,11],"killed_by":"The Guardian","ascension_level":16}