{"gold_per_floor":[118,131,131,131,142,142,177,192,192,192,207,207,236,236,236,314,364,383,138,157,187,205,205,215,215,215,215,2,15,34,34],"floor_reached":31,"playtime":1235,"items_purged":["Strike_R","Writhe"],"score":469,"play_id":"0411ed22-f48b-47cc-95f6-4f8f59a8b2e7","local_time":"20180827130601","is_ascension_mode":true,"campfire_choices":[{"data":"Bash","floor":6.0,"key":"SMITH"},{"data":"Immolate","floor":10.0,"key":"SMITH"},{"data":"Clothesline","floor":12.0,"key":"SMITH"},{"data":"Havoc","floor":15.0,"key":"SMITH"},{"floor":23.0,"key":"REST"},{"floor":25.0,"key":"REST"},{"data":"Demon Form","floor":27.0,"key":"SMITH"}],"neow_cost":"NONE","seed_source_timestamp":0,"circlet_count":0,"master_deck":["Strike_R+1","Strike_R+1","Strike_R+1","Defend_R","Defend_R","Defend_R","Defend_R","Bash+1","AscendersBane","Clothesline+1","Shrug It Off","Metallicize","Immolate+1","Power Through","Havoc+1","Demon Form+1","Iron Wave","Anger","Shockwave+1","Iron Wave","Battle Trance","Flash of Steel","Shrug It Off","Sword Boomerang"],"special_seed":0,"relics":["Burning Blood","Whetstone","NlothsMask","Mercury Hourglass","Art of War","Tiny House","Bag of Preparation","Tiny Chest","Gremlin Horn"],"potions_floor_usage":[],"damage_taken":[{"damage":4.0,"enemies":"2 Louse","floor":1.0,"turns":3.0},{"damage":4.0,"enemies":"Cultist","floor":2.0,"turns":3.0},{"damage":7.0,"enemies":"Small Slimes","floor":5.0,"turns":4.0},{"damage":34.0,"enemies":"Lagavulin","floor":7.0,"turns":8.0},{"damage":0.0,"enemies":"Exordium Thugs","floor":8.0,"turns":2.0},{"damage":0.0,"enemies":"Large Slime","floor":11.0,"turns":3.0},{"damage":16.0,"enemies":"Gremlin Nob","floor":13.0,"turns":4.0},{"damage":12.0,"enemies":"Hexaghost","floor":16.0,"turns":8.0},{"damage":26.0,"enemies":"3 Byrds","floor":18.0,"turns":4.0},{"damage":22.0,"enemies":"Spheric Guardian","floor":20.0,"turns":4.0},{"damage":21.0,"enemies":"Snake Plant","floor":22.0,"turns":5.0},{"damage":29.0,"enemies":"Shelled Parasite and Fungi","floor":24.0,"turns":9.0},{"damage":21.0,"enemies":"Chosen and Byrds","floor":29.0,"turns":6.0},{"damage":12.0,"enemies":"3 Cultists","floor":30.0,"turns":4.0},{"damage":29,"enemies":"Slavers","floor":31,"turns":2}],"seed_played":"-235105429708239970","potions_obtained":[{"floor":2.0,"key":"Poison Potion"},{"floor":8.0,"key":"PowerPotion"},{"floor":13.0,"key":"Poison Potion"},{"floor":17.0,"key":"SneckoOil"},{"floor":18.0,"key":"EssenceOfSteel"},{"floor":20.0,"key":"Swift Potion"}],"is_trial":false,"path_per_floor":["M","M","?","?","M","R","E","M","T","R","M","R","E","?","R","B",null,"M","$","M","?","M","R","M","R","T","R","$","M","M"],"character_chosen":"IRONCLAD","items_purchased":["Bag of Preparation","Flash of Steel"],"campfire_rested":2,"item_purchase_floors":[19,28],"current_hp_per_floor":[70,72,72,72,71,71,43,49,49,49,55,55,45,38,38,32,69,49,49,33,33,18,42,19,43,43,43,43,28,22,0],"gold":34,"neow_bonus":"RANDOM_COMMON_RELIC","is_prod":false,"is_daily":false,"chose_seed":false,"campfire_upgraded":5,"win_rate":0,"timestamp":1535371561,"path_taken":["M","M","?","?","M","R","E","?","T","R","M","R","E","?","R","BOSS","M","$","M","?","?","R","M","R","T","R","?","M","M","E"],"build_version":"2018-08-23v2","purchased_purges":2,"victory":false,"max_hp_per_floor":[75,75,75,75,75,75,75,75,75,75,75,75,75,75,75,75,80,80,80,80,80,80,80,80,80,80,80,80,80,80,80],"card_choices":[{"not_picked":["True Grit","Armaments"],"picked":"Clothesline","floor":1.0},{"not_picked":["Feel No Pain","Clothesline"],"picked":"Shrug It Off","floor":2.0},{"not_picked":["Rage","Wild Strike"],"picked":"Metallicize","floor":5.0},{"not_picked":["Wild Strike","Havoc"],"picked":"Immolate","floor":7.0},{"not_picked":["Combust","Blood for Blood","Heavy Blade"],"picked":"SKIP","floor":8.0},{"not_picked":["Pommel Strike","Entrench"],"picked":"Power Through","floor":11.0},{"not_picked":["Wild Strike","Carnage"],"picked":"Havoc","floor":13.0},{"not_picked":["Bludgeon","Impervious"],"picked":"Demon Form","floor":16.0},{"not_picked":["Havoc","Clothesline"],"picked":"Iron Wave","floor":17.0},{"not_picked":["Wild Strike","Searing Blow"],"picked":"Anger","floor":18.0},{"not_picked":["Sword Boomerang+1","Whirlwind"],"picked":"Shockwave+1","floor":20.0},{"not_picked":["Heavy Blade","Rupture"],"picked":"Iron Wave","floor":22.0},{"not_picked":["Disarm","Anger"],"picked":"Battle Trance","floor":24.0},{"not_picked":["Cleave","Corruption"],"picked":"Shrug It Off","floor":29.0},{"not_picked":["Hemokinesis","Heavy Blade"],"picked":"Sword Boomerang","floor":30.0}],"player_experience":1192273,"relics_obtained":[{"floor":7.0,"key":"Mercury Hourglass"},{"floor":13.0,"key":"Art of War"},{"floor":26.0,"key":"Gremlin Horn"}],"event_choices":[{"event_name":"Match and Keep!","player_choice":"0 cards matched","floor":3.0,"damage_taken":0.0},{"event_name":"FaceTrader","player_choice":"Trade","floor":4.0,"damage_taken":0.0},{"event_name":"Golden Wing","player_choice":"Card Removal","floor":14.0,"damage_taken":0.0},{"event_name":"The Mausoleum","player_choice":"Yes","floor":21.0,"damage_taken":0.0}],"is_beta":true,"boss_relics":[{"not_picked":["Orrery","Runic Pyramid"],"picked":"Tiny House"}],"items_purged_floors":[19,28],"is_endless":false,"potions_floor_spawned":[2,8,13,18,20],"killed_by":"Slavers","ascension_level":18}