{"gold_per_floor":[111,128,75,75,88,88,100,119,171,171,201,214,214,229,229,229],"floor_reached":16,"playtime":1206,"items_purged":[],"score":94,"play_id":"05d7a3be-94be-4a78-9b38-77326d657d07","local_time":"20190810025530","is_ascension_mode":false,"campfire_choices":[{"data":"Clash","floor":6,"key":"SMITH"},{"data":"Carnage","floor":13,"key":"SMITH"},{"data":"Whirlwind","floor":15,"key":"SMITH"}],"neow_cost":"","seed_source_timestamp":1648302293323500,"circlet_count":0,"master_deck":["Strike_R","Strike_R","Strike_R","Strike_R","Strike_R","Defend_R","Defend_R","Defend_R","Defend_R","Bash","Anger+1","Clash+1","Twin Strike","Carnage+1","Berserk","Whirlwind+1","Cleave","Inflame+1"],"relics":["Burning Blood","Anchor","Frozen Egg 2"],"potions_floor_usage":[],"damage_taken":[{"damage":20,"enemies":"Small Slimes","floor":1,"turns":4},{"damage":1,"enemies":"Cultist","floor":2,"turns":3},{"damage":1,"enemies":"Jaw Worm","floor":5,"turns":2},{"damage":0,"enemies":"2 Fungi Beasts","floor":7,"turns":2},{"damage":14,"enemies":"Exordium Thugs","floor":8,"turns":2},{"damage":3,"enemies":"Blue Slaver","floor":12,"turns":2},{"damage":0,"enemies":"3 Louse","floor":14,"turns":1},{"damage":57,"enemies":"The Guardian","floor":16,"turns":5}],"seed_played":"5708681261342176823","potions_obtained":[{"floor":1,"key":"Poison Potion"},{"floor":5,"key":"Explosive Potion"},{"floor":8,"key":"Weak Potion"}],"is_trial":false,"path_per_floor":["M","M","$","?","M","R","M","M","T","?","?","M","R","M","R","B"],"character_chosen":"IRONCLAD","items_purchased":["Twin Strike"],"campfire_rested":0,"item_purchase_floors":[3],"current_hp_per_floor":[66,71,71,71,76,76,80,72,72,47,47,50,50,56,56,0],"gold":229,"neow_bonus":"","is_prod":false,"is_daily":false,"chose_seed":false,"campfire_upgraded":3,"win_rate":0.0,"timestamp":1565430930,"path_taken":["M","M","$","?","?","R","M","M","T","?","?","?","R","M","R","BOSS"],"build_version":"2019-07-17","purchased_purges":0,"victory":false,"max_hp_per_floor":[80,80,80,80,80,80,80,80,80,80,80,80,80,80,80,80],"card_choices":[{"not_picked":["Dropkick","Warcry"],"picked":"Anger","floor":1},{"not_picked":["Armaments","Dropkick"],"picked":"Clash","floor":2},{"not_picked":["Body Slam","Clash"],"picked":"Carnage","floor":5},{"not_picked":["Warcry","Burning Pact"],"picked":"Berserk","floor":7},{"not_picked":["Armaments","Fire Breathing"],"picked":"Whirlwind","floor":8},{"not_picked":["Warcry","Shrug It Off"],"picked":"Cleave","floor":12},{"not_picked":["Anger","Headbutt"],"picked":"Inflame+1","floor":14}],"player_experience":0,"relics_obtained":[{"floor":9,"key":"Anchor"}],"event_choices":[{"damage_healed":0,"gold_gain":0,"player_choice":"Upgraded","damage_taken":0,"max_hp_gain":0,"max_hp_loss":0,"event_name":"Upgrade Shrine","floor":4,"gold_loss":0,"cards_upgraded":["Anger"]},{"damage_healed":0,"gold_gain":0,"player_choice":"Success","damage_taken":25,"relics_obtained":["Frozen Egg 2"],"max_hp_gain":0,"max_hp_loss":0,"event_name":"Scrap Ooze","floor":10,"gold_loss":0},{"damage_healed":0,"gold_gain":30,"player_choice":"Searched \u00272\u0027 times","damage_taken":0,"max_hp_gain":0,"max_hp_loss":0,"event_name":"Dead Adventurer","floor":11,"gold_loss":0}],"is_beta":false,"boss_relics":[],"items_purged_floors":[],"is_endless":false,"potions_floor_spawned":[1,5,8,14],"killed_by":"The Guardian","ascension_level":0}