{"gold_per_floor":[10,10,10,30,42,59,73,73,121,133,133,162,87,102,102,201,201,216,228,242,256,156,156,184,184,184,199,74,89,109,122,122,224,224,235,245,95,95,95],"floor_reached":39,"playtime":4816,"items_purged":["Defend_B","Decay","Defend_B","Strike_B"],"score":409,"play_id":"4e67fe83-736c-4158-87b1-583e06cec004","local_time":"20190809125351","is_ascension_mode":false,"campfire_choices":[{"data":"Glacier","floor":8.0,"key":"SMITH"},{"data":"White Noise","floor":15.0,"key":"SMITH"},{"data":"Rainbow","floor":23,"key":"SMITH"},{"floor":25,"key":"REST"},{"floor":32,"key":"REST"}],"neow_cost":"NO_GOLD","seed_source_timestamp":2634896643851,"circlet_count":0,"master_deck":["Strike_B","Strike_B","Defend_B","Defend_B","Zap","Dualcast","Finesse","Apotheosis+1","Glacier+1","Tempest","Genetic Algorithm","Creative AI","White Noise+1","Thunder Strike","Skim+1","Conserve Battery+1","Rainbow+1","Melter+1","Force Field+1","Echo Form"],"special_seed":0,"relics":["Cracked Core","Centennial Puzzle","Sundial","Sozu","Regal Pillow","Pen Nib","Busted Crown"],"potions_floor_usage":[24],"damage_taken":[{"damage":3.0,"enemies":"Jaw Worm","floor":1.0,"turns":3.0},{"damage":1.0,"enemies":"Small Slimes","floor":4.0,"turns":3.0},{"damage":0.0,"enemies":"Cultist","floor":5.0,"turns":4.0},{"damage":0.0,"enemies":"Gremlin Gang","floor":6.0,"turns":6.0},{"damage":0.0,"enemies":"Looter","floor":7.0,"turns":3.0},{"damage":2.0,"enemies":"Lots of Slimes","floor":10.0,"turns":4.0},{"damage":6.0,"enemies":"Lagavulin","floor":12.0,"turns":7.0},{"damage":0.0,"enemies":"Exordium Thugs","floor":14.0,"turns":5.0},{"damage":17.0,"enemies":"The Guardian","floor":16.0,"turns":8.0},{"damage":4,"enemies":"3 Byrds","floor":18,"turns":5},{"damage":0,"enemies":"Chosen","floor":19,"turns":6},{"damage":2,"enemies":"Centurion and Healer","floor":20,"turns":6},{"damage":13,"enemies":"Snecko","floor":21,"turns":5},{"damage":19,"enemies":"Gremlin Leader","floor":24,"turns":9},{"damage":7,"enemies":"Shelled Parasite and Fungi","floor":27,"turns":8},{"damage":0,"enemies":"Centurion and Healer","floor":29,"turns":7},{"damage":17,"enemies":"Snake Plant","floor":30,"turns":3},{"damage":27,"enemies":"3 Cultists","floor":31,"turns":6},{"damage":10,"enemies":"Collector","floor":33,"turns":12},{"damage":15,"enemies":"Orb Walker","floor":35,"turns":2},{"damage":4,"enemies":"3 Darklings","floor":36,"turns":5}],"seed_played":"3643003163096030687","potions_obtained":[{"floor":4.0,"key":"SpeedPotion"},{"floor":7.0,"key":"AttackPotion"},{"floor":10.0,"key":"Swift Potion"},{"floor":14.0,"key":"GamblersBrew"}],"is_trial":false,"path_per_floor":["M","?","?","M","M","M","M","R","T","M","?","E","$","M","R","B",null,"M","M","M","M","$","R","E","R","T","M","$","M","M","M","R","B",null,"M","M","$","?","M"],"character_chosen":"DEFECT","items_purchased":[],"campfire_rested":2,"item_purchase_floors":[],"current_hp_per_floor":[72,72,72,71,71,71,71,71,71,69,69,63,63,63,63,46,75,71,71,69,56,56,56,37,74,74,67,67,67,50,23,60,50,75,60,56,56,56,0],"gold":95,"neow_bonus":"RANDOM_COLORLESS_2","is_prod":false,"is_daily":false,"chose_seed":false,"campfire_upgraded":3,"win_rate":0.0,"timestamp":1565380431,"path_taken":["M","?","?","M","M","?","M","R","T","?","?","E","$","M","R","BOSS","M","M","M","M","$","R","E","R","T","?","$","M","?","M","R","BOSS","M","M","$","?","?"],"build_version":"2019-07-17","purchased_purges":4,"victory":false,"max_hp_per_floor":[75,75,75,75,75,75,75,75,75,75,75,75,75,75,75,75,75,75,75,75,75,75,75,75,75,75,75,75,75,75,75,75,75,75,75,75,75,75,75],"card_choices":[{"not_picked":["Gash","Compile Driver"],"picked":"Glacier","floor":1.0},{"not_picked":["BootSequence","Barrage"],"picked":"Tempest","floor":4.0},{"not_picked":["Barrage","Force Field"],"picked":"Genetic Algorithm","floor":5.0},{"not_picked":["FTL","Streamline","Gash"],"picked":"SKIP","floor":6.0},{"not_picked":["Auto Shields","Leap","Scrape"],"picked":"SKIP","floor":7.0},{"not_picked":["Self Repair","Chill"],"picked":"Creative AI","floor":10.0},{"not_picked":["Rebound","Rip and Tear","Cold Snap"],"picked":"SKIP","floor":12.0},{"not_picked":["Gash","Leap"],"picked":"White Noise","floor":14.0},{"not_picked":["Reboot","All For One"],"picked":"Thunder Strike","floor":16.0},{"not_picked":["Gash","Steam+1"],"picked":"Skim+1","floor":18},{"not_picked":["Ball Lightning","Rebound","Go for the Eyes+1"],"picked":"SKIP","floor":19},{"not_picked":["Rebound","Cold Snap"],"picked":"Conserve Battery+1","floor":20},{"not_picked":["Gash","Compile Driver+1"],"picked":"Rainbow","floor":21},{"not_picked":["Scrape","Cold Snap","FTL"],"picked":"SKIP","floor":24},{"not_picked":["Gash","Buffer","Hologram"],"picked":"SKIP","floor":27},{"not_picked":["Hologram","Sweeping Beam"],"picked":"Melter+1","floor":29},{"not_picked":["Conserve Battery","Heatsinks","Loop"],"picked":"SKIP","floor":30},{"not_picked":["Leap","Go for the Eyes"],"picked":"Force Field+1","floor":31},{"not_picked":["Biased Cognition","All For One"],"picked":"Echo Form","floor":33},{"not_picked":["Ball Lightning"],"picked":"SKIP","floor":35},{"not_picked":["Consume+1"],"picked":"SKIP","floor":36}],"player_experience":59288,"relics_obtained":[{"floor":9.0,"key":"Centennial Puzzle"},{"floor":12.0,"key":"Sundial"},{"floor":24,"key":"Regal Pillow"},{"floor":26,"key":"Pen Nib"}],"event_choices":[{"damage_healed":0.0,"max_hp_gain":0.0,"max_hp_loss":0.0,"gold_gain":0.0,"event_name":"Living Wall","player_choice":"Grow","floor":2.0,"gold_loss":0.0,"damage_taken":0.0,"cards_upgraded":["Apotheosis"]},{"cards_removed":["Strike_B"],"damage_healed":0.0,"max_hp_gain":0.0,"max_hp_loss":0.0,"gold_gain":0.0,"event_name":"Purifier","player_choice":"Purged","floor":3.0,"gold_loss":0.0,"damage_taken":0.0},{"damage_healed":0.0,"max_hp_gain":0.0,"max_hp_loss":0.0,"gold_gain":0.0,"event_name":"Wheel of Change","player_choice":"Cursed","floor":11.0,"gold_loss":0.0,"damage_taken":0.0,"cards_obtained":["Decay"]},{"damage_healed":0,"gold_gain":0,"player_choice":"Leave","damage_taken":0,"max_hp_gain":0,"max_hp_loss":0,"event_name":"FaceTrader","floor":38,"gold_loss":0}],"is_beta":false,"boss_relics":[{"not_picked":["Coffee Dripper","Lizard Tail"],"picked":"Sozu"},{"not_picked":["Orrery","Black Star"],"picked":"Busted Crown"}],"items_purged_floors":[13,22,28,37],"is_endless":false,"potions_floor_spawned":[4,7,10,14,19,24,27,29,33,35],"killed_by":"Sphere and 2 Shapes","ascension_level":0}