{"path_per_floor":["M","$","?","?","M","R","E","R","T","T","M","M","E","$","R","B",null,"M","M","?","$","?","R","$","M","T","M","M","M","$","?","R","B",null,"M","M","M"],"character_chosen":"IRONCLAD","items_purchased":["True Grit","Clothesline","Ancient Tea Set","Bag of Marbles","Armaments","Shrug It Off","Pen Nib","Feel No Pain"],"gold_per_floor":[115,38,38,38,53,53,386,386,463,538,561,575,614,231,231,324,324,343,331,331,82,82,82,32,46,46,71,87,111,35,35,35,128,128,144,163,177,177],"floor_reached":38,"campfire_rested":1,"playtime":2613,"item_purchase_floors":[],"current_hp_per_floor":[74,74,69,69,69,69,69,69,69,69,69,69,42,42,42,11,55,35,41,41,41,41,41,41,47,47,40,42,48,48,48,68,18,56,52,27,21,0],"items_purged":["Strike_R","Strike_R","Strike_R"],"gold":177,"score":699,"play_id":"091bb644-6efb-402e-a1ed-e9362efb47ec","local_time":"20180527233655","is_prod":false,"is_daily":false,"chose_seed":false,"is_ascension_mode":true,"campfire_upgraded":4,"win_rate":0,"timestamp":1527460615,"campfire_choices":[{"data":"True Grit","floor":6.0,"key":"SMITH"},{"data":"Clothesline","floor":8.0,"key":"SMITH"},{"data":"Armaments","floor":15.0,"key":"SMITH"},{"data":"Demon Form","floor":23.0,"key":"SMITH"},{"floor":32.0,"key":"REST"}],"path_taken":["M","$","?","?","?","R","E","R","T","?","M","M","E","$","R","BOSS","M","M","?","$","?","R","?","M","T","M","M","?","$","?","R","BOSS","M","M","M","M"],"build_version":"2018-05-25","seed_source_timestamp":0,"purchased_purges":3,"victory":false,"master_deck":["Strike_R","Defend_R","Defend_R","Defend_R","Defend_R","Bash","AscendersBane","Flame Barrier","True Grit+1","Clothesline+1","Ghostly Armor","True Grit","Warcry","Power Through","Impervious","Armaments+1","Demon Form+1","Seeing Red","Shrug It Off","Battle Trance","Shrug It Off","Sentinel","Feel No Pain","Impervious"],"max_hp_per_floor":[75,75,69,69,69,69,69,69,69,69,69,69,69,69,69,69,69,69,69,69,69,69,69,69,69,69,69,69,69,69,69,69,69,69,69,69,69,69],"relics":["Burning Blood","NeowsBlessing","Golden Idol","Old Coin","Smiling Mask","Dodecahedron","Charon\u0027s Ashes","Ancient Tea Set","Bag of Marbles","Cursed Key","Pen Nib","White Beast Statue"],"card_choices":[{"not_picked":["Evolve","Havoc"],"picked":"Flame Barrier","floor":1.0},{"not_picked":["Pommel Strike","Wild Strike"],"picked":"Ghostly Armor","floor":5.0},{"not_picked":["Headbutt","Havoc"],"picked":"True Grit","floor":7.0},{"not_picked":["Pommel Strike","Fire Breathing"],"picked":"Warcry","floor":11.0},{"not_picked":["Cleave","Pummel"],"picked":"Power Through","floor":12.0},{"not_picked":["Iron Wave","Entrench"],"picked":"Impervious","floor":13.0},{"not_picked":["Feed","Limit Break"],"picked":"Demon Form","floor":16.0},{"not_picked":["Flex","Power Through"],"picked":"Seeing Red","floor":18.0},{"not_picked":["Thunderclap","Sword Boomerang","Searing Blow"],"picked":"SKIP","floor":19.0},{"not_picked":["Iron Wave","Pummel"],"picked":"Battle Trance","floor":25.0},{"not_picked":["Headbutt","Heavy Blade"],"picked":"Shrug It Off","floor":27.0},{"not_picked":["Fire Breathing","Juggernaut"],"picked":"Sentinel","floor":28.0},{"not_picked":["Clothesline","Headbutt","Perfected Strike"],"picked":"SKIP","floor":29.0},{"not_picked":["Iron Wave+1","Spot Weakness","Headbutt+1"],"picked":"SKIP","floor":35.0},{"not_picked":["Anger","Spot Weakness"],"picked":"Impervious","floor":36.0},{"not_picked":["Havoc","Perfected Strike","Armaments"],"picked":"SKIP","floor":37.0}],"player_experience":633342,"potions_floor_usage":[38,38],"damage_taken":[{"damage":0.0,"enemies":"Small Slimes","floor":1.0,"turns":1.0},{"damage":0.0,"enemies":"2 Louse","floor":5.0,"turns":1.0},{"damage":0.0,"enemies":"Lagavulin","floor":7.0,"turns":1.0},{"damage":0.0,"enemies":"Cultist","floor":11.0,"turns":4.0},{"damage":0.0,"enemies":"Looter","floor":12.0,"turns":4.0},{"damage":33.0,"enemies":"Gremlin Nob","floor":13.0,"turns":5.0},{"damage":37.0,"enemies":"Slime Boss","floor":16.0,"turns":16.0},{"damage":26.0,"enemies":"Chosen","floor":18.0,"turns":6.0},{"damage":0.0,"enemies":"2 Thieves","floor":19.0,"turns":4.0},{"damage":0.0,"enemies":"Centurion and Healer","floor":25.0,"turns":11.0},{"damage":13.0,"enemies":"Slaver and Parasite","floor":27.0,"turns":10.0},{"damage":4.0,"enemies":"3 Cultists","floor":28.0,"turns":7.0},{"damage":0.0,"enemies":"Centurion and Healer","floor":29.0,"turns":13.0},{"damage":56.0,"enemies":"Champ","floor":33.0,"turns":16.0},{"damage":10.0,"enemies":"3 Shapes","floor":35.0,"turns":7.0},{"damage":31.0,"enemies":"3 Darklings","floor":36.0,"turns":11.0},{"damage":12.0,"enemies":"Sphere and 2 Shapes","floor":37.0,"turns":26.0},{"damage":39,"enemies":"Transient","floor":38,"turns":5}],"relics_obtained":[{"floor":7.0,"key":"Old Coin"},{"floor":9.0,"key":"Smiling Mask"},{"floor":10.0,"key":"Dodecahedron"},{"floor":13.0,"key":"Charon\u0027s Ashes"}],"event_choices":[{"event_name":"Golden Idol","player_choice":"Lose Max HP","floor":3.0,"damage_taken":0.0},{"event_name":"The Cleric","player_choice":"Leave","floor":4.0,"damage_taken":0.0},{"event_name":"Purifier","player_choice":"One Purge","floor":20.0,"damage_taken":0.0},{"event_name":"The Lab","player_choice":"Got Potions","floor":22.0,"damage_taken":0.0},{"event_name":"Drug Dealer","player_choice":"Ignored","floor":31.0,"damage_taken":0.0}],"boss_relics":[],"items_purged_floors":[],"potions_floor_spawned":[1,5,12,18,25,28,29,35,36,37],"seed_played":"-1942481528042752887","killed_by":"Transient","ascension_level":14,"potions_obtained":[{"floor":1.0,"key":"Weak Potion"},{"floor":5.0,"key":"FairyPotion"},{"floor":12.0,"key":"LiquidBronze"},{"floor":18.0,"key":"Dexterity Potion"},{"floor":22.0,"key":"Swift Potion"},{"floor":22.0,"key":"GamblersBrew"},{"floor":29.0,"key":"LiquidBronze"},{"floor":35.0,"key":"LiquidBronze"},{"floor":36.0,"key":"Poison Potion"},{"floor":37.0,"key":"GamblersBrew"}],"is_trial":false}