{"path_per_floor":["M","?","?","M","?","E","R","E","T","M","M","R","M","$","R","B",null,"M","?","?","M","?","E"],"character_chosen":"IRONCLAD","items_purchased":["Metallicize","True Grit"],"gold_per_floor":[20,20,20,37,37,73,73,106,131,149,172,172,192,50,50,175,175,198,198,198,221,221,265,265],"floor_reached":24,"campfire_rested":0,"playtime":1793,"item_purchase_floors":[14,14],"current_hp_per_floor":[78,71,55,61,61,30,30,27,27,31,37,37,24,24,24,14,59,69,53,53,56,56,34,0],"items_purged":["Strike_R"],"gold":265,"score":386,"play_id":"5cc0187a-bb9f-4f87-97b6-7d395681f4e8","local_time":"20180523000724","is_prod":false,"is_daily":false,"chose_seed":false,"is_ascension_mode":true,"campfire_upgraded":3,"timestamp":1527030444,"campfire_choices":[{"data":"Metallicize","floor":7,"key":"SMITH"},{"data":"Dark Embrace","floor":12,"key":"SMITH"},{"data":"True Grit","floor":15,"key":"SMITH"}],"path_taken":["M","?","?","M","?","E","R","E","T","M","M","R","M","$","R","BOSS","M","?","?","?","?","E","M"],"build_version":"2018-05-21v2","seed_source_timestamp":121355268328221,"purchased_purges":1,"victory":false,"master_deck":["Defend_R+1","Defend_R","Defend_R","Bash+1","AscendersBane","Dark Embrace+1","Battle Trance","Metallicize+1","Feel No Pain","Corruption","Metallicize","Carnage","Battle Trance","Metallicize","True Grit+1","Reaper","Wild Strike+1","Havoc+1","Spot Weakness+1","Shrug It Off","Armaments","Pummel"],"max_hp_per_floor":[80,80,80,80,74,74,74,74,74,74,74,74,74,74,74,74,74,74,74,74,74,74,74,74],"relics":["Burning Blood","Anchor","Golden Idol","Bag of Preparation","Smiling Mask","Boot","Astrolabe","Nilry\u0027s Codex","Happy Flower"],"card_choices":[{"not_picked":["Armaments","Headbutt"],"picked":"Metallicize","floor":1},{"not_picked":["Warcry","Cleave"],"picked":"Feel No Pain","floor":4},{"not_picked":["Sever Soul","Juggernaut"],"picked":"Wild Strike","floor":6},{"not_picked":["Dual Wield","Second Wind"],"picked":"Corruption","floor":8},{"not_picked":["Rupture","Thunderclap"],"picked":"Metallicize","floor":10},{"not_picked":["Blood for Blood","Whirlwind"],"picked":"Carnage","floor":11},{"not_picked":["Rage","Thunderclap"],"picked":"Battle Trance","floor":13},{"not_picked":["Berserk","Brutality"],"picked":"Reaper","floor":16},{"not_picked":["Blood for Blood","Clash","Thunderclap+1"],"picked":"SKIP","floor":18},{"not_picked":["Combust","Anger+1"],"picked":"Shrug It Off","floor":21},{"not_picked":["Fiend Fire","Rage+1"],"picked":"Pummel","floor":23}],"player_experience":598545,"potions_floor_usage":[6,16,16,16,23],"damage_taken":[{"damage":0,"enemies":"Small Slimes","floor":1,"turns":4},{"damage":0,"enemies":"Cultist","floor":4,"turns":5},{"damage":37,"enemies":"Gremlin Nob","floor":6,"turns":6},{"damage":9,"enemies":"3 Sentries","floor":8,"turns":13},{"damage":2,"enemies":"2 Louse","floor":10,"turns":5},{"damage":0,"enemies":"Large Slime","floor":11,"turns":6},{"damage":19,"enemies":"Exordium Thugs","floor":13,"turns":7},{"damage":16,"enemies":"Slime Boss","floor":16,"turns":19},{"damage":2,"enemies":"Shell Parasite","floor":18,"turns":9},{"damage":3,"enemies":"Spheric Guardian","floor":21,"turns":13},{"damage":40,"enemies":"Book of Stabbing","floor":23,"turns":8},{"damage":38,"enemies":"Slaver and Parasite","floor":24,"turns":5}],"relics_obtained":[{"floor":6,"key":"Bag of Preparation"},{"floor":8,"key":"Smiling Mask"},{"floor":9,"key":"Boot"},{"floor":19,"key":"Nilry\u0027s Codex"},{"floor":23,"key":"Happy Flower"}],"event_choices":[{"event_name":"Scrap Ooze","player_choice":"success","floor":2,"damage_taken":7},{"event_name":"Shining Light","player_choice":"Entered Light","floor":3,"damage_taken":0},{"event_name":"Golden Idol","player_choice":"Lose Max HP","floor":5,"damage_taken":0},{"event_name":"Cursed Tome","player_choice":"Obtained Book","floor":19,"damage_taken":0},{"event_name":"Back to Basics","player_choice":"Elegance","floor":20,"damage_taken":0},{"event_name":"The Library","player_choice":"Read","floor":22,"damage_taken":0}],"boss_relics":[{"not_picked":["Runic Dome","Pandora\u0027s Box"],"picked":"Astrolabe"}],"items_purged_floors":[14],"potions_floor_spawned":[1,6,8,13,16,21],"seed_played":"2597256850353026338","killed_by":"Slaver and Parasite","ascension_level":11,"potions_obtained":[{"floor":1,"key":"Block Potion"},{"floor":6,"key":"Weak Potion"},{"floor":8,"key":"PowerPotion"},{"floor":13,"key":"Energy Potion"},{"floor":16,"key":"Strength Potion"},{"floor":21,"key":"Swift Potion"}],"is_trial":false}