{"gold_per_floor":[117,137,154,154,173,202,167,167,192,192,209,221,237,254,254,328,328,346,296,311,331,15,15,42,42,68,68,78,98,23,41,41,119,119,134,1133,1133,298,312,312,343,353,377,11,11,11,11,11,11,11],"floor_reached":51,"playtime":7343,"items_purged":["Normality","Injury"],"score":1187,"play_id":"428c6bfe-1447-4b26-9d5a-d43f71b30c21","local_time":"20190818125600","is_ascension_mode":true,"campfire_choices":[{"data":"Barrage","floor":8,"key":"SMITH"},{"data":"Zap","floor":10,"key":"SMITH"},{"floor":15,"key":"REST"},{"data":"Defragment","floor":23,"key":"SMITH"},{"data":"Redo","floor":32,"key":"SMITH"},{"data":"Double Energy","floor":40,"key":"SMITH"},{"data":"Apotheosis","floor":46,"key":"SMITH"},{"data":"Seek","floor":49,"key":"SMITH"}],"neow_cost":"NONE","seed_source_timestamp":408775485381450,"circlet_count":0,"master_deck":["AscendersBane","Defend_B","Defend_B","Defend_B","Defend_B","Zap+1","Dualcast","Compile Driver","Cold Snap","Barrage+1","White Noise","Undo","Conserve Battery","Ball Lightning+1","Seek+1","Doom and Gloom+1","Echo Form","Conserve Battery","Coolheaded","Tempest","Defragment+1","Glacier","Machine Learning","Bite","Bite","Bite","Bite","Bite","Conserve Battery+1","Redo+1","BootSequence","Multi-Cast","Double Energy+1","Magnetism","Seek","Glacier","Aggregate+1","Buffer","Clumsy","Apotheosis+1","Panacea","Mind Blast"],"relics":["Cracked Core","Happy Flower","Bronze Scales","Coffee Dripper","Oddly Smooth Stone","Bag of Preparation","Cursed Key","OrangePellets","Pen Nib","Strawberry","Whetstone"],"potions_floor_usage":[5,13,14,16,20,24,28,31,33,41,50,50],"damage_taken":[{"damage":2,"enemies":"Jaw Worm","floor":1,"turns":3},{"damage":4,"enemies":"2 Louse","floor":2,"turns":2},{"damage":1,"enemies":"Cultist","floor":3,"turns":3},{"damage":0,"enemies":"2 Fungi Beasts","floor":5,"turns":4},{"damage":22,"enemies":"Gremlin Nob","floor":6,"turns":4},{"damage":23,"enemies":"3 Louse","floor":11,"turns":2},{"damage":0,"enemies":"Exordium Thugs","floor":12,"turns":4},{"damage":2,"enemies":"Looter","floor":13,"turns":3},{"damage":1,"enemies":"Large Slime","floor":14,"turns":2},{"damage":4,"enemies":"The Guardian","floor":16,"turns":7},{"damage":17,"enemies":"2 Thieves","floor":18,"turns":3},{"damage":0,"enemies":"Spheric Guardian","floor":20,"turns":3},{"damage":6,"enemies":"Snecko","floor":21,"turns":5},{"damage":0,"enemies":"Book of Stabbing","floor":24,"turns":5},{"damage":4,"enemies":"3 Cultists","floor":28,"turns":5},{"damage":17,"enemies":"Chosen and Byrds","floor":29,"turns":4},{"damage":14,"enemies":"Shelled Parasite and Fungi","floor":31,"turns":4},{"damage":30,"enemies":"Collector","floor":33,"turns":10},{"damage":2,"enemies":"Orb Walker","floor":35,"turns":4},{"damage":0,"enemies":"3 Shapes","floor":39,"turns":6},{"damage":26,"enemies":"Nemesis","floor":41,"turns":7},{"damage":0,"enemies":"Jaw Worm Horde","floor":42,"turns":5},{"damage":13,"enemies":"Donu and Deca","floor":50,"turns":8}],"seed_played":"5680896510864623022","potions_obtained":[{"floor":2,"key":"SkillPotion"},{"floor":3,"key":"Dexterity Potion"},{"floor":11,"key":"Block Potion"},{"floor":14,"key":"FocusPotion"},{"floor":18,"key":"Regen Potion"},{"floor":21,"key":"Fire Potion"},{"floor":29,"key":"Fire Potion"},{"floor":31,"key":"AttackPotion"},{"floor":41,"key":"Ancient Potion"}],"is_trial":false,"path_per_floor":["M","M","M","?","M","E","?","R","T","R","M","M","M","M","R","B",null,"M","?","M","M","$","R","E","?","T","?","M","M","?","M","R","B",null,"M","?","?","$","M","R","E","M","T","$","?","R","?","$","R","B",null],"character_chosen":"DEFECT","items_purchased":["Defragment","Blood Vial","Energy Potion","Glacier","OrangePellets","Magnetism","Seek","Block Potion","Energy Potion","Pen Nib","Glacier","Apotheosis","Panacea"],"campfire_rested":1,"item_purchase_floors":[22,22,22,22,38,38,38,38,38,38,38,44,44],"current_hp_per_floor":[66,62,61,54,54,32,50,50,50,50,27,27,25,24,46,42,67,50,50,59,53,53,53,55,55,55,55,57,42,42,32,32,20,61,65,65,65,65,69,69,61,65,65,65,65,65,65,65,65,72],"gold":11,"neow_bonus":"THREE_CARDS","is_prod":false,"is_daily":false,"chose_seed":false,"campfire_upgraded":7,"win_rate":0,"timestamp":1566158160,"path_taken":["M","M","M","?","M","E","?","R","T","R","M","M","M","M","R","BOSS","M","?","M","M","?","R","E","?","T","?","M","?","?","M","R","BOSS","M","?","?","$","?","R","E","M","T","$","?","R","?","?","R","BOSS"],"build_version":"2019-07-17","purchased_purges":2,"victory":true,"max_hp_per_floor":[75,75,75,75,75,75,75,75,75,75,75,75,75,75,75,75,75,75,75,75,75,75,75,75,75,75,75,75,75,75,75,75,75,75,75,75,75,75,75,75,82,82,82,82,82,82,82,82,82,82],"card_choices":[{"not_picked":["Turbo","Hologram"],"picked":"Compile Driver","floor":0},{"not_picked":["Steam","Ball Lightning"],"picked":"Cold Snap","floor":1},{"not_picked":["Hologram","Lockon"],"picked":"Barrage","floor":2},{"not_picked":["Streamline","Ball Lightning"],"picked":"Static Discharge","floor":3},{"not_picked":["Rebound","Ball Lightning"],"picked":"White Noise","floor":5},{"not_picked":["Redo","Scrape"],"picked":"Undo","floor":6},{"not_picked":["Coolheaded","Redo"],"picked":"Conserve Battery","floor":11},{"not_picked":["Recycle","Beam Cell"],"picked":"Ball Lightning","floor":12},{"not_picked":["Rebound","Gash"],"picked":"Seek","floor":13},{"not_picked":["Leap","Conserve Battery"],"picked":"Doom and Gloom","floor":14},{"not_picked":["Hyperbeam","Rainbow"],"picked":"Echo Form","floor":16},{"not_picked":["Ball Lightning","Rebound"],"picked":"Conserve Battery","floor":18},{"not_picked":["Redo","Stack"],"picked":"Coolheaded","floor":20},{"not_picked":["Reprogram","Hologram"],"picked":"Tempest","floor":21},{"not_picked":["Compile Driver","Loop"],"picked":"Machine Learning","floor":24},{"not_picked":["Beam Cell+1","Steam"],"picked":"Conserve Battery+1","floor":28},{"not_picked":["Meteor Strike","Gash"],"picked":"Redo","floor":29},{"not_picked":["Streamline","Steam"],"picked":"BootSequence","floor":31},{"not_picked":["Hyperbeam","Buffer"],"picked":"Multi-Cast","floor":33},{"not_picked":["Hologram+1","Barrage+1"],"picked":"Double Energy","floor":35},{"not_picked":["Static Discharge","Cold Snap"],"picked":"Aggregate+1","floor":39},{"not_picked":["Coolheaded","Hello World+1"],"picked":"Buffer","floor":41},{"not_picked":["Compile Driver","Coolheaded","Turbo"],"picked":"SKIP","floor":42},{"not_picked":["Mayhem","PanicButton"],"picked":"Mind Blast","floor":47}],"player_experience":639431,"relics_obtained":[{"floor":6,"key":"Happy Flower"},{"floor":9,"key":"Bronze Scales"},{"floor":24,"key":"Oddly Smooth Stone"},{"floor":26,"key":"Bag of Preparation"},{"floor":41,"key":"Strawberry"},{"floor":43,"key":"Whetstone"}],"event_choices":[{"cards_removed":["Strike_B"],"damage_healed":0,"gold_gain":0,"player_choice":"Card Removal","damage_taken":7,"max_hp_gain":0,"max_hp_loss":0,"event_name":"Golden Wing","floor":4,"gold_loss":0},{"damage_healed":18,"gold_gain":0,"player_choice":"Healed","damage_taken":0,"max_hp_gain":0,"max_hp_loss":0,"event_name":"The Cleric","floor":7,"gold_loss":35},{"damage_healed":0,"gold_gain":0,"player_choice":"Bet on Murderer","damage_taken":0,"max_hp_gain":0,"max_hp_loss":0,"event_name":"The Joust","floor":19,"gold_loss":50},{"damage_healed":0,"gold_gain":0,"player_choice":"Became a vampire (Vial)","damage_taken":0,"max_hp_gain":0,"max_hp_loss":0,"event_name":"Vampires","floor":25,"relics_lost":["Blood Vial"],"gold_loss":0,"cards_obtained":["Bite","Bite","Bite","Bite","Bite"]},{"damage_healed":0,"gold_gain":0,"player_choice":"Smashed Altar","damage_taken":0,"max_hp_gain":0,"max_hp_loss":0,"event_name":"Forgotten Altar","floor":27,"gold_loss":0,"cards_obtained":["Decay"]},{"cards_removed":["Decay"],"damage_healed":0,"gold_gain":0,"player_choice":"Gave Gold","damage_taken":0,"max_hp_gain":0,"max_hp_loss":0,"event_name":"Beggar","floor":30,"gold_loss":75},{"damage_healed":0,"gold_gain":999,"player_choice":"Gold","damage_taken":0,"max_hp_gain":0,"max_hp_loss":0,"event_name":"MindBloom","floor":36,"gold_loss":0,"cards_obtained":["Normality","Normality"]},{"damage_healed":0,"gold_gain":0,"cards_transformed":["Normality"],"player_choice":"Transformed","damage_taken":0,"max_hp_gain":0,"max_hp_loss":0,"event_name":"Transmorgrifier","floor":37,"gold_loss":0,"cards_obtained":["Injury"]},{"cards_removed":["Static Discharge"],"damage_healed":0,"gold_gain":0,"player_choice":"Removed Power","damage_taken":0,"max_hp_gain":0,"max_hp_loss":0,"event_name":"Falling","floor":45,"gold_loss":0},{"damage_healed":0,"gold_gain":0,"player_choice":"Memory 1","damage_taken":0,"max_hp_gain":0,"max_hp_loss":0,"event_name":"SensoryStone","floor":47,"gold_loss":0}],"is_beta":false,"boss_relics":[{"not_picked":["Inserter","Black Star"],"picked":"Coffee Dripper"},{"not_picked":["Nuclear Battery","Velvet Choker"],"picked":"Cursed Key"}],"items_purged_floors":[38,44],"is_endless":false,"potions_floor_spawned":[2,3,11,12,14,18,21,29,31,39,41],"ascension_level":13}