{"gold_per_floor":[116,134,209,221,221,221,249,261,261,261],"floor_reached":10,"playtime":474,"items_purged":[],"score":119,"play_id":"56f3a0d8-fb5d-423f-9b71-7301b803dc42","local_time":"20180721115839","is_ascension_mode":true,"campfire_choices":[{"floor":6.0,"key":"REST"}],"neow_cost":"NONE","seed_source_timestamp":0,"circlet_count":0,"master_deck":["Strike_R","Strike_R","Strike_R+1","Strike_R","Defend_R","Defend_R","Defend_R","Defend_R","Bash","AscendersBane","Dual Wield","Headbutt","Limit Break+1","Havoc","Armaments","Feel No Pain"],"special_seed":0,"relics":["Burning Blood","Mercury Hourglass","Kunai"],"potions_floor_usage":[7,7],"damage_taken":[{"damage":17.0,"enemies":"Small Slimes","floor":1.0,"turns":5.0},{"damage":12.0,"enemies":"Jaw Worm","floor":2.0,"turns":2.0},{"damage":10.0,"enemies":"2 Louse","floor":4.0,"turns":3.0},{"damage":25,"enemies":"3 Sentries","floor":7,"turns":6},{"damage":15,"enemies":"Looter","floor":8,"turns":5},{"damage":13,"enemies":"Lagavulin","floor":10,"turns":5}],"seed_played":"803958420119567172","potions_obtained":[{"floor":1.0,"key":"LiquidBronze"},{"floor":2.0,"key":"AttackPotion"}],"is_trial":false,"path_per_floor":["M","M","?","M","?","R","E","M","T"],"character_chosen":"IRONCLAD","items_purchased":[],"campfire_rested":1,"item_purchase_floors":[],"current_hp_per_floor":[57,51,40,36,13,35,16,7,7,0],"gold":261,"neow_bonus":"TRANSFORM_CARD","is_prod":false,"is_daily":false,"chose_seed":false,"campfire_upgraded":0,"win_rate":0,"timestamp":1532170719,"path_taken":["M","M","?","M","?","R","E","M","T","E"],"build_version":"2018-07-19","purchased_purges":0,"victory":false,"max_hp_per_floor":[75,75,75,75,75,75,75,75,75,75],"card_choices":[{"not_picked":["Pummel","Power Through"],"picked":"Headbutt","floor":1.0},{"not_picked":["Perfected Strike","Headbutt"],"picked":"Limit Break","floor":2.0},{"not_picked":["Cleave","Blood for Blood"],"picked":"Havoc","floor":4.0},{"not_picked":["Hemokinesis","Sword Boomerang"],"picked":"Armaments","floor":7},{"not_picked":["Body Slam","Dual Wield"],"picked":"Feel No Pain","floor":8}],"player_experience":1070744,"relics_obtained":[{"floor":7,"key":"Mercury Hourglass"},{"floor":9,"key":"Kunai"}],"event_choices":[{"event_name":"World of Goop","player_choice":"Gather Gold","floor":3.0,"damage_taken":0.0},{"event_name":"Shining Light","player_choice":"Entered Light","floor":5.0,"damage_taken":0.0}],"is_beta":true,"boss_relics":[],"items_purged_floors":[],"is_endless":false,"potions_floor_spawned":[1,2],"killed_by":"Lagavulin","ascension_level":15}