{"gold_per_floor":[112,112,132,4,15,47,47,47,47,47,16,16,16,30,30,107,107,123,142,142,142,154,154,15,15,15,30,30,43,76,126,126,126],"floor_reached":33,"playtime":1612,"items_purged":["Pain"],"score":551,"play_id":"fd52c2c6-30e9-4b49-a7ad-88409c9d27c8","local_time":"20180906133414","is_ascension_mode":true,"campfire_choices":[{"data":"Bash","floor":7,"key":"SMITH"},{"data":"Clothesline","floor":10,"key":"SMITH"},{"data":"Body Slam","floor":12,"key":"SMITH"},{"data":"Rampage","floor":15,"key":"SMITH"},{"data":"Battle Trance","floor":23,"key":"SMITH"},{"data":"True Grit","floor":25,"key":"SMITH"},{"data":"Feel No Pain","floor":32,"key":"SMITH"}],"neow_cost":"NONE","seed_source_timestamp":1695591681060402,"circlet_count":0,"master_deck":["Defend_R","Defend_R","Defend_R","Defend_R","Bash+1","AscendersBane","Headbutt","Body Slam+1","Clothesline+1","Rampage+1","Anger","Armaments","Immolate","Spot Weakness","Bite","Bite","Bite","Bite","Bite","Writhe","Battle Trance+1","True Grit+1","Metallicize","Normality","Disarm","Disarm","Feel No Pain+1"],"relics":["Burning Blood","WarpedTongs","Matryoshka","Bag of Preparation","Paper Frog","Cursed Key","Mercury Hourglass","Gremlin Horn","Molten Egg 2","NlothsMask","Regal Pillow"],"potions_floor_usage":[6,18,33],"damage_taken":[{"damage":0,"enemies":"2 Louse","floor":1,"turns":2},{"damage":3,"enemies":"Cultist","floor":3,"turns":3},{"damage":12,"enemies":"Jaw Worm","floor":5,"turns":2},{"damage":30,"enemies":"Lagavulin","floor":6,"turns":8},{"damage":4,"enemies":"Blue Slaver","floor":14,"turns":3},{"damage":28,"enemies":"The Guardian","floor":16,"turns":12},{"damage":17,"enemies":"2 Thieves","floor":18,"turns":2},{"damage":13,"enemies":"Chosen","floor":19,"turns":4},{"damage":11,"enemies":"Snake Plant","floor":22,"turns":2},{"damage":7,"enemies":"Cultist and Chosen","floor":27,"turns":4},{"damage":18,"enemies":"Shelled Parasite and Fungi","floor":29,"turns":5},{"damage":18,"enemies":"Book of Stabbing","floor":30,"turns":6},{"damage":68,"enemies":"Collector","floor":33,"turns":8}],"seed_played":"-7010275205024712323","potions_obtained":[{"floor":0,"key":"SmokeBomb"},{"floor":0,"key":"Poison Potion"},{"floor":14,"key":"SteroidPotion"},{"floor":16,"key":"SkillPotion"},{"floor":18,"key":"Poison Potion"},{"floor":30,"key":"SpeedPotion"}],"is_trial":false,"path_per_floor":["M","?","M","$","M","E","R","?","T","R","$","R","?","M","R","B",null,"M","M","?","?","M","R","$","R","T","M","?","M","E","?","R"],"character_chosen":"IRONCLAD","items_purchased":["Body Slam","Anger","True Grit","Metallicize"],"campfire_rested":0,"item_purchase_floors":[4,11,24,24],"current_hp_per_floor":[74,74,75,75,69,45,45,38,38,38,38,38,38,40,40,18,61,50,43,43,43,40,40,40,40,40,46,46,47,44,44,44,0],"gold":126,"neow_bonus":"THREE_SMALL_POTIONS","is_prod":false,"is_daily":false,"chose_seed":false,"campfire_upgraded":7,"win_rate":0,"timestamp":1536237254,"path_taken":["M","?","M","?","M","E","R","?","T","R","$","R","?","M","R","BOSS","M","M","?","?","?","R","$","R","T","M","?","M","E","?","R","BOSS"],"build_version":"2018-09-04-v2","purchased_purges":1,"victory":false,"max_hp_per_floor":[75,75,75,75,75,75,75,75,75,75,75,75,75,75,75,75,75,75,75,52,52,52,52,52,52,52,52,52,52,52,52,52,52],"card_choices":[{"not_picked":["Entrench","Thunderclap","Havoc"],"picked":"SKIP","floor":1},{"not_picked":["Rage","Seeing Red"],"picked":"Headbutt","floor":3},{"not_picked":["Offering","Power Through"],"picked":"Clothesline","floor":5},{"not_picked":["Uppercut","Corruption"],"picked":"Rampage","floor":6},{"not_picked":["Uppercut","Pummel"],"picked":"Armaments","floor":14},{"not_picked":["Berserk","Double Tap"],"picked":"Immolate","floor":16},{"not_picked":["Evolve","Twin Strike"],"picked":"Spot Weakness","floor":18},{"not_picked":["Anger+1","Cleave+1","Flex"],"picked":"SKIP","floor":19},{"not_picked":["Heavy Blade","Iron Wave+1"],"picked":"Battle Trance","floor":22},{"not_picked":["Wild Strike+1","Iron Wave+1"],"picked":"Disarm","floor":27},{"not_picked":["Anger+1","Carnage+1"],"picked":"Disarm","floor":29},{"not_picked":["Entrench","Havoc"],"picked":"Feel No Pain","floor":30}],"player_experience":1258704,"relics_obtained":[{"floor":6,"key":"Matryoshka"},{"floor":9,"key":"Bag of Preparation"},{"floor":9,"key":"Paper Frog"},{"floor":26,"key":"Gremlin Horn"},{"floor":26,"key":"Molten Egg 2"},{"floor":30,"key":"Regal Pillow"}],"event_choices":[{"event_name":"Accursed Blacksmith","player_choice":"Rummage","floor":2,"damage_taken":0},{"event_name":"Golden Wing","player_choice":"Card Removal","floor":8,"damage_taken":0},{"event_name":"Liars Game","player_choice":"disagreed","floor":13,"damage_taken":0},{"event_name":"Vampires","player_choice":"Became a vampire","floor":20,"damage_taken":0},{"event_name":"The Mausoleum","player_choice":"Yes","floor":21,"damage_taken":0},{"event_name":"FaceTrader","player_choice":"Trade","floor":28,"damage_taken":0},{"event_name":"Nest","player_choice":"Stole From Cult","floor":31,"damage_taken":0}],"is_beta":true,"boss_relics":[{"not_picked":["Orrery","Astrolabe"],"picked":"Cursed Key"}],"items_purged_floors":[4],"is_endless":false,"potions_floor_spawned":[14,16,18,19,30],"killed_by":"Collector","ascension_level":20}