{"gold_per_floor":[113,63,63,8,24,24,54,69,94,94,121,135,135,166,166,166],"floor_reached":16,"playtime":489,"items_purged":[],"score":236,"play_id":"6890ea3b-2844-45a8-ab2e-fff5a5ed8bcb","local_time":"20190710201510","is_ascension_mode":true,"campfire_choices":[{"data":"Uppercut","floor":6,"key":"SMITH"},{"floor":15,"key":"REST"}],"neow_cost":"NONE","seed_source_timestamp":94832753700693,"circlet_count":0,"master_deck":["AscendersBane","Strike_R","Strike_R","Strike_R","Strike_R","Strike_R","Defend_R","Defend_R","Defend_R","Defend_R","Bash","Uppercut+1","Anger","Twin Strike","True Grit","Metallicize","Sword Boomerang"],"relics":["Burning Blood","Juzu Bracelet","Self Forming Clay","Vajra","Singing Bowl","Red Skull"],"potions_floor_usage":[7,14],"damage_taken":[{"damage":1,"enemies":"Cultist","floor":1,"turns":3},{"damage":8,"enemies":"2 Louse","floor":5,"turns":4},{"damage":25,"enemies":"Lagavulin","floor":7,"turns":5},{"damage":5,"enemies":"Small Slimes","floor":8,"turns":4},{"damage":23,"enemies":"Gremlin Nob","floor":11,"turns":4},{"damage":13,"enemies":"Exordium Thugs","floor":12,"turns":4},{"damage":13,"enemies":"3 Sentries","floor":14,"turns":7},{"damage":44,"enemies":"The Guardian","floor":16,"turns":7}],"seed_played":"-8744353189964075984","potions_obtained":[{"floor":5,"key":"LiquidBronze"}],"is_trial":false,"path_per_floor":["M","?","$","$","M","R","E","M","T","?","E","M","?","E","R","B"],"character_chosen":"IRONCLAD","items_purchased":["Fire Potion"],"campfire_rested":1,"item_purchase_floors":[4],"current_hp_per_floor":[80,80,80,80,78,78,59,60,60,60,43,36,24,19,44,0],"gold":166,"neow_bonus":"TEN_PERCENT_HP_BONUS","is_prod":false,"is_daily":false,"chose_seed":false,"campfire_upgraded":1,"win_rate":0,"timestamp":1562786110,"path_taken":["M","?","?","$","M","R","E","M","T","?","E","M","?","E","R","BOSS"],"build_version":"2019-07-03","purchased_purges":0,"victory":false,"max_hp_per_floor":[82,82,82,82,82,82,82,82,82,82,82,82,82,84,84,84],"card_choices":[{"not_picked":["Pommel Strike","Sever Soul"],"picked":"Uppercut","floor":1},{"not_picked":["Corruption","Sever Soul"],"picked":"Anger","floor":5},{"not_picked":["Iron Wave","Armaments"],"picked":"Twin Strike","floor":7},{"not_picked":["Flex","Anger"],"picked":"True Grit","floor":8},{"not_picked":["Carnage","Pummel"],"picked":"Metallicize","floor":11},{"not_picked":["Entrench","Iron Wave"],"picked":"Sword Boomerang","floor":12},{"not_picked":["Thunderclap","Sever Soul","Clash"],"picked":"Singing Bowl","floor":14}],"player_experience":2188140,"relics_obtained":[{"floor":7,"key":"Self Forming Clay"},{"floor":9,"key":"Vajra"},{"floor":11,"key":"Singing Bowl"},{"floor":14,"key":"Red Skull"}],"event_choices":[{"damage_healed":0,"gold_gain":0,"player_choice":"Paid Gold","damage_taken":0,"relics_obtained":["Juzu Bracelet"],"max_hp_gain":0,"max_hp_loss":0,"event_name":"WeMeetAgain","floor":2,"gold_loss":50},{"damage_healed":0,"gold_gain":0,"player_choice":"Ignored","damage_taken":0,"max_hp_gain":0,"max_hp_loss":0,"event_name":"Liars Game","floor":10,"gold_loss":0},{"damage_healed":0,"gold_gain":0,"player_choice":"Damaged","damage_taken":12,"max_hp_gain":0,"max_hp_loss":0,"event_name":"Wheel of Change","floor":13,"gold_loss":0}],"is_beta":true,"boss_relics":[],"items_purged_floors":[],"is_endless":false,"potions_floor_spawned":[5],"killed_by":"The Guardian","ascension_level":20}