{"gold_per_floor":[115,115,3,30,48,48,68,85,109,109,109,109,129,139,139,241,241,260,27,43,43,61,61,94,94,94,94,113,113,129,148,148,148],"floor_reached":33,"playtime":3166,"items_purged":[],"score":259,"play_id":"2ba30df4-6add-414e-9dc8-147ccc0cb916","local_time":"20190810160336","is_ascension_mode":false,"campfire_choices":[{"data":"Enlightenment","floor":6,"key":"SMITH"},{"data":"All Out Attack","floor":10,"key":"SMITH"},{"floor":15,"key":"REST"},{"floor":23,"key":"REST"},{"floor":25,"key":"REST"},{"floor":29,"key":"REST"},{"floor":32,"key":"REST"}],"neow_cost":"NONE","seed_source_timestamp":1693632788876800,"circlet_count":0,"master_deck":["Strike_G","Strike_G","Strike_G","Strike_G","Strike_G","Defend_G","Defend_G+1","Defend_G+1","Defend_G","Defend_G","Survivor","Neutralize","Phantasmal Killer","Predator","Acrobatics","Enlightenment+1","All Out Attack+1","Flying Knee","Blade Dance+1","Crippling Poison","Quick Slash","Adrenaline","Flying Knee","Metamorphosis","Noxious Fumes","Deadly Poison","Backflip+1","Deflect","Writhe","Escape Plan","Blade Dance+1","Bullet Time"],"relics":["Ring of the Snake","NlothsMask","Snake Skull","Cursed Key","Oddly Smooth Stone","Orichalcum"],"potions_floor_usage":[16,24,33,33,33],"damage_taken":[{"damage":5,"enemies":"Jaw Worm","floor":1,"turns":4},{"damage":0,"enemies":"Cultist","floor":5,"turns":3},{"damage":2,"enemies":"Small Slimes","floor":7,"turns":4},{"damage":8,"enemies":"Exordium Wildlife","floor":8,"turns":4},{"damage":12,"enemies":"Large Slime","floor":13,"turns":6},{"damage":0,"enemies":"Lots of Slimes","floor":14,"turns":1},{"damage":40,"enemies":"Hexaghost","floor":16,"turns":11},{"damage":2,"enemies":"Chosen","floor":18,"turns":4},{"damage":12,"enemies":"Shell Parasite","floor":20,"turns":4},{"damage":25,"enemies":"3 Cultists","floor":22,"turns":5},{"damage":28,"enemies":"Book of Stabbing","floor":24,"turns":5},{"damage":7,"enemies":"Shelled Parasite and Fungi","floor":28,"turns":4},{"damage":6,"enemies":"Snecko","floor":30,"turns":6},{"damage":19,"enemies":"Centurion and Healer","floor":31,"turns":5},{"damage":61,"enemies":"Automaton","floor":33,"turns":10}],"seed_played":"-9073204082379556809","potions_obtained":[{"floor":1,"key":"Poison Potion"},{"floor":8,"key":"SpeedPotion"},{"floor":13,"key":"Dexterity Potion"},{"floor":18,"key":"Block Potion"},{"floor":27,"key":"Fire Potion"},{"floor":27,"key":"GamblersBrew"}],"is_trial":false,"path_per_floor":["M","?","$","T","M","R","M","M","T","R","?","?","M","M","R","B",null,"M","$","M","?","M","R","E","R","T","?","M","R","M","M","R","B"],"character_chosen":"THE_SILENT","items_purchased":["Acrobatics","Enlightenment","Metamorphosis","Noxious Fumes"],"campfire_rested":5,"item_purchase_floors":[3,3,19,19],"current_hp_per_floor":[65,65,65,65,65,65,63,55,55,55,41,41,29,29,50,10,70,68,68,56,56,31,52,24,45,45,45,38,59,53,34,55,0],"gold":148,"neow_bonus":"ONE_RANDOM_RARE_CARD","is_prod":false,"is_daily":false,"chose_seed":false,"campfire_upgraded":2,"win_rate":0.0,"timestamp":1565478216,"path_taken":["M","?","$","?","M","R","M","?","T","R","?","?","?","M","R","BOSS","M","$","M","?","M","R","E","R","T","?","M","R","?","M","R","BOSS"],"build_version":"2019-07-17","purchased_purges":0,"victory":false,"max_hp_per_floor":[70,70,70,70,70,70,70,70,70,70,70,70,70,70,70,70,70,70,70,70,70,70,70,70,70,70,70,70,70,70,70,70,70],"card_choices":[{"not_picked":["Bouncing Flask","Dagger Spray"],"picked":"Predator","floor":1},{"not_picked":["Eviscerate","Deadly Poison"],"picked":"All Out Attack","floor":5},{"not_picked":["Sucker Punch","Blade Dance"],"picked":"Flying Knee","floor":7},{"not_picked":["Dagger Throw","Quick Slash"],"picked":"Blade Dance","floor":8},{"not_picked":["Bouncing Flask","Heel Hook"],"picked":"Crippling Poison","floor":13},{"not_picked":["Underhanded Strike","Dagger Throw"],"picked":"Quick Slash","floor":14},{"not_picked":["Unload","Glass Knife"],"picked":"Adrenaline","floor":16},{"not_picked":["Underhanded Strike","PiercingWail"],"picked":"Flying Knee","floor":18},{"not_picked":["Dagger Throw","Sucker Punch"],"picked":"Deadly Poison","floor":20},{"not_picked":["Prepared+1","Blur"],"picked":"Backflip+1","floor":22},{"not_picked":["Sucker Punch","Dagger Spray"],"picked":"Deflect","floor":24},{"not_picked":["Flying Knee+1","Footwork+1"],"picked":"Escape Plan","floor":28},{"not_picked":["Sucker Punch+1","Footwork+1"],"picked":"Blade Dance+1","floor":30},{"not_picked":["Backflip","Slice+1"],"picked":"Bullet Time","floor":31}],"player_experience":8967,"relics_obtained":[{"floor":9,"key":"Snake Skull"},{"floor":24,"key":"Oddly Smooth Stone"},{"floor":26,"key":"Orichalcum"}],"event_choices":[{"damage_healed":0,"gold_gain":0,"player_choice":"Trade","damage_taken":0,"relics_obtained":["NlothsMask"],"max_hp_gain":0,"max_hp_loss":0,"event_name":"FaceTrader","floor":2,"gold_loss":0},{"damage_healed":0,"gold_gain":0,"player_choice":"Entered Light","damage_taken":14,"max_hp_gain":0,"max_hp_loss":0,"event_name":"Shining Light","floor":11,"gold_loss":0,"cards_upgraded":["Defend_G","Defend_G"]},{"damage_healed":0,"gold_gain":0,"player_choice":"Grow","damage_taken":0,"max_hp_gain":0,"max_hp_loss":0,"event_name":"Living Wall","floor":12,"gold_loss":0,"cards_upgraded":["Blade Dance"]},{"damage_healed":0,"gold_gain":0,"player_choice":"Ignored","damage_taken":0,"max_hp_gain":0,"max_hp_loss":0,"event_name":"Ghosts","floor":21,"gold_loss":0},{"damage_healed":0,"gold_gain":0,"player_choice":"Got Potions","damage_taken":0,"max_hp_gain":0,"max_hp_loss":0,"event_name":"Lab","floor":27,"gold_loss":0}],"is_beta":false,"boss_relics":[{"not_picked":["HoveringKite","Orrery"],"picked":"Cursed Key"}],"items_purged_floors":[],"is_endless":false,"potions_floor_spawned":[1,8,13,18,31],"killed_by":"Automaton","ascension_level":0}