{"gold_per_floor":[116,116,116,128,140,140,170,183,183,183,17,17,17],"floor_reached":13,"playtime":968,"items_purged":[],"score":87,"play_id":"24bd155f-b247-49a9-8b4d-8a1dc660c87a","local_time":"20190815230202","is_ascension_mode":true,"campfire_choices":[{"data":"Lockon","floor":6,"key":"SMITH"},{"floor":10,"key":"REST"},{"data":"White Noise","floor":12,"key":"SMITH"}],"neow_cost":"TEN_PERCENT_HP_LOSS","seed_source_timestamp":38362866433961,"circlet_count":0,"master_deck":["Strike_B","Defend_B","Defend_B","Defend_B","Defend_B","Zap","Dualcast","Hologram","Zap","Lockon+1","Conserve Battery","White Noise+1"],"relics":["Cracked Core","Ancient Tea Set","Molten Egg 2"],"potions_floor_usage":[8,13],"damage_taken":[{"damage":1,"enemies":"Jaw Worm","floor":1,"turns":4},{"damage":0,"enemies":"Small Slimes","floor":4,"turns":4},{"damage":1,"enemies":"Cultist","floor":5,"turns":3},{"damage":21,"enemies":"Lagavulin","floor":7,"turns":6},{"damage":25,"enemies":"Exordium Thugs","floor":8,"turns":5},{"damage":18,"enemies":"Gremlin Nob","floor":13,"turns":3}],"seed_played":"-3259243805046094343","potions_obtained":[{"floor":1,"key":"Regen Potion"}],"is_trial":false,"path_per_floor":["M","?","?","M","M","R","E","M","T","R","$","R","E"],"character_chosen":"DEFECT","items_purchased":["Conserve Battery","White Noise","Swift Potion"],"campfire_rested":1,"item_purchase_floors":[11,11,11],"current_hp_per_floor":[67,60,60,60,59,59,38,27,27,47,47,47,29],"gold":17,"neow_bonus":"REMOVE_TWO","is_prod":false,"is_daily":false,"chose_seed":false,"campfire_upgraded":2,"win_rate":0,"timestamp":1565935322,"path_taken":["M","?","?","M","?","R","E","M","T","R","$","R","E"],"build_version":"2019-07-17","purchased_purges":0,"victory":false,"max_hp_per_floor":[68,68,68,68,68,68,68,68,68,68,68,68,68],"card_choices":[{"not_picked":["Stack","Ball Lightning"],"picked":"Hologram","floor":1},{"not_picked":["BootSequence","Rebound"],"picked":"Lockon","floor":4},{"not_picked":["Sunder","Defragment","Sweeping Beam"],"picked":"SKIP","floor":5},{"not_picked":["Turbo","Auto Shields","Skim"],"picked":"SKIP","floor":7},{"not_picked":["Auto Shields","Beam Cell","Turbo"],"picked":"SKIP","floor":8}],"player_experience":114669,"relics_obtained":[{"floor":7,"key":"Ancient Tea Set"},{"floor":9,"key":"Molten Egg 2"}],"event_choices":[{"cards_removed":["Strike_B"],"damage_healed":0,"gold_gain":0,"player_choice":"Card Removal","damage_taken":7,"max_hp_gain":0,"max_hp_loss":0,"event_name":"Golden Wing","floor":2,"gold_loss":0},{"damage_healed":0,"gold_gain":0,"player_choice":"1 cards matched","damage_taken":0,"max_hp_gain":0,"max_hp_loss":0,"event_name":"Match and Keep!","floor":3,"gold_loss":0,"cards_obtained":["Zap"]}],"is_beta":false,"boss_relics":[],"items_purged_floors":[],"is_endless":false,"potions_floor_spawned":[1],"killed_by":"Gremlin Nob","ascension_level":1}