{"gold_per_floor":[119,119,137,154,101,101,129,142,142,142],"floor_reached":10,"playtime":728,"items_purged":[],"score":129,"play_id":"1229047b-a9d9-4df8-ac24-975a350d7f8e","local_time":"20180827132223","is_ascension_mode":true,"campfire_choices":[{"data":"Armaments","floor":6.0,"key":"SMITH"}],"neow_cost":"NONE","seed_source_timestamp":0,"circlet_count":0,"master_deck":["Strike_R","Strike_R","Strike_R","Strike_R","Defend_R","Defend_R","Defend_R","Defend_R","Bash+1","AscendersBane","Hemokinesis","Rampage","Armaments+1","True Grit","Shrug It Off"],"special_seed":0,"relics":["Burning Blood","Ancient Tea Set","Toxic Egg 2"],"potions_floor_usage":[10],"damage_taken":[{"damage":11.0,"enemies":"Jaw Worm","floor":1.0,"turns":5.0},{"damage":4.0,"enemies":"Cultist","floor":3.0,"turns":3.0},{"damage":3.0,"enemies":"2 Louse","floor":4.0,"turns":3.0},{"damage":27.0,"enemies":"Lagavulin","floor":7.0,"turns":6.0},{"damage":18.0,"enemies":"Exordium Wildlife","floor":8.0,"turns":4.0},{"damage":36,"enemies":"3 Sentries","floor":10,"turns":6}],"seed_played":"754652671853311751","potions_obtained":[{"floor":1.0,"key":"Swift Potion"},{"floor":3.0,"key":"Fire Potion"}],"is_trial":false,"path_per_floor":["M","?","M","M","$","R","E","M","T"],"character_chosen":"IRONCLAD","items_purchased":["True Grit"],"campfire_rested":0,"item_purchase_floors":[5],"current_hp_per_floor":[63,63,65,68,68,68,47,35,35,0],"gold":142,"neow_bonus":"UPGRADE_CARD","is_prod":false,"is_daily":false,"chose_seed":false,"campfire_upgraded":1,"win_rate":0,"timestamp":1535372543,"path_taken":["M","?","M","?","?","R","E","M","T","E"],"build_version":"2018-08-23v2","purchased_purges":0,"victory":false,"max_hp_per_floor":[75,75,75,75,75,75,75,75,75,75],"card_choices":[{"not_picked":["Seeing Red","Thunderclap"],"picked":"Hemokinesis","floor":1.0},{"not_picked":["Flex","Bloodletting","Clash"],"picked":"SKIP","floor":3.0},{"not_picked":["Shrug It Off","Cleave"],"picked":"Armaments","floor":4.0},{"not_picked":["Barricade","Hemokinesis","Warcry"],"picked":"SKIP","floor":7.0},{"not_picked":["Evolve","Seeing Red"],"picked":"Shrug It Off","floor":8.0}],"player_experience":1193508,"relics_obtained":[{"floor":7.0,"key":"Ancient Tea Set"},{"floor":9.0,"key":"Toxic Egg 2"}],"event_choices":[{"event_name":"Transmorgrifier","player_choice":"Transform","floor":2.0,"damage_taken":0.0}],"is_beta":true,"boss_relics":[],"items_purged_floors":[],"is_endless":false,"potions_floor_spawned":[1,3,4],"killed_by":"3 Sentries","ascension_level":18}