{"gold_per_floor":[119,119,144,156,81,112,112,145,145,157,157,157,180,23,23,113,113,131,131,131,154,154,188,188,231,306,340,358,383,383,396,396,492,492,508,528,553,569,25,65,65,65],"floor_reached":42,"playtime":1864,"items_purged":["Strike_G","Strike_G"],"score":1067,"play_id":"75f1eb3c-7d76-4458-a168-7d3f468c1189","local_time":"20190330162810","is_ascension_mode":true,"campfire_choices":[{"data":"Dagger Spray","floor":7.0,"key":"SMITH"},{"data":"Poisoned Stab","floor":12.0,"key":"SMITH"},{"data":"Noxious Fumes","floor":15.0,"key":"SMITH"},{"floor":32.0,"key":"REST"},{"floor":41,"key":"RECALL"}],"neow_cost":"NONE","seed_source_timestamp":0,"circlet_count":0,"master_deck":["AscendersBane","Defend_G","Defend_G","Defend_G","Defend_G","Defend_G","Strike_G","Survivor","Neutralize","Dagger Spray+1","Masterful Stab","Poisoned Stab+1","Deadly Poison","Well Laid Plans","Noxious Fumes+1","Malaise","PiercingWail+1","Blur","PiercingWail","PiercingWail+1","Endless Agony","Terror","Corpse Explosion","PiercingWail+1","Deflect","Noxious Fumes","Bouncing Flask+1","PiercingWail+1"],"special_seed":0,"relics":["Ring of the Snake","NeowsBlessing","Snake Skull","Prayer Wheel","Regal Pillow","Meat on the Bone","Golden Idol","Bronze Scales","Runic Pyramid","Enchiridion","Letter Opener","Omamori","Bottled Lightning","Mercury Hourglass","Fusion Hammer","Potion Belt","Pear","War Paint"],"potions_floor_usage":[],"damage_taken":[{"damage":0.0,"enemies":"Jaw Worm","floor":1.0,"turns":1.0},{"damage":0.0,"enemies":"Small Slimes","floor":4.0,"turns":2.0},{"damage":0.0,"enemies":"3 Sentries","floor":6.0,"turns":1.0},{"damage":34.0,"enemies":"Lagavulin","floor":8.0,"turns":7.0},{"damage":4.0,"enemies":"2 Louse","floor":10.0,"turns":3.0},{"damage":0.0,"enemies":"2 Fungi Beasts","floor":13.0,"turns":2.0},{"damage":11.0,"enemies":"Hexaghost","floor":16.0,"turns":8.0},{"damage":9.0,"enemies":"Spheric Guardian","floor":18.0,"turns":5.0},{"damage":0.0,"enemies":"3 Byrds","floor":21.0,"turns":2.0},{"damage":7.0,"enemies":"Book of Stabbing","floor":23.0,"turns":7.0},{"damage":11.0,"enemies":"Slavers","floor":25.0,"turns":6.0},{"damage":8.0,"enemies":"Book of Stabbing","floor":27.0,"turns":6.0},{"damage":15.0,"enemies":"Shelled Parasite and Fungi","floor":28.0,"turns":6.0},{"damage":0.0,"enemies":"3 Cultists","floor":29.0,"turns":2.0},{"damage":0.0,"enemies":"Cultist and Chosen","floor":31.0,"turns":4.0},{"damage":31.0,"enemies":"Automaton","floor":33.0,"turns":9.0},{"damage":0.0,"enemies":"3 Darklings","floor":35.0,"turns":2.0},{"damage":0.0,"enemies":"3 Shapes","floor":36.0,"turns":2.0},{"damage":31.0,"enemies":"Transient","floor":37.0,"turns":6.0},{"damage":0,"enemies":"Jaw Worm Horde","floor":38,"turns":2},{"damage":19,"enemies":"Nemesis","floor":40,"turns":7},{"damage":49,"enemies":"Giant Head","floor":42,"turns":6}],"seed_played":"-4130120831216517229","potions_obtained":[{"floor":1.0,"key":"Strength Potion"},{"floor":4.0,"key":"EntropicBrew"},{"floor":10.0,"key":"Strength Potion"},{"floor":16.0,"key":"Block Potion"},{"floor":28.0,"key":"LiquidBronze"}],"is_trial":false,"path_per_floor":["M","?","T","M","$","E","R","E","T","M","?","R","M","$","R","B",null,"M","?","?","M","?","E","?","E","T","E","M","M","?","M","R","B",null,"M","M","M","M","$","E","R","E"],"character_chosen":"THE_SILENT","items_purchased":["Bronze Scales","Potion Belt","Pear"],"campfire_rested":1,"item_purchase_floors":[14,39,39],"current_hp_per_floor":[59,64,64,64,64,64,64,30,30,38,38,38,38,38,38,39,58,49,49,28,40,40,33,33,34,34,38,35,35,35,35,64,33,56,56,56,37,37,47,40,40,0],"gold":65,"neow_bonus":"THREE_ENEMY_KILL","is_prod":false,"is_daily":false,"chose_seed":false,"campfire_upgraded":3,"win_rate":0,"timestamp":1553963290,"path_taken":["M","?","?","M","$","E","R","E","T","M","?","R","M","?","R","BOSS","M","?","?","M","?","E","?","E","T","E","?","M","?","M","R","BOSS","M","M","M","M","$","E","R","E"],"build_version":"2019-03-15","purchased_purges":2,"victory":false,"max_hp_per_floor":[66,71,71,71,71,71,71,71,71,71,64,64,64,64,64,64,64,64,64,64,64,64,64,64,64,64,64,64,64,64,64,64,64,64,64,64,64,64,74,74,74,74],"card_choices":[{"not_picked":["Accuracy","Distraction","Infinite Blades"],"picked":"SKIP","floor":1.0},{"not_picked":["Flechettes","Deflect"],"picked":"Dagger Spray","floor":4.0},{"not_picked":["Distraction","Slice","Dodge and Roll"],"picked":"SKIP","floor":6.0},{"not_picked":["Phantasmal Killer","Flying Knee"],"picked":"Masterful Stab","floor":8.0},{"not_picked":["Riddle With Holes","Setup"],"picked":"Poisoned Stab","floor":10.0},{"not_picked":["Choke","Caltrops"],"picked":"Deadly Poison","floor":10.0},{"not_picked":["Slice","Prepared"],"picked":"Well Laid Plans","floor":13.0},{"not_picked":["Outmaneuver","Finisher"],"picked":"Noxious Fumes","floor":13.0},{"not_picked":["Adrenaline","Bullet Time"],"picked":"Malaise","floor":16.0},{"not_picked":["Slice+1","Blade Dance"],"picked":"PiercingWail","floor":18.0},{"not_picked":["Bane","Prepared"],"picked":"Blur","floor":18.0},{"not_picked":["Choke+1","Dagger Throw+1"],"picked":"PiercingWail","floor":21.0},{"not_picked":["Sucker Punch","Poisoned Stab","Skewer"],"picked":"SKIP","floor":21.0},{"not_picked":["Infinite Blades","Dagger Spray","Acrobatics"],"picked":"SKIP","floor":23.0},{"not_picked":["Acrobatics","Dagger Spray"],"picked":"Corpse Explosion","floor":25.0},{"not_picked":["Endless Agony+1","Expertise","Eviscerate"],"picked":"SKIP","floor":27.0},{"not_picked":["Setup","Dagger Throw"],"picked":"PiercingWail+1","floor":28.0},{"not_picked":["Sucker Punch","Outmaneuver","Quick Slash"],"picked":"SKIP","floor":28.0},{"not_picked":["Backflip","Dagger Throw"],"picked":"Deflect","floor":29.0},{"not_picked":["Quick Slash","Well Laid Plans","Blur"],"picked":"SKIP","floor":29.0},{"not_picked":["Expertise","Reflex"],"picked":"Noxious Fumes","floor":31.0},{"not_picked":["Acrobatics","Deadly Poison","Accuracy+1"],"picked":"SKIP","floor":31.0},{"not_picked":["Slice","Setup"],"picked":"Bouncing Flask+1","floor":35.0},{"not_picked":["Quick Slash","Cloak And Dagger","Deadly Poison"],"picked":"SKIP","floor":35.0},{"not_picked":["Dagger Spray+1","Cloak And Dagger"],"picked":"PiercingWail+1","floor":36.0},{"not_picked":["Sucker Punch","Acrobatics","Bane+1"],"picked":"SKIP","floor":36.0},{"not_picked":["Dodge and Roll+1","Phantasmal Killer","Well Laid Plans"],"picked":"SKIP","floor":37.0},{"not_picked":["Heel Hook","Prepared","Infinite Blades+1"],"picked":"SKIP","floor":37.0},{"not_picked":["Dodge and Roll","Choke+1","Prepared"],"picked":"SKIP","floor":38},{"not_picked":["Deadly Poison","Prepared","Outmaneuver"],"picked":"SKIP","floor":38},{"not_picked":["Dagger Spray","Deflect","Dodge and Roll"],"picked":"SKIP","floor":40}],"player_experience":1975079,"relics_obtained":[{"floor":3.0,"key":"Snake Skull"},{"floor":6.0,"key":"Prayer Wheel"},{"floor":8.0,"key":"Regal Pillow"},{"floor":9.0,"key":"Meat on the Bone"},{"floor":20.0,"key":"Enchiridion"},{"floor":23.0,"key":"Letter Opener"},{"floor":25.0,"key":"Omamori"},{"floor":26.0,"key":"Bottled Lightning"},{"floor":27.0,"key":"Mercury Hourglass"},{"floor":40,"key":"War Paint"}],"event_choices":[{"damage_healed":0.0,"max_hp_gain":5.0,"max_hp_loss":0.0,"gold_gain":0.0,"event_name":"Big Fish","player_choice":"Donut","floor":2.0,"gold_loss":0.0,"damage_taken":0.0},{"damage_healed":0.0,"max_hp_gain":0.0,"max_hp_loss":7.0,"gold_gain":0.0,"event_name":"Golden Idol","player_choice":"Lose Max HP","floor":11.0,"gold_loss":0.0,"damage_taken":0.0,"relics_obtained":["Golden Idol"]},{"damage_healed":0.0,"max_hp_gain":0.0,"max_hp_loss":0.0,"gold_gain":0.0,"event_name":"Vampires","player_choice":"Ignored","floor":19.0,"gold_loss":0.0,"damage_taken":0.0},{"damage_healed":0.0,"max_hp_gain":0.0,"max_hp_loss":0.0,"gold_gain":0.0,"event_name":"Cursed Tome","player_choice":"Obtained Book","floor":20.0,"gold_loss":0.0,"damage_taken":21.0},{"damage_healed":0.0,"max_hp_gain":0.0,"max_hp_loss":0.0,"gold_gain":0.0,"event_name":"The Library","player_choice":"Read","floor":22.0,"gold_loss":0.0,"damage_taken":0.0,"cards_obtained":["PiercingWail"]},{"damage_healed":0.0,"max_hp_gain":0.0,"max_hp_loss":0.0,"gold_gain":0.0,"cards_transformed":["Strike_G","Strike_G"],"event_name":"Drug Dealer","player_choice":"Became Test Subject","floor":24.0,"gold_loss":0.0,"damage_taken":0.0,"cards_obtained":["Endless Agony","Terror"]},{"damage_healed":0.0,"max_hp_gain":0.0,"max_hp_loss":0.0,"gold_gain":0.0,"event_name":"The Mausoleum","player_choice":"Ignored","floor":30.0,"gold_loss":0.0,"damage_taken":0.0}],"is_beta":true,"boss_relics":[{"not_picked":["Lizard Tail","Pandora\u0027s Box"],"picked":"Runic Pyramid"},{"not_picked":["HoveringKite","Empty Cage"],"picked":"Fusion Hammer"}],"items_purged_floors":[5,39],"is_endless":false,"potions_floor_spawned":[1,4,10,16,18,23,28,33,36,37],"killed_by":"Giant Head","ascension_level":20}