{"gold_per_floor":[114,132,132,151,151,151,163,197,197,229,229,229,240,11,11,88,88,101,121,121],"floor_reached":20,"playtime":974,"items_purged":[],"score":368,"play_id":"8502ce8e-912b-4871-8f39-15c0c359cad5","local_time":"20181017162109","is_ascension_mode":true,"campfire_choices":[{"data":"Compile Driver","floor":6.0,"key":"SMITH"},{"floor":12.0,"key":"REST"},{"data":"Streamline","floor":15.0,"key":"SMITH"}],"neow_cost":"NONE","seed_source_timestamp":0,"circlet_count":0,"master_deck":["Strike_B","Strike_B","Strike_B","Defend_B","Defend_B","Defend_B","Defend_B","Zap+1","Dualcast","AscendersBane","Cold Snap+1","Darkness","Compile Driver+1","Streamline+1","Gash","Reinforced Body","Coolheaded","Rainbow","Steam","Go for the Eyes"],"special_seed":0,"relics":["Cracked Core","Orichalcum","Omamori","Gremlin Horn","Runic Capacitor","Sozu"],"potions_floor_usage":[16,19],"damage_taken":[{"damage":0.0,"enemies":"Small Slimes","floor":1.0,"turns":4.0},{"damage":0.0,"enemies":"Cultist","floor":2.0,"turns":3.0},{"damage":1.0,"enemies":"2 Louse","floor":4.0,"turns":2.0},{"damage":4.0,"enemies":"Looter","floor":7.0,"turns":3.0},{"damage":21.0,"enemies":"3 Sentries","floor":8.0,"turns":5.0},{"damage":12.0,"enemies":"Lagavulin","floor":10.0,"turns":4.0},{"damage":3.0,"enemies":"2 Fungi Beasts","floor":13.0,"turns":2.0},{"damage":32,"enemies":"Slime Boss","floor":16,"turns":9},{"damage":10,"enemies":"Spheric Guardian","floor":18,"turns":4},{"damage":29,"enemies":"3 Byrds","floor":19,"turns":5},{"damage":22,"enemies":"Snake Plant","floor":20,"turns":4}],"seed_played":"5656231238042120701","potions_obtained":[{"floor":1.0,"key":"GamblersBrew"},{"floor":7.0,"key":"FearPotion"},{"floor":10.0,"key":"Fire Potion"},{"floor":16,"key":"SkillPotion"}],"is_trial":false,"path_per_floor":["M","M","?","M","?","R","M","E","T","E","?","R","M","$","R","B",null,"M","M"],"character_chosen":"DEFECT","items_purchased":["Runic Capacitor"],"campfire_rested":1,"item_purchase_floors":[14],"current_hp_per_floor":[64,64,64,63,56,56,52,31,31,19,19,40,37,37,37,5,55,45,16,0],"gold":121,"neow_bonus":"UPGRADE_CARD","is_prod":false,"is_daily":false,"chose_seed":false,"campfire_upgraded":2,"win_rate":0,"timestamp":1539789669,"path_taken":["M","M","?","M","?","R","M","E","T","E","?","R","?","$","R","BOSS","M","M","?"],"build_version":"2018-10-16","purchased_purges":0,"victory":false,"max_hp_per_floor":[71,71,71,71,71,71,71,71,71,71,71,71,71,71,71,71,71,71,71,71],"card_choices":[{"not_picked":["Consume","Steam"],"picked":"Cold Snap","floor":1.0},{"not_picked":["Stack","BootSequence"],"picked":"Darkness","floor":2.0},{"not_picked":["Leap","Hologram"],"picked":"Compile Driver","floor":4.0},{"not_picked":["Blizzard","Redo"],"picked":"Streamline","floor":7.0},{"not_picked":["Heatsinks","Chaos"],"picked":"Gash","floor":8.0},{"not_picked":["Turbo","Double Energy"],"picked":"Reinforced Body","floor":10.0},{"not_picked":["Seek","Stack"],"picked":"Coolheaded","floor":13.0},{"not_picked":["Multi-Cast","Seek"],"picked":"Rainbow","floor":16},{"not_picked":["Leap","Conserve Battery"],"picked":"Steam","floor":18},{"not_picked":["Static Discharge","Auto Shields"],"picked":"Go for the Eyes","floor":19}],"player_experience":1492112,"relics_obtained":[{"floor":8.0,"key":"Orichalcum"},{"floor":9.0,"key":"Omamori"},{"floor":10.0,"key":"Gremlin Horn"}],"event_choices":[{"event_name":"Living Wall","player_choice":"Grow","floor":3.0,"damage_taken":0.0},{"event_name":"Golden Wing","player_choice":"Card Removal","floor":5.0,"damage_taken":0.0},{"event_name":"Shining Light","player_choice":"Ignored","floor":11.0,"damage_taken":0.0}],"is_beta":true,"boss_relics":[{"not_picked":["Inserter","White Beast Statue"],"picked":"Sozu"}],"items_purged_floors":[],"is_endless":false,"potions_floor_spawned":[1,7,10,13,16,18],"killed_by":"Snake Plant","ascension_level":20}