{"gold_per_floor":[215,6,24,24,42,42,67,67,67,67,43,78,78,96,96,170,170,187,201,201,211,136,136,165,176,176,176,196,196,213,239,239,318,318,338,7,27,27],"floor_reached":38,"playtime":1599,"items_purged":["Strike_R"],"score":852,"play_id":"212a5125-c1cc-4eb4-b402-0b2d01215c99","local_time":"20190524031710","is_ascension_mode":true,"campfire_choices":[{"data":"Bash","floor":6,"key":"SMITH"},{"data":"Armaments","floor":8,"key":"SMITH"},{"data":"Thunderclap","floor":13,"key":"SMITH"},{"data":"Battle Trance","floor":15,"key":"SMITH"},{"floor":23,"key":"REST"},{"floor":27,"key":"REST"},{"floor":32,"key":"REST"}],"neow_cost":"NONE","seed_source_timestamp":287155570478873,"circlet_count":0,"master_deck":["AscendersBane","Strike_R+1","Strike_R","Strike_R","Strike_R","Defend_R","Defend_R","Defend_R","Defend_R","Bash+1","Anger+1","Battle Trance+1","Shrug It Off","Thunderclap+1","Armaments+1","Limit Break","Clothesline","Immolate","Corruption","Sword Boomerang+1","Battle Trance+1","Disarm","Inflame","Impervious","Shrug It Off","Shrug It Off"],"relics":["Burning Blood","PreservedInsect","Self Forming Clay","Whetstone","Paper Frog","Bottled Flame","Sozu","Red Skull","Mummified Hand","Orichalcum","Potion Belt","Black Star","Pantograph"],"potions_floor_usage":[7,16],"damage_taken":[{"damage":13,"enemies":"Cultist","floor":1,"turns":5},{"damage":2,"enemies":"Jaw Worm","floor":3,"turns":3},{"damage":2,"enemies":"Small Slimes","floor":5,"turns":5},{"damage":10,"enemies":"3 Sentries","floor":7,"turns":5},{"damage":9,"enemies":"Exordium Thugs","floor":11,"turns":4},{"damage":8,"enemies":"Gremlin Nob","floor":12,"turns":3},{"damage":8,"enemies":"Lots of Slimes","floor":14,"turns":3},{"damage":41,"enemies":"Hexaghost","floor":16,"turns":9},{"damage":13,"enemies":"3 Byrds","floor":18,"turns":4},{"damage":16,"enemies":"Spheric Guardian","floor":19,"turns":4},{"damage":11,"enemies":"3 Cultists","floor":21,"turns":5},{"damage":33,"enemies":"Gremlin Leader","floor":24,"turns":4},{"damage":23,"enemies":"Snake Plant","floor":25,"turns":4},{"damage":1,"enemies":"Snecko","floor":28,"turns":4},{"damage":12,"enemies":"Centurion and Healer","floor":30,"turns":4},{"damage":14,"enemies":"Book of Stabbing","floor":31,"turns":4},{"damage":39,"enemies":"Collector","floor":33,"turns":8},{"damage":16,"enemies":"3 Darklings","floor":35,"turns":4},{"damage":13,"enemies":"Orb Walker","floor":37,"turns":3},{"damage":44,"enemies":"Sphere and 2 Shapes","floor":38,"turns":6}],"seed_played":"3033711281287702541","potions_obtained":[{"floor":1,"key":"SmokeBomb"},{"floor":3,"key":"SteroidPotion"},{"floor":7,"key":"GamblersBrew"},{"floor":11,"key":"EssenceOfSteel"}],"is_trial":false,"path_per_floor":["M","$","M","?","M","R","E","R","T","T","M","E","R","M","R","B",null,"M","M","?","M","$","R","E","M","T","R","M","?","M","E","R","B",null,"M","$","M","M"],"character_chosen":"IRONCLAD","items_purchased":["PreservedInsect","Battle Trance","Pantograph","Shrug It Off"],"campfire_rested":3,"item_purchase_floors":[2,2,36,36],"current_hp_per_floor":[61,61,65,60,64,64,60,60,60,60,57,55,55,53,53,18,61,54,44,44,39,39,61,34,17,17,39,44,44,38,30,52,19,61,51,51,44,0],"gold":27,"neow_bonus":"HUNDRED_GOLD","is_prod":false,"is_daily":false,"chose_seed":false,"campfire_upgraded":4,"win_rate":0,"timestamp":1558664230,"path_taken":["M","?","M","?","M","R","E","R","T","?","M","E","R","M","R","BOSS","M","M","?","M","?","R","E","?","T","R","M","?","M","E","R","BOSS","M","$","?","?"],"build_version":"2019-05-22","purchased_purges":1,"victory":false,"max_hp_per_floor":[75,75,75,75,75,75,75,75,75,75,75,75,75,75,75,75,75,75,75,75,75,75,75,75,75,75,75,75,75,75,75,75,75,75,75,75,75,75],"card_choices":[{"not_picked":["Second Wind","Wild Strike"],"picked":"Anger","floor":1},{"not_picked":["Blood for Blood","Havoc"],"picked":"Shrug It Off","floor":3},{"not_picked":["Evolve","Armaments"],"picked":"Thunderclap","floor":5},{"not_picked":["Thunderclap","Dual Wield"],"picked":"Armaments","floor":7},{"not_picked":["Havoc","Wild Strike"],"picked":"Limit Break","floor":11},{"not_picked":["Body Slam","Cleave","Reckless Charge"],"picked":"SKIP","floor":12},{"not_picked":["Iron Wave","Body Slam"],"picked":"Clothesline","floor":14},{"not_picked":["Barricade","Berserk"],"picked":"Immolate","floor":16},{"not_picked":["Iron Wave","Clothesline"],"picked":"Corruption","floor":18},{"not_picked":["Carnage","Perfected Strike"],"picked":"Sword Boomerang+1","floor":19},{"not_picked":["Hemokinesis","Wild Strike","Twin Strike"],"picked":"SKIP","floor":21},{"not_picked":["Barricade","Headbutt"],"picked":"Disarm","floor":24},{"not_picked":["Thunderclap","Fire Breathing","Reckless Charge"],"picked":"SKIP","floor":25},{"not_picked":["Searing Blow","Pommel Strike","Armaments"],"picked":"SKIP","floor":28},{"not_picked":["Anger","Fire Breathing","Wild Strike"],"picked":"SKIP","floor":30},{"not_picked":["Twin Strike","Metallicize"],"picked":"Inflame","floor":31},{"not_picked":["Dark Embrace","Immolate"],"picked":"Impervious","floor":33},{"not_picked":["Heavy Blade","Headbutt"],"picked":"Shrug It Off","floor":35},{"not_picked":["Headbutt","Wild Strike","Evolve"],"picked":"SKIP","floor":37}],"player_experience":2065490,"relics_obtained":[{"floor":7,"key":"Whetstone"},{"floor":9,"key":"Paper Frog"},{"floor":12,"key":"Bottled Flame"},{"floor":24,"key":"Red Skull"},{"floor":26,"key":"Mummified Hand"},{"floor":31,"key":"Potion Belt"}],"event_choices":[{"damage_healed":0,"gold_gain":0,"player_choice":"Success","damage_taken":5,"relics_obtained":["Self Forming Clay"],"max_hp_gain":0,"max_hp_loss":0,"event_name":"Scrap Ooze","floor":4,"gold_loss":0},{"damage_healed":0,"gold_gain":0,"player_choice":"Copied","damage_taken":0,"max_hp_gain":0,"max_hp_loss":0,"event_name":"Duplicator","floor":20,"gold_loss":0,"cards_obtained":["Battle Trance"]},{"damage_healed":0,"gold_gain":0,"player_choice":"Gave Potion","damage_taken":0,"relics_obtained":["Orichalcum"],"max_hp_gain":0,"max_hp_loss":0,"event_name":"WeMeetAgain","floor":29,"gold_loss":0}],"is_beta":true,"boss_relics":[{"not_picked":["Runic Cube","Lizard Tail"],"picked":"Sozu"},{"not_picked":["Empty Cage","Mark of Pain"],"picked":"Black Star"}],"items_purged_floors":[22],"is_endless":false,"potions_floor_spawned":[1,3,7,11,18,19,30,33],"killed_by":"Sphere and 2 Shapes","ascension_level":20}