{"gold_per_floor":[110,110,110,123,123,123,136,156,181,192,211,238,251,251,251,251],"floor_reached":16,"playtime":635,"items_purged":[],"score":104,"play_id":"3b3bc49b-2c0b-4b37-8df8-99440b6192e3","local_time":"20190630022727","is_ascension_mode":false,"campfire_choices":[{"data":"Sunder","floor":6,"key":"SMITH"},{"floor":15,"key":"REST"}],"neow_cost":"TEN_PERCENT_HP_LOSS","seed_source_timestamp":319229842484100,"circlet_count":0,"master_deck":["Strike_B","Strike_B","Strike_B","Defend_B","Defend_B","Defend_B+1","Defend_B","Zap","Dualcast","Finesse+1","Impatience","Cold Snap","Sunder+1","Hologram","Go for the Eyes","Double Energy","Coolheaded+1"],"relics":["Cracked Core","Bag of Preparation"],"potions_floor_usage":[12],"damage_taken":[{"damage":4,"enemies":"Jaw Worm","floor":1,"turns":3},{"damage":0,"enemies":"Small Slimes","floor":4,"turns":3},{"damage":0,"enemies":"2 Louse","floor":7,"turns":1},{"damage":3,"enemies":"Blue Slaver","floor":8,"turns":2},{"damage":0,"enemies":"Looter","floor":10,"turns":3},{"damage":6,"enemies":"Large Slime","floor":11,"turns":5},{"damage":23,"enemies":"Gremlin Nob","floor":12,"turns":4},{"damage":2,"enemies":"Blue Slaver","floor":13,"turns":2},{"damage":30,"enemies":"Hexaghost","floor":16,"turns":10}],"seed_played":"884602150103624002","potions_obtained":[{"floor":4,"key":"PowerPotion"},{"floor":10,"key":"Strength Potion"},{"floor":11,"key":"SkillPotion"}],"is_trial":false,"path_per_floor":["M","?","?","M","$","R","M","M","T","M","M","E","M","?","R","B"],"character_chosen":"DEFECT","items_purchased":[],"campfire_rested":1,"item_purchase_floors":[],"current_hp_per_floor":[64,57,43,43,43,43,43,40,40,40,34,11,9,9,29,0],"gold":251,"neow_bonus":"RANDOM_COLORLESS_2","is_prod":false,"is_daily":false,"chose_seed":false,"campfire_upgraded":1,"win_rate":0,"timestamp":1561829247,"path_taken":["M","?","?","M","$","R","M","M","T","M","M","E","M","?","R","BOSS"],"build_version":"2019-01-23","purchased_purges":0,"victory":false,"max_hp_per_floor":[68,68,68,68,68,68,68,68,68,68,68,68,68,68,68,68],"card_choices":[{"not_picked":["Static Discharge","Gash"],"picked":"Cold Snap","floor":1},{"not_picked":["Reprogram","Compile Driver"],"picked":"Sunder","floor":4},{"not_picked":["Stack","Sweeping Beam"],"picked":"Hologram","floor":7},{"not_picked":["Turbo","Redo","Force Field"],"picked":"SKIP","floor":8},{"not_picked":["Turbo","Hyperbeam"],"picked":"Go for the Eyes","floor":10},{"not_picked":["Barrage","Lockon","Gash"],"picked":"SKIP","floor":11},{"not_picked":["Hologram","Hello World"],"picked":"Double Energy","floor":12},{"not_picked":["Gash","Hello World"],"picked":"Coolheaded","floor":13}],"player_experience":70034,"relics_obtained":[{"floor":12,"key":"Bag of Preparation"}],"event_choices":[{"cards_removed":["Strike_B"],"damage_healed":0,"gold_gain":0,"player_choice":"Card Removal","damage_taken":7,"max_hp_gain":0,"max_hp_loss":0,"event_name":"Golden Wing","floor":2,"gold_loss":0},{"damage_healed":0,"gold_gain":0,"player_choice":"Entered Light","damage_taken":14,"max_hp_gain":0,"max_hp_loss":0,"event_name":"Shining Light","floor":3,"gold_loss":0,"cards_upgraded":["Finesse","Defend_B"]},{"damage_healed":0,"gold_gain":0,"player_choice":"Grow","damage_taken":0,"max_hp_gain":0,"max_hp_loss":0,"event_name":"Living Wall","floor":14,"gold_loss":0,"cards_upgraded":["Coolheaded"]}],"is_beta":false,"boss_relics":[],"items_purged_floors":[],"is_endless":false,"potions_floor_spawned":[4,10,11],"killed_by":"Hexaghost","ascension_level":0}