{"gold_per_floor":[110,130,130,130,130,163,199,224,248,248,282,282,282,316,316,439,439,452,30,54,54,77,77,96,21,46,46,59,59,95,108,108,238,238,256,589,608,518,531,531],"floor_reached":40,"playtime":1816,"items_purged":[],"score":649,"play_id":"2fb497ba-7d62-4509-8b8f-061d393a918b","local_time":"20190702101751","is_ascension_mode":true,"campfire_choices":[{"data":"Bash","floor":10,"key":"SMITH"},{"data":"Dual Wield","floor":13,"key":"SMITH"},{"data":"Juggernaut","floor":15,"key":"SMITH"},{"data":"Clash","floor":23,"key":"SMITH"},{"data":"Clash","floor":27,"key":"SMITH"},{"data":"Iron Wave","floor":29,"key":"SMITH"},{"floor":32,"key":"REST"}],"neow_cost":"NONE","seed_source_timestamp":519071622852400,"circlet_count":0,"master_deck":["Defend_R+1","Defend_R+1","Defend_R","Defend_R","Bash+1","Body Slam+1","Dual Wield+1","Iron Wave+1","Clash+1","Clash+1","Dual Wield+1","Juggernaut+1","Offering","Anger+1","Whirlwind+1","Pommel Strike+1","Secret Weapon+1","Shrug It Off+1","Infernal Blade+1","Iron Wave+1","Dual Wield+1","Fiend Fire","Double Tap","Armaments","Second Wind+1"],"relics":["Burning Blood","NeowsBlessing","Vajra","Odd Mushroom","War Paint","Mango","Juzu Bracelet","Astrolabe","Mercury Hourglass","Centennial Puzzle","Red Skull","Sozu"],"potions_floor_usage":[7,7,40,40,40],"damage_taken":[{"damage":0,"enemies":"Small Slimes","floor":1,"turns":1},{"damage":0,"enemies":"Jaw Worm","floor":2,"turns":1},{"damage":0,"enemies":"Gremlin Nob","floor":6,"turns":1},{"damage":2,"enemies":"The Mushroom Lair","floor":7,"turns":2},{"damage":0,"enemies":"Cultist","floor":8,"turns":3},{"damage":0,"enemies":"Lagavulin","floor":11,"turns":3},{"damage":0,"enemies":"3 Sentries","floor":14,"turns":6},{"damage":44,"enemies":"Hexaghost","floor":16,"turns":5},{"damage":12,"enemies":"Spheric Guardian","floor":18,"turns":3},{"damage":0,"enemies":"Chosen","floor":20,"turns":3},{"damage":27,"enemies":"Shelled Parasite and Fungi","floor":22,"turns":3},{"damage":28,"enemies":"Cultist and Chosen","floor":24,"turns":5},{"damage":29,"enemies":"Snecko","floor":28,"turns":5},{"damage":1,"enemies":"Slavers","floor":30,"turns":4},{"damage":19,"enemies":"Snake Plant","floor":31,"turns":3},{"damage":32,"enemies":"Champ","floor":33,"turns":8},{"damage":4,"enemies":"Orb Walker","floor":35,"turns":2},{"damage":17,"enemies":"3 Shapes","floor":37,"turns":4},{"damage":12,"enemies":"Jaw Worm Horde","floor":39,"turns":3},{"damage":109,"enemies":"Nemesis","floor":40,"turns":6}],"seed_played":"6860074537739414925","potions_obtained":[{"floor":1,"key":"Explosive Potion"},{"floor":2,"key":"Explosive Potion"},{"floor":7,"key":"PowerPotion"},{"floor":16,"key":"Swift Potion"},{"floor":28,"key":"Poison Potion"},{"floor":31,"key":"EssenceOfSteel"}],"is_trial":false,"path_per_floor":["M","M","?","?","?","E","?","M","T","R","E","?","R","E","R","B",null,"M","$","M","$","M","R","M","?","T","R","M","R","E","M","R","B",null,"M","?","M","?","M","E"],"character_chosen":"IRONCLAD","items_purchased":["Mercury Hourglass","Secret Weapon"],"campfire_rested":1,"item_purchase_floors":[19,19],"current_hp_per_floor":[80,80,64,44,44,50,54,60,60,60,80,85,85,91,91,53,99,93,93,99,99,78,78,56,56,56,56,33,33,38,25,54,28,99,99,99,88,88,82,0],"gold":531,"neow_bonus":"THREE_ENEMY_KILL","is_prod":false,"is_daily":false,"chose_seed":false,"campfire_upgraded":6,"win_rate":0,"timestamp":1562030271,"path_taken":["M","M","?","?","?","E","?","M","T","R","E","?","R","E","R","BOSS","M","$","M","$","M","R","M","?","T","R","M","R","E","M","R","BOSS","M","?","M","?","M","E"],"build_version":"2019-07-01","purchased_purges":0,"victory":false,"max_hp_per_floor":[80,80,80,80,80,80,80,80,80,80,94,99,99,99,99,99,99,99,99,99,99,99,99,99,99,99,99,99,99,99,99,99,99,99,99,99,99,99,99,99],"card_choices":[{"not_picked":["Burning Pact","Perfected Strike","Havoc"],"picked":"SKIP","floor":1},{"not_picked":["Thunderclap","Wild Strike"],"picked":"Body Slam","floor":2},{"not_picked":["Evolve","Warcry"],"picked":"Iron Wave","floor":6},{"not_picked":["Dropkick","Sword Boomerang"],"picked":"Clash","floor":7},{"not_picked":["Cleave","Headbutt"],"picked":"Clash","floor":8},{"not_picked":["Pommel Strike","Reckless Charge"],"picked":"Dual Wield","floor":11},{"not_picked":["Warcry","Iron Wave"],"picked":"Juggernaut","floor":14},{"not_picked":["Fiend Fire","Juggernaut"],"picked":"Offering","floor":16},{"not_picked":["Heavy Blade","Sword Boomerang"],"picked":"Pommel Strike+1","floor":18},{"not_picked":["True Grit","Feel No Pain"],"picked":"Shrug It Off+1","floor":20},{"not_picked":["Carnage+1","Iron Wave+1"],"picked":"Infernal Blade+1","floor":22},{"not_picked":["Entrench","Headbutt+1","Whirlwind"],"picked":"SKIP","floor":24},{"not_picked":["Combust+1","Headbutt+1"],"picked":"Iron Wave+1","floor":28},{"not_picked":["Cleave","Sword Boomerang"],"picked":"Dual Wield+1","floor":30},{"not_picked":["Hemokinesis","Twin Strike"],"picked":"Fiend Fire","floor":31},{"not_picked":["Impervious","Limit Break"],"picked":"Double Tap","floor":33},{"not_picked":["Perfected Strike","True Grit"],"picked":"Armaments","floor":35},{"not_picked":["Clash+1","Perfected Strike+1","Fire Breathing+1"],"picked":"SKIP","floor":37},{"not_picked":["Disarm","Spot Weakness"],"picked":"Second Wind+1","floor":39}],"player_experience":104190,"relics_obtained":[{"floor":6,"key":"Vajra"},{"floor":7,"key":"Odd Mushroom"},{"floor":9,"key":"War Paint"},{"floor":11,"key":"Mango"},{"floor":14,"key":"Juzu Bracelet"},{"floor":26,"key":"Centennial Puzzle"},{"floor":30,"key":"Red Skull"}],"event_choices":[{"damage_healed":0,"gold_gain":0,"player_choice":"Entered Light","damage_taken":16,"max_hp_gain":0,"max_hp_loss":0,"event_name":"Shining Light","floor":3,"gold_loss":0,"cards_upgraded":["Body Slam","Defend_R"]},{"damage_healed":0,"gold_gain":0,"player_choice":"Take Damage","damage_taken":20,"relics_obtained":["Golden Idol"],"max_hp_gain":0,"max_hp_loss":0,"event_name":"Golden Idol","floor":4,"gold_loss":0},{"damage_healed":0,"gold_gain":0,"cards_transformed":["Strike_R"],"player_choice":"Change","damage_taken":0,"max_hp_gain":0,"max_hp_loss":0,"event_name":"Living Wall","floor":5,"gold_loss":0,"cards_obtained":["Dual Wield"]},{"damage_healed":0,"gold_gain":0,"player_choice":"Fought Mushrooms","damage_taken":0,"max_hp_gain":0,"max_hp_loss":0,"event_name":"Mushrooms","floor":7,"gold_loss":0},{"damage_healed":0,"gold_gain":0,"player_choice":"Donut","damage_taken":0,"max_hp_gain":5,"max_hp_loss":0,"event_name":"Big Fish","floor":12,"gold_loss":0},{"cards_removed":["Strike_R"],"damage_healed":0,"gold_gain":0,"player_choice":"Gave Gold","damage_taken":0,"max_hp_gain":0,"max_hp_loss":0,"event_name":"Beggar","floor":25,"gold_loss":75},{"damage_healed":0,"gold_gain":333,"player_choice":"Gave Idol","damage_taken":0,"max_hp_gain":0,"max_hp_loss":0,"event_name":"The Moai Head","floor":36,"relics_lost":["Golden Idol"],"gold_loss":0},{"cards_removed":["Juggernaut"],"damage_healed":0,"gold_gain":0,"player_choice":"Upgrade and Remove","damage_taken":0,"max_hp_gain":0,"max_hp_loss":0,"event_name":"Designer","floor":38,"gold_loss":90,"cards_upgraded":["Secret Weapon"]}],"is_beta":false,"boss_relics":[{"not_picked":["Cursed Key","Black Star"],"picked":"Astrolabe"},{"not_picked":["Eternal Feather","Calling Bell"],"picked":"Sozu"}],"items_purged_floors":[],"is_endless":false,"potions_floor_spawned":[1,2,7,16,28,30,31,35],"killed_by":"Nemesis","ascension_level":4}