{"gold_per_floor":[112,125,27,37,37,37,53,66,114,114,114,128,153,164,164,263,263,280,294,294,307,38,73,73,91,91,111,121,121,141,155,155,250,250,267,267,267,283,303,303,338,338,338,348,20,20,20,37,37,37],"floor_reached":51,"playtime":4399,"items_purged":["Regret","Survivor"],"score":677,"play_id":"c2624c64-a9de-428f-b29b-e77ab6cc2ed2","local_time":"20190814162725","is_ascension_mode":true,"campfire_choices":[{"floor":6,"key":"RECALL"},{"data":"A Thousand Cuts","floor":10,"key":"SMITH"},{"data":"Infinite Blades","floor":15,"key":"SMITH"},{"data":"Apotheosis","floor":24,"key":"SMITH"},{"floor":32,"key":"REST"},{"data":"Endless Agony","floor":40,"key":"SMITH"},{"floor":42,"key":"REST"},{"data":"Adrenaline","floor":47,"key":"SMITH"},{"floor":49,"key":"REST"}],"neow_cost":"NONE","seed_source_timestamp":12305163098150,"circlet_count":0,"master_deck":["Strike_G+1","Strike_G+1","Strike_G+1","Strike_G+1","Defend_G+1","Defend_G+1","Defend_G+1","Defend_G+1","Defend_G+1","Neutralize","A Thousand Cuts+1","Expertise","Dark Shackles","Dagger Throw","Finisher","Infinite Blades+1","Envenom","Adrenaline+1","Blade Dance+1","Blur","Backflip+1","Cloak And Dagger+1","Endless Agony+1","Leg Sweep+1","Doppelganger+1","Finisher","Prepared+1","Venomology+1","Blade Dance+1","Transmutation+1","Accuracy"],"relics":["Ring of the Snake","Kunai","Bronze Scales","Philosopher\u0027s Stone","Anchor","Toxic Egg 2","Dream Catcher","WristBlade","Blue Candle","Ancient Tea Set"],"potions_floor_usage":[7,12,16,23,23,33,33,33,39,41,48,48,48,50,50,50],"damage_taken":[{"damage":1,"enemies":"Cultist","floor":1,"turns":6},{"damage":7,"enemies":"Small Slimes","floor":2,"turns":4},{"damage":0,"enemies":"2 Louse","floor":4,"turns":4},{"damage":1,"enemies":"Blue Slaver","floor":7,"turns":4},{"damage":0,"enemies":"Large Slime","floor":8,"turns":5},{"damage":5,"enemies":"2 Fungi Beasts","floor":12,"turns":3},{"damage":6,"enemies":"Looter","floor":14,"turns":4},{"damage":16,"enemies":"Slime Boss","floor":16,"turns":9},{"damage":17,"enemies":"Spheric Guardian","floor":18,"turns":5},{"damage":11,"enemies":"Shell Parasite","floor":19,"turns":5},{"damage":2,"enemies":"Snake Plant","floor":21,"turns":3},{"damage":14,"enemies":"Gremlin Leader","floor":23,"turns":5},{"damage":3,"enemies":"Centurion and Healer","floor":25,"turns":5},{"damage":8,"enemies":"Snecko","floor":27,"turns":4},{"damage":0,"enemies":"Sentry and Sphere","floor":28,"turns":5},{"damage":0,"enemies":"Snake Plant","floor":30,"turns":3},{"damage":2,"enemies":"Centurion and Healer","floor":31,"turns":3},{"damage":2,"enemies":"Champ","floor":33,"turns":7},{"damage":10,"enemies":"Orb Walker","floor":35,"turns":4},{"damage":5,"enemies":"3 Darklings","floor":38,"turns":4},{"damage":1,"enemies":"Jaw Worm Horde","floor":39,"turns":4},{"damage":22,"enemies":"Nemesis","floor":41,"turns":4},{"damage":0,"enemies":"Sphere and 2 Shapes","floor":44,"turns":4},{"damage":0,"enemies":"Spire Growth","floor":48,"turns":1},{"damage":21,"enemies":"Donu and Deca","floor":50,"turns":6}],"seed_played":"-6246972368381519623","potions_obtained":[{"floor":1,"key":"GhostInAJar"},{"floor":7,"key":"GhostInAJar"},{"floor":8,"key":"SkillPotion"},{"floor":16,"key":"EssenceOfSteel"},{"floor":18,"key":"PowerPotion"},{"floor":21,"key":"FearPotion"},{"floor":30,"key":"Strength Potion"},{"floor":31,"key":"Ancient Potion"},{"floor":33,"key":"FearPotion"},{"floor":38,"key":"Block Potion"},{"floor":41,"key":"SkillPotion"},{"floor":44,"key":"SkillPotion"},{"floor":48,"key":"AttackPotion"}],"is_trial":false,"path_per_floor":["M","M","$","M","?","R","M","M","T","R","?","M","T","M","R","B",null,"M","M","?","M","$","E","R","M","T","M","M","?","M","M","R","B",null,"M","?","?","M","M","R","E","R","T","M","$","?","R","M","R","B",null],"character_chosen":"THE_SILENT","items_purchased":["Dark Shackles","Apotheosis","Transmutation+1","SteroidPotion"],"campfire_rested":3,"item_purchase_floors":[3,22,45,45],"current_hp_per_floor":[69,62,62,62,62,62,61,61,61,61,61,56,56,50,50,34,70,53,42,42,40,40,26,26,23,23,15,15,15,15,13,34,32,70,60,60,60,55,54,54,32,53,53,53,53,53,53,53,70,49],"gold":37,"neow_bonus":"ONE_RANDOM_RARE_CARD","is_prod":false,"is_daily":false,"chose_seed":false,"campfire_upgraded":5,"win_rate":0,"timestamp":1565825245,"path_taken":["M","?","$","M","?","R","M","M","T","R","?","M","?","M","R","BOSS","M","M","?","M","$","E","R","M","T","M","M","?","M","M","R","BOSS","M","?","?","M","M","R","E","R","T","M","$","?","R","M","R","BOSS"],"build_version":"2019-07-17","purchased_purges":2,"victory":true,"max_hp_per_floor":[70,70,70,70,70,70,70,70,70,70,70,70,70,70,70,70,70,70,70,70,70,70,70,70,70,70,70,70,70,70,70,70,70,70,70,70,70,70,70,70,70,70,70,70,70,70,70,70,70,70],"card_choices":[{"not_picked":["Sucker Punch","Slice"],"picked":"Predator","floor":1},{"not_picked":["Well Laid Plans","Leg Sweep"],"picked":"Expertise","floor":2},{"not_picked":["Underhanded Strike","Backflip"],"picked":"Dagger Throw","floor":4},{"not_picked":["Bouncing Flask","Poisoned Stab","Riddle With Holes"],"picked":"SKIP","floor":7},{"not_picked":["Poisoned Stab","Dagger Throw"],"picked":"Finisher","floor":8},{"not_picked":["Riddle With Holes","Prepared"],"picked":"Infinite Blades","floor":12},{"not_picked":["Poisoned Stab","Dash"],"picked":"Envenom","floor":14},{"not_picked":["Doppelganger","Bullet Time"],"picked":"Adrenaline","floor":16},{"not_picked":["Outmaneuver","Heel Hook+1","Flying Knee"],"picked":"SKIP","floor":18},{"not_picked":["PiercingWail+1","Skewer","Flechettes"],"picked":"SKIP","floor":19},{"not_picked":["Corpse Explosion","Well Laid Plans"],"picked":"Blade Dance+1","floor":21},{"not_picked":["Cloak And Dagger","Bane+1"],"picked":"Blur","floor":23},{"not_picked":["Sucker Punch","Flechettes"],"picked":"Backflip+1","floor":25},{"not_picked":["Dash","Heel Hook"],"picked":"Cloak And Dagger+1","floor":27},{"not_picked":["Heel Hook","Dagger Spray","Outmaneuver+1"],"picked":"SKIP","floor":28},{"not_picked":["After Image","Calculated Gamble+1"],"picked":"Endless Agony","floor":30},{"not_picked":["Cloak And Dagger+1","Predator","Deadly Poison+1"],"picked":"SKIP","floor":31},{"not_picked":["Deflect+1","Poisoned Stab"],"picked":"Leg Sweep+1","floor":32},{"not_picked":["Wraith Form v2","Tools of the Trade"],"picked":"Doppelganger+1","floor":33},{"not_picked":["Flechettes","Dagger Spray+1","Bane"],"picked":"SKIP","floor":35},{"not_picked":["Skewer+1","Bouncing Flask+1"],"picked":"Finisher","floor":38},{"not_picked":["Outmaneuver+1","All Out Attack+1"],"picked":"Prepared+1","floor":39},{"not_picked":["PiercingWail+1","Bane+1"],"picked":"Venomology+1","floor":41},{"not_picked":["Accuracy","Quick Slash+1"],"picked":"Blade Dance+1","floor":42},{"not_picked":["Eviscerate+1","Poisoned Stab","Dagger Spray"],"picked":"SKIP","floor":44},{"not_picked":["Cloak And Dagger+1","Slice"],"picked":"Accuracy","floor":48}],"player_experience":101819,"relics_obtained":[{"floor":13,"key":"Bronze Scales"},{"floor":23,"key":"Anchor"},{"floor":26,"key":"Toxic Egg 2"},{"floor":41,"key":"Blue Candle"},{"floor":43,"key":"Ancient Tea Set"}],"event_choices":[{"damage_healed":0,"gold_gain":0,"player_choice":"Box","damage_taken":0,"relics_obtained":["Kunai"],"max_hp_gain":0,"max_hp_loss":0,"event_name":"Big Fish","floor":5,"gold_loss":0,"cards_obtained":["Regret"]},{"cards_removed":["Strike_G"],"damage_healed":0,"gold_gain":0,"player_choice":"Forget","damage_taken":0,"max_hp_gain":0,"max_hp_loss":0,"event_name":"Living Wall","floor":11,"gold_loss":0},{"damage_healed":0,"gold_gain":0,"player_choice":"Simplicity","damage_taken":0,"max_hp_gain":0,"max_hp_loss":0,"event_name":"Back to Basics","floor":20,"gold_loss":0,"cards_upgraded":["Strike_G","Strike_G","Strike_G","Strike_G","Defend_G","Defend_G","Defend_G","Defend_G","Defend_G"]},{"damage_healed":0,"gold_gain":0,"player_choice":"Opened","damage_taken":0,"relics_obtained":["Dream Catcher"],"max_hp_gain":0,"max_hp_loss":0,"event_name":"The Mausoleum","floor":29,"gold_loss":0},{"damage_healed":0,"gold_gain":0,"player_choice":"Ignored","damage_taken":0,"max_hp_gain":0,"max_hp_loss":0,"event_name":"Tomb of Lord Red Mask","floor":36,"gold_loss":0},{"cards_removed":["Predator"],"damage_healed":0,"gold_gain":0,"player_choice":"Removed Attack","damage_taken":0,"max_hp_gain":0,"max_hp_loss":0,"event_name":"Falling","floor":37,"gold_loss":0},{"cards_removed":["Apotheosis"],"damage_healed":0,"gold_gain":0,"player_choice":"Purged","damage_taken":0,"max_hp_gain":0,"max_hp_loss":0,"event_name":"Purifier","floor":46,"gold_loss":0}],"is_beta":false,"boss_relics":[{"not_picked":["Lizard Tail","Fusion Hammer"],"picked":"Philosopher\u0027s Stone"},{"not_picked":["Busted Crown","Orrery"],"picked":"WristBlade"}],"items_purged_floors":[22,45],"is_endless":false,"potions_floor_spawned":[1,7,8,16,18,21,30,31,33,38,41,44,48],"ascension_level":1}