{"gold_per_floor":[116,127,127,146,163,163,188,204,230,405,405],"floor_reached":11,"playtime":778,"items_purged":[],"score":86,"play_id":"2cec76dd-f1a2-48a4-bb20-9d85b007ae01","local_time":"20190817164537","is_ascension_mode":true,"campfire_choices":[{"data":"Flex","floor":6,"key":"SMITH"}],"neow_cost":"NONE","seed_source_timestamp":177679763342627,"circlet_count":0,"master_deck":["Strike_R","Strike_R","Strike_R","Strike_R","Strike_R","Defend_R","Defend_R","Defend_R","Defend_R","Bash","Shockwave","Flex+1","Pommel Strike","Thunderclap","True Grit","Doubt"],"relics":["White Beast Statue","Art of War","Vajra","Smiling Mask"],"potions_floor_usage":[7,8,11,11],"damage_taken":[{"damage":13,"enemies":"Jaw Worm","floor":1,"turns":4},{"damage":0,"enemies":"2 Louse","floor":2,"turns":4},{"damage":6,"enemies":"Small Slimes","floor":4,"turns":3},{"damage":6,"enemies":"2 Fungi Beasts","floor":5,"turns":4},{"damage":28,"enemies":"3 Sentries","floor":7,"turns":8},{"damage":9,"enemies":"Blue Slaver","floor":8,"turns":2},{"damage":16,"enemies":"Lagavulin","floor":11,"turns":8}],"seed_played":"-2145283629806949048","potions_obtained":[{"floor":1,"key":"SpeedPotion"},{"floor":2,"key":"AttackPotion"},{"floor":4,"key":"SpeedPotion"},{"floor":5,"key":"PowerPotion"},{"floor":7,"key":"Energy Potion"},{"floor":8,"key":"Ancient Potion"}],"is_trial":false,"path_per_floor":["M","M","?","M","M","R","E","M","T","?","E"],"character_chosen":"IRONCLAD","items_purchased":[],"campfire_rested":0,"item_purchase_floors":[],"current_hp_per_floor":[67,67,60,54,48,48,20,11,11,11,0],"gold":405,"neow_bonus":"BOSS_RELIC","is_prod":false,"is_daily":false,"chose_seed":false,"campfire_upgraded":1,"win_rate":0,"timestamp":1566049537,"path_taken":["M","M","?","M","M","R","E","M","T","?","E"],"build_version":"2019-07-17","purchased_purges":0,"victory":false,"max_hp_per_floor":[80,80,80,80,80,80,80,80,80,80,80],"card_choices":[{"not_picked":["Sword Boomerang","Wild Strike"],"picked":"Shockwave","floor":1},{"not_picked":["Rage","Rampage"],"picked":"Flex","floor":2},{"not_picked":["Entrench","Clothesline"],"picked":"Pommel Strike","floor":4},{"not_picked":["Cleave","Flex"],"picked":"Thunderclap","floor":5},{"not_picked":["Anger","Immolate"],"picked":"True Grit","floor":7},{"not_picked":["Thunderclap","Anger","Corruption"],"picked":"SKIP","floor":8}],"player_experience":182562,"relics_obtained":[{"floor":7,"key":"Vajra"},{"floor":9,"key":"Smiling Mask"}],"event_choices":[{"damage_healed":0,"gold_gain":0,"player_choice":"Success","damage_taken":7,"relics_obtained":["Art of War"],"max_hp_gain":0,"max_hp_loss":0,"event_name":"Scrap Ooze","floor":3,"gold_loss":0},{"damage_healed":0,"gold_gain":175,"player_choice":"AGREE","damage_taken":0,"max_hp_gain":0,"max_hp_loss":0,"event_name":"Liars Game","floor":10,"gold_loss":0,"cards_obtained":["Doubt"]}],"is_beta":false,"boss_relics":[],"items_purged_floors":[],"is_endless":false,"potions_floor_spawned":[1,2,4,5,7,8],"killed_by":"Lagavulin","ascension_level":3}