{"gold_per_floor":[110,110,123,123,138,138,158,189,189,208,208,208,226,41,41,41],"floor_reached":16,"playtime":660,"items_purged":[],"score":102,"play_id":"e06e35f0-a043-44bc-997a-9d7b595d491c","local_time":"20190629010322","is_ascension_mode":false,"campfire_choices":[{"data":"Armaments","floor":6,"key":"SMITH"},{"data":"Armaments","floor":11,"key":"SMITH"},{"data":"Apotheosis","floor":15,"key":"SMITH"}],"neow_cost":"NONE","seed_source_timestamp":227759400652900,"circlet_count":0,"master_deck":["Strike_R","Strike_R","Strike_R","Strike_R","Strike_R","Defend_R","Defend_R","Defend_R","Defend_R","Bash","Sever Soul","Armaments+1","Armaments+1","Spot Weakness","Pummel","Spot Weakness","Regret","Seeing Red","Apotheosis+1"],"relics":["Runic Cube","Orichalcum","StoneCalendar","Self Forming Clay","Red Skull"],"potions_floor_usage":[16,16,16],"damage_taken":[{"damage":3,"enemies":"2 Louse","floor":1,"turns":3},{"damage":0,"enemies":"Cultist","floor":3,"turns":3},{"damage":2,"enemies":"Small Slimes","floor":5,"turns":4},{"damage":2,"enemies":"3 Louse","floor":7,"turns":5},{"damage":26,"enemies":"Gremlin Nob","floor":8,"turns":6},{"damage":7,"enemies":"Red Slaver","floor":10,"turns":3},{"damage":13,"enemies":"Gremlin Gang","floor":13,"turns":3},{"damage":36,"enemies":"Slime Boss","floor":16,"turns":3}],"seed_played":"-4786513565385542639","potions_obtained":[{"floor":1,"key":"AttackPotion"},{"floor":3,"key":"LiquidBronze"},{"floor":10,"key":"GamblersBrew"},{"floor":13,"key":"Regen Potion"}],"is_trial":false,"path_per_floor":["M","?","M","$","M","R","M","E","T","M","R","?","M","$","R","B"],"character_chosen":"IRONCLAD","items_purchased":["Apotheosis"],"campfire_rested":0,"item_purchase_floors":[14],"current_hp_per_floor":[77,77,77,77,75,75,73,47,47,40,40,40,27,27,27,0],"gold":41,"neow_bonus":"BOSS_RELIC","is_prod":false,"is_daily":false,"chose_seed":false,"campfire_upgraded":3,"win_rate":0,"timestamp":1561737802,"path_taken":["M","?","M","?","?","R","M","E","T","M","R","?","M","$","R","BOSS"],"build_version":"2019-01-23","purchased_purges":0,"victory":false,"max_hp_per_floor":[80,80,80,80,80,80,80,80,80,80,80,80,80,80,80,80],"card_choices":[{"not_picked":["Feel No Pain","Thunderclap"],"picked":"Sever Soul","floor":1},{"not_picked":["Anger","Twin Strike"],"picked":"Armaments","floor":3},{"not_picked":["Iron Wave","True Grit"],"picked":"Armaments","floor":5},{"not_picked":["Whirlwind","Disarm"],"picked":"Spot Weakness","floor":7},{"not_picked":["Hemokinesis","Perfected Strike"],"picked":"Pummel","floor":8},{"not_picked":["Pommel Strike","Clothesline"],"picked":"Spot Weakness","floor":10},{"not_picked":["Cleave","Intimidate"],"picked":"Seeing Red","floor":13}],"player_experience":33975,"relics_obtained":[{"floor":8,"key":"StoneCalendar"},{"floor":9,"key":"Self Forming Clay"}],"event_choices":[{"damage_healed":0,"gold_gain":0,"player_choice":"Gave Potion","damage_taken":0,"relics_obtained":["Orichalcum"],"max_hp_gain":0,"max_hp_loss":0,"event_name":"WeMeetAgain","floor":2,"gold_loss":0},{"damage_healed":0,"gold_gain":0,"player_choice":"Box","damage_taken":0,"relics_obtained":["Red Skull"],"max_hp_gain":0,"max_hp_loss":0,"event_name":"Big Fish","floor":12,"gold_loss":0,"cards_obtained":["Regret"]}],"is_beta":false,"boss_relics":[],"items_purged_floors":[],"is_endless":false,"potions_floor_spawned":[1,3,10,13],"killed_by":"Slime Boss","ascension_level":0}