{"gold_per_floor":[114,126,37,50,15,15,90,90,116,116,116],"floor_reached":11,"playtime":251,"items_purged":[],"score":122,"play_id":"6105a980-be36-4253-8688-dcf8714df79a","local_time":"20190406195643","is_ascension_mode":true,"campfire_choices":[{"data":"Poisoned Stab","floor":6.0,"key":"SMITH"},{"data":"Noxious Fumes","floor":8.0,"key":"SMITH"},{"data":"Neutralize","floor":10.0,"key":"SMITH"}],"neow_cost":"TEN_PERCENT_HP_LOSS","seed_source_timestamp":2065415546477187,"circlet_count":0,"master_deck":["AscendersBane","Defend_G","Defend_G","Defend_G","Defend_G","Defend_G","Strike_G","Strike_G","Strike_G","Survivor","Neutralize+1","Caltrops","Poisoned Stab+1","Noxious Fumes+1","All Out Attack"],"special_seed":0,"relics":["Ring of the Snake","Smiling Mask"],"potions_floor_usage":[],"damage_taken":[{"damage":13.0,"enemies":"Cultist","floor":1.0,"turns":7.0},{"damage":1.0,"enemies":"2 Louse","floor":2.0,"turns":3.0},{"damage":11.0,"enemies":"Jaw Worm","floor":4.0,"turns":4.0},{"damage":39,"enemies":"Gremlin Nob","floor":11,"turns":4}],"seed_played":"-55737362792022341","potions_obtained":[],"is_trial":false,"path_per_floor":["M","M","$","M","?","R","?","R","T","R","E"],"character_chosen":"THE_SILENT","items_purchased":["Noxious Fumes"],"campfire_rested":0,"item_purchase_floors":[3],"current_hp_per_floor":[46,45,45,34,49,49,38,38,38,38,0],"gold":116,"neow_bonus":"REMOVE_TWO","is_prod":false,"is_daily":false,"chose_seed":false,"campfire_upgraded":3,"win_rate":0,"timestamp":1554577003,"path_taken":["M","M","$","M","?","R","?","R","T","R","E"],"build_version":"2019-04-04","purchased_purges":0,"victory":false,"max_hp_per_floor":[60,60,60,60,60,60,60,60,60,60,60],"card_choices":[{"not_picked":["Dagger Spray","Outmaneuver"],"picked":"Caltrops","floor":1.0},{"not_picked":["Riddle With Holes","Heel Hook"],"picked":"Poisoned Stab","floor":2.0},{"not_picked":["Calculated Gamble","Masterful Stab"],"picked":"All Out Attack","floor":4.0}],"player_experience":1985653,"relics_obtained":[{"floor":9.0,"key":"Smiling Mask"}],"event_choices":[{"damage_healed":15.0,"max_hp_gain":0.0,"max_hp_loss":0.0,"gold_gain":0.0,"event_name":"The Cleric","player_choice":"Healed","floor":5.0,"gold_loss":35.0,"damage_taken":0.0},{"damage_healed":0.0,"max_hp_gain":0.0,"max_hp_loss":0.0,"gold_gain":75.0,"event_name":"World of Goop","player_choice":"Gather Gold","floor":7.0,"gold_loss":0.0,"damage_taken":11.0}],"is_beta":true,"boss_relics":[],"items_purged_floors":[],"is_endless":false,"potions_floor_spawned":[],"killed_by":"Gremlin Nob","ascension_level":20}