{"path_per_floor":["M","M","?","?","T","E","M","M","T","E","M","R","M","$","R","B",null,"M","M","?","M","$","R","E","M","T","M","$","R","M","?","R","B",null,"M","M","M","M","M","R","M","M","T","$","E","M"],"character_chosen":"IRONCLAD","items_purchased":["Bottled Flame","Armaments","Feel No Pain+1","Seeing Red","Reckless Charge"],"gold_per_floor":[109,120,120,120,147,177,190,200,280,305,320,320,333,43,43,146,146,157,174,89,109,59,59,88,104,104,121,22,22,37,37,37,141,141,156,176,188,202,212,212,231,248,248,20,46,58,58],"floor_reached":47,"campfire_rested":1,"playtime":3765,"item_purchase_floors":[14,28,44,44,44],"current_hp_per_floor":[78,80,55,48,48,54,57,63,63,51,59,59,52,52,52,7,63,65,48,48,46,46,46,51,45,45,51,51,51,12,12,41,39,80,83,92,93,93,84,84,43,57,57,57,69,86,0],"items_purged":["Strike_R","Strike_R","Strike_R","Wild Strike"],"gold":58,"score":905,"play_id":"565d5c85-83f9-48d6-8f18-fcf67ecd132b","local_time":"20180522175528","is_prod":false,"is_daily":false,"chose_seed":false,"is_ascension_mode":true,"campfire_upgraded":5,"timestamp":1527008128,"campfire_choices":[{"data":"Uppercut","floor":12,"key":"SMITH"},{"data":"Metallicize","floor":15,"key":"SMITH"},{"data":"Exhume","floor":23,"key":"SMITH"},{"data":"Armaments","floor":29,"key":"SMITH"},{"floor":32,"key":"REST"},{"data":"Limit Break","floor":40,"key":"SMITH"}],"path_taken":["M","M","?","?","?","E","M","M","T","E","M","R","M","$","R","BOSS","M","?","?","?","$","R","E","?","T","M","?","R","M","?","R","BOSS","M","M","?","?","M","R","M","M","T","?","E","M","M"],"build_version":"2018-05-21v2","seed_source_timestamp":97096579470753,"purchased_purges":4,"victory":false,"master_deck":["Defend_R","Defend_R","Defend_R","Defend_R","Bash+1","AscendersBane","Ghostly Armor","Metallicize+1","Pummel","Uppercut+1","Spot Weakness","Ghostly Armor","Exhume+1","Disarm","Metallicize+1","True Grit+1","Shrug It Off","Limit Break+1","Armaments+1","Battle Trance","Barricade+1","Entrench+1","Entrench+1","Evolve+1","Body Slam+1","Sentinel+1","Metallicize+1","Inflame+1","Feel No Pain+1","Seeing Red","Reckless Charge+1"],"max_hp_per_floor":[80,80,80,80,80,80,80,80,80,80,82,82,82,82,82,82,82,84,84,84,86,86,86,88,88,88,90,90,90,92,92,94,94,94,98,98,100,102,102,102,104,108,108,108,110,114,114],"relics":["Black Blood","NeowsBlessing","Dream Catcher","Boot","Smiling Mask","Frozen Egg 2","Singing Bowl","Bottled Flame","Sozu","Prayer Wheel","Potion Belt","Question Card","Dead Branch","Whetstone"],"card_choices":[{"not_picked":["Armaments","Sword Boomerang"],"picked":"Ghostly Armor","floor":1},{"not_picked":["Corruption","Cleave"],"picked":"Metallicize","floor":2},{"not_picked":["Shrug It Off","Havoc"],"picked":"Pummel","floor":6},{"not_picked":["Anger","Twin Strike"],"picked":"Wild Strike","floor":7},{"not_picked":["Cleave","Sword Boomerang"],"picked":"Uppercut","floor":8},{"not_picked":["Shrug It Off","Combust+1"],"picked":"Spot Weakness","floor":10},{"not_picked":["Perfected Strike","Warcry","Body Slam"],"picked":"Singing Bowl","floor":11},{"not_picked":["Twin Strike","Shockwave"],"picked":"Ghostly Armor","floor":13},{"not_picked":["Fiend Fire","Double Tap"],"picked":"Exhume","floor":16},{"not_picked":["Cleave","Hemokinesis+1","Pommel Strike"],"picked":"Singing Bowl","floor":18},{"not_picked":["Wild Strike","Pommel Strike+1"],"picked":"Disarm","floor":19},{"not_picked":["Iron Wave","Blood for Blood","Pommel Strike+1"],"picked":"Singing Bowl","floor":21},{"not_picked":["True Grit","Cleave"],"picked":"Metallicize+1","floor":21},{"not_picked":["Pommel Strike","Iron Wave+1","Sword Boomerang+1"],"picked":"Singing Bowl","floor":24},{"not_picked":["Cleave+1","Perfected Strike"],"picked":"True Grit+1","floor":25},{"not_picked":["Clash","Armaments"],"picked":"Shrug It Off","floor":25},{"not_picked":["Anger+1","Shrug It Off","Cleave"],"picked":"Limit Break","floor":27},{"not_picked":["Havoc","Warcry","Clash+1","Bloodletting+1"],"picked":"Singing Bowl","floor":27},{"not_picked":["Hemokinesis","Clothesline+1","True Grit+1"],"picked":"Battle Trance","floor":30},{"not_picked":["Twin Strike","Havoc","Shrug It Off","Flex"],"picked":"Singing Bowl","floor":30},{"not_picked":["Second Wind","True Grit","Battle Trance","Thunderclap"],"picked":"Singing Bowl","floor":32},{"not_picked":["Bludgeon","Dark Embrace+1","Demon Form+1"],"picked":"Barricade+1","floor":33},{"not_picked":["Warcry","Bloodletting+1","Cleave+1","Wild Strike"],"picked":"Singing Bowl","floor":35},{"not_picked":["Disarm+1","Blood for Blood+1","Iron Wave","Rupture+1"],"picked":"Singing Bowl","floor":35},{"not_picked":["Perfected Strike+1","Sword Boomerang","Heavy Blade+1"],"picked":"Entrench+1","floor":36},{"not_picked":["Heavy Blade+1","Rage+1","Thunderclap"],"picked":"Entrench+1","floor":36},{"not_picked":["Bludgeon","Burning Pact+1","Rage"],"picked":"Evolve+1","floor":37},{"not_picked":["Pommel Strike","Flex+1","Rupture+1","Clothesline"],"picked":"Singing Bowl","floor":37},{"not_picked":["Clothesline+1","Pommel Strike","Perfected Strike","Anger"],"picked":"Singing Bowl","floor":38},{"not_picked":["Battle Trance+1","Flame Barrier","Evolve+1"],"picked":"Body Slam+1","floor":38},{"not_picked":["Clash","Seeing Red+1","Demon Form+1"],"picked":"Sentinel+1","floor":39},{"not_picked":["Iron Wave","Twin Strike","Whirlwind"],"picked":"Metallicize+1","floor":39},{"not_picked":["Shockwave+1","Armaments","Combust+1","Clothesline+1"],"picked":"Singing Bowl","floor":41},{"not_picked":["Reckless Charge+1","Blood for Blood","Havoc+1"],"picked":"Inflame+1","floor":41},{"not_picked":["Rage","Havoc","Spot Weakness+1","Sword Boomerang"],"picked":"Singing Bowl","floor":42},{"not_picked":["Warcry","Corruption+1","Clash","Fire Breathing+1"],"picked":"Singing Bowl","floor":42},{"not_picked":["Limit Break","Clash","Armaments","Burning Pact"],"picked":"Singing Bowl","floor":45},{"not_picked":["Wild Strike+1","Clash","Body Slam+1","Iron Wave"],"picked":"Singing Bowl","floor":46},{"not_picked":["Immolate","Pommel Strike","Cleave","Clothesline"],"picked":"Singing Bowl","floor":46}],"player_experience":592093,"potions_floor_usage":[10,13,16,16],"damage_taken":[{"damage":0,"enemies":"Jaw Worm","floor":1,"turns":1},{"damage":0,"enemies":"Small Slimes","floor":2,"turns":1},{"damage":0,"enemies":"Gremlin Nob","floor":6,"turns":1},{"damage":3,"enemies":"Cultist","floor":7,"turns":4},{"damage":0,"enemies":"3 Louse","floor":8,"turns":3},{"damage":18,"enemies":"3 Sentries","floor":10,"turns":10},{"damage":0,"enemies":"Exordium Wildlife","floor":11,"turns":3},{"damage":13,"enemies":"Lots of Slimes","floor":13,"turns":6},{"damage":51,"enemies":"Hexaghost","floor":16,"turns":15},{"damage":6,"enemies":"3 Byrds","floor":18,"turns":6},{"damage":23,"enemies":"Spheric Guardian","floor":19,"turns":5},{"damage":10,"enemies":"Snake Plant","floor":21,"turns":5},{"damage":3,"enemies":"Book of Stabbing","floor":24,"turns":8},{"damage":12,"enemies":"Snecko","floor":25,"turns":6},{"damage":2,"enemies":"Centurion and Healer","floor":27,"turns":10},{"damage":47,"enemies":"Cultist and Chosen","floor":30,"turns":11},{"damage":8,"enemies":"Champ","floor":33,"turns":12},{"damage":11,"enemies":"3 Darklings","floor":35,"turns":15},{"damage":1,"enemies":"Orb Walker","floor":36,"turns":6},{"damage":11,"enemies":"3 Darklings","floor":37,"turns":23},{"damage":12,"enemies":"Maw","floor":38,"turns":15},{"damage":19,"enemies":"Spire Growth","floor":39,"turns":8},{"damage":53,"enemies":"4 Shapes","floor":41,"turns":11},{"damage":0,"enemies":"Maw","floor":42,"turns":10},{"damage":0,"enemies":"Giant Head","floor":45,"turns":9},{"damage":7,"enemies":"Spire Growth","floor":46,"turns":4},{"damage":92,"enemies":"Transient","floor":47,"turns":4}],"relics_obtained":[{"floor":5,"key":"Boot"},{"floor":6,"key":"Smiling Mask"},{"floor":9,"key":"Frozen Egg 2"},{"floor":10,"key":"Singing Bowl"},{"floor":24,"key":"Potion Belt"},{"floor":26,"key":"Question Card"},{"floor":43,"key":"Dead Branch"},{"floor":45,"key":"Whetstone"}],"event_choices":[{"event_name":"Scrap Ooze","player_choice":"success","floor":3,"damage_taken":25},{"event_name":"Golden Wing","player_choice":"Card Removal","floor":4,"damage_taken":0},{"event_name":"Addict","player_choice":"Obtained Relic","floor":20,"damage_taken":0},{"event_name":"Purifier","player_choice":"One Purge","floor":31,"damage_taken":0}],"boss_relics":[{"not_picked":["Snecko Eye","Calling Bell"],"picked":"Sozu"},{"not_picked":["Tiny House","Pandora\u0027s Box"],"picked":"Black Blood"}],"items_purged_floors":[14,22,28,44],"potions_floor_spawned":[2,7,10,13,18,24,25,33,35,39,42,46],"seed_played":"5800480785892996981","killed_by":"Transient","ascension_level":10,"potions_obtained":[{"floor":2,"key":"SkillPotion"},{"floor":7,"key":"Weak Potion"},{"floor":10,"key":"Energy Potion"},{"floor":13,"key":"Poison Potion"}],"is_trial":false}