{"gold_per_floor":[368,368,368,8,8,34,51,51,51,51,113,113,113,113,113,213,213,226,241,252,252,266,266,283,283],"floor_reached":25,"playtime":1988,"items_purged":["Regret"],"score":269,"play_id":"f584b1a4-4990-43d3-8e2d-3f7f0f9cfd16","local_time":"20190802200416","is_ascension_mode":true,"campfire_choices":[{"data":"Evolve","floor":8,"key":"SMITH"},{"floor":10,"key":"REST"},{"floor":12,"key":"REST"},{"floor":15,"key":"REST"},{"floor":23,"key":"REST"}],"neow_cost":"TEN_PERCENT_HP_LOSS","seed_source_timestamp":1926355492536320,"circlet_count":0,"master_deck":["Strike_R+1","Strike_R","Strike_R","Strike_R","Defend_R","Defend_R","Defend_R","Bash","True Grit+1","Evolve+1","Shrug It Off+1","Entrench+1","Headbutt","Warcry+1","Inflame","Limit Break+1","Sentinel+1","Cleave","Clothesline+1","Heavy Blade","Wild Strike"],"relics":["Burning Blood","Toxic Egg 2","Omamori","Dream Catcher","Vajra","Tiny Chest","Cursed Key","Art of War"],"potions_floor_usage":[4],"damage_taken":[{"damage":9,"enemies":"2 Louse","floor":1,"turns":4},{"damage":18,"enemies":"3 Sentries","floor":6,"turns":11},{"damage":0,"enemies":"Small Slimes","floor":7,"turns":3},{"damage":38,"enemies":"Lagavulin","floor":11,"turns":9},{"damage":47,"enemies":"The Guardian","floor":16,"turns":14},{"damage":5,"enemies":"Shell Parasite","floor":18,"turns":7},{"damage":43,"enemies":"3 Byrds","floor":19,"turns":17},{"damage":11,"enemies":"Centurion and Healer","floor":20,"turns":6},{"damage":34,"enemies":"3 Cultists","floor":22,"turns":6},{"damage":15,"enemies":"Snake Plant","floor":24,"turns":5},{"damage":24,"enemies":"Gremlin Leader","floor":25,"turns":1}],"seed_played":"7776797872802615717","potions_obtained":[{"floor":16,"key":"Strength Potion"},{"floor":19,"key":"FearPotion"},{"floor":24,"key":"PowerPotion"}],"is_trial":false,"path_per_floor":["M","?","?","$","?","E","M","R","T","R","E","R","?","?","R","B",null,"M","M","M","?","M","R","M","E"],"character_chosen":"IRONCLAD","items_purchased":["Fruit Juice","Evolve","Omamori"],"campfire_rested":4,"item_purchase_floors":[4,4,4],"current_hp_per_floor":[69,55,55,60,60,48,54,54,54,77,45,68,61,54,77,36,77,77,40,35,35,7,30,21,0],"gold":283,"neow_bonus":"TWO_FIFTY_GOLD","is_prod":false,"is_daily":false,"chose_seed":false,"campfire_upgraded":1,"win_rate":0,"timestamp":1564765456,"path_taken":["M","?","?","$","?","E","?","R","T","R","E","R","?","?","R","BOSS","M","?","?","?","M","R","?","E"],"build_version":"2019-07-17","purchased_purges":1,"victory":false,"max_hp_per_floor":[72,72,72,77,77,77,77,77,77,77,77,77,77,77,77,77,77,77,77,77,77,77,77,77,77],"card_choices":[{"not_picked":["Sword Boomerang","Clothesline"],"picked":"True Grit","floor":1},{"not_picked":["Carnage","Intimidate+1"],"picked":"Shrug It Off+1","floor":6},{"not_picked":["Sword Boomerang","Anger"],"picked":"Entrench+1","floor":7},{"not_picked":["Cleave","Pommel Strike"],"picked":"Headbutt","floor":10},{"not_picked":["Feel No Pain","Burning Pact+1","Evolve"],"picked":"SKIP","floor":11},{"not_picked":["Clothesline","Brutality"],"picked":"Warcry+1","floor":12},{"not_picked":["Corruption","Perfected Strike"],"picked":"Inflame","floor":15},{"not_picked":["Exhume+1","Fiend Fire"],"picked":"Limit Break+1","floor":16},{"not_picked":["Body Slam","Carnage"],"picked":"Sentinel+1","floor":18},{"not_picked":["Warcry+1","Burning Pact+1"],"picked":"Cleave","floor":19},{"not_picked":["Sever Soul","Perfected Strike"],"picked":"Clothesline+1","floor":20},{"not_picked":["Reckless Charge+1","Perfected Strike"],"picked":"Heavy Blade","floor":22},{"not_picked":["Whirlwind+1","Bloodletting+1"],"picked":"Wild Strike","floor":24}],"player_experience":159992,"relics_obtained":[{"floor":6,"key":"Dream Catcher"},{"floor":9,"key":"Vajra"},{"floor":11,"key":"Tiny Chest"}],"event_choices":[{"damage_healed":0,"gold_gain":0,"player_choice":"Entered Light","damage_taken":14,"max_hp_gain":0,"max_hp_loss":0,"event_name":"Shining Light","floor":2,"gold_loss":0,"cards_upgraded":["Strike_R","True Grit"]},{"damage_healed":0,"gold_gain":0,"player_choice":"Box","damage_taken":0,"relics_obtained":["Toxic Egg 2"],"max_hp_gain":0,"max_hp_loss":0,"event_name":"Big Fish","floor":3,"gold_loss":0,"cards_obtained":["Regret"]},{"cards_removed":["Strike_R"],"damage_healed":0,"gold_gain":0,"player_choice":"Offered Basic","damage_taken":0,"max_hp_gain":0,"max_hp_loss":0,"event_name":"Bonfire Elementals","floor":5,"gold_loss":0},{"cards_removed":["Defend_R"],"damage_healed":0,"gold_gain":0,"player_choice":"Card Removal","damage_taken":7,"max_hp_gain":0,"max_hp_loss":0,"event_name":"Golden Wing","floor":13,"gold_loss":0},{"damage_healed":0,"gold_gain":0,"player_choice":"Damaged","damage_taken":7,"max_hp_gain":0,"max_hp_loss":0,"event_name":"Wheel of Change","floor":14,"gold_loss":0},{"damage_healed":0,"gold_gain":0,"player_choice":"Gave Potion","damage_taken":0,"relics_obtained":["Art of War"],"max_hp_gain":0,"max_hp_loss":0,"event_name":"WeMeetAgain","floor":21,"gold_loss":0}],"is_beta":false,"boss_relics":[{"not_picked":["Runic Pyramid","White Beast Statue"],"picked":"Cursed Key"}],"items_purged_floors":[4],"is_endless":false,"potions_floor_spawned":[16,19,24],"killed_by":"Gremlin Leader","ascension_level":3}