{"path_per_floor":["M","?","?","$","?","R","M","M","T","?","M","E","T","M","R","B",null,"M","$","M","?","M","R","T","R","T","M"],"character_chosen":"IRONCLAD","items_purchased":["Inflame","Battle Trance","Lantern","Ancient Tea Set"],"gold_per_floor":[116,116,116,2,2,2,15,33,115,115,133,163,233,245,245,316,316,336,37,48,48,61,61,61,61,111,126,126],"floor_reached":28,"campfire_rested":1,"playtime":884,"item_purchase_floors":[4,4,19,19],"current_hp_per_floor":[59,59,45,45,45,45,51,55,55,55,58,33,33,37,37,32,59,49,49,33,33,19,19,19,39,39,24,0],"items_purged":[],"gold":126,"score":371,"play_id":"94f388b1-8c65-4721-84bd-56db1cfbce28","local_time":"20180527145655","is_prod":false,"is_daily":false,"chose_seed":false,"is_ascension_mode":true,"campfire_upgraded":3,"win_rate":0,"timestamp":1527429415,"campfire_choices":[{"data":"Inflame","floor":6,"key":"SMITH"},{"data":"Sword Boomerang","floor":15,"key":"SMITH"},{"data":"Warcry","floor":23,"key":"SMITH"},{"floor":25,"key":"REST"}],"path_taken":["M","?","?","$","?","R","M","M","T","?","?","E","?","M","R","BOSS","M","$","M","?","?","R","?","R","T","M","?"],"build_version":"2018-05-25","seed_source_timestamp":167114810651894,"purchased_purges":0,"victory":false,"master_deck":["Strike_R+1","Strike_R","Strike_R+1","Defend_R","Defend_R","Defend_R","Defend_R","AscendersBane","Uppercut+1","Inflame+1","Battle Trance","Warcry+1","Inflame","Seeing Red","Thunderclap","Sword Boomerang+1","Demon Form","Feel No Pain","True Grit+1","Warcry"],"max_hp_per_floor":[68,68,68,68,68,68,68,68,68,68,68,68,68,68,68,68,68,68,68,68,68,68,68,68,68,68,68,68],"relics":["Burning Blood","Pantograph","Vajra","Self Forming Clay","Velvet Choker","Lantern","Ancient Tea Set","Toolbox","Pen Nib"],"card_choices":[{"not_picked":["Infernal Blade","Combust"],"picked":"Uppercut","floor":1},{"not_picked":["Body Slam","Burning Pact"],"picked":"Warcry","floor":7},{"not_picked":["Warcry","Heavy Blade","Anger"],"picked":"SKIP","floor":8},{"not_picked":["Rupture","Warcry"],"picked":"Seeing Red","floor":11},{"not_picked":["Sever Soul","Flex"],"picked":"Thunderclap","floor":12},{"not_picked":["Perfected Strike","Iron Wave"],"picked":"Sword Boomerang","floor":14},{"not_picked":["Bludgeon","Double Tap"],"picked":"Demon Form","floor":16},{"not_picked":["Second Wind","Flex"],"picked":"Feel No Pain","floor":18},{"not_picked":["Iron Wave","Entrench"],"picked":"True Grit","floor":20},{"not_picked":["Wild Strike","Headbutt+1"],"picked":"Warcry","floor":22},{"not_picked":["Body Slam","Uppercut","Pommel Strike"],"picked":"SKIP","floor":27}],"player_experience":630732,"potions_floor_usage":[12,22,28,28],"damage_taken":[{"damage":15,"enemies":"Cultist","floor":1,"turns":5},{"damage":0,"enemies":"2 Louse","floor":7,"turns":2},{"damage":2,"enemies":"Jaw Worm","floor":8,"turns":3},{"damage":3,"enemies":"3 Louse","floor":11,"turns":3},{"damage":31,"enemies":"Gremlin Nob","floor":12,"turns":4},{"damage":2,"enemies":"2 Fungi Beasts","floor":14,"turns":4},{"damage":36,"enemies":"Hexaghost","floor":16,"turns":8},{"damage":16,"enemies":"Shell Parasite","floor":18,"turns":4},{"damage":22,"enemies":"2 Thieves","floor":20,"turns":3},{"damage":26,"enemies":"Centurion and Healer","floor":22,"turns":4},{"damage":21,"enemies":"Chosen and Byrds","floor":27,"turns":4},{"damage":27,"enemies":"Masked Bandits","floor":28,"turns":3}],"relics_obtained":[{"floor":9,"key":"Pantograph"},{"floor":12,"key":"Vajra"},{"floor":13,"key":"Self Forming Clay"},{"floor":24,"key":"Toolbox"},{"floor":26,"key":"Pen Nib"}],"event_choices":[{"event_name":"Upgrade Shrine","player_choice":"Upgraded","floor":2,"damage_taken":0},{"event_name":"Shining Light","player_choice":"Entered Light","floor":3,"damage_taken":0},{"event_name":"Liars Game","player_choice":"disagreed","floor":5,"damage_taken":0},{"event_name":"Transmorgrifier","player_choice":"Transform","floor":10,"damage_taken":0},{"event_name":"Upgrade Shrine","player_choice":"Upgraded","floor":21,"damage_taken":0},{"event_name":"Masked Bandits","player_choice":"Fought over 126 gold","floor":28,"damage_taken":0}],"boss_relics":[{"not_picked":["Eternal Feather","Runic Pyramid"],"picked":"Velvet Choker"}],"items_purged_floors":[],"potions_floor_spawned":[1,12,16,20],"seed_played":"2063736747043526415","killed_by":"Masked Bandits","ascension_level":14,"potions_obtained":[{"floor":1,"key":"AttackPotion"},{"floor":12,"key":"SpeedPotion"},{"floor":16,"key":"BloodPotion"},{"floor":20,"key":"FearPotion"}],"is_trial":false}