{"gold_per_floor":[112,129,146,106,52,52,81,81,104,104,116,151,162,172,172,243,243,256,266,266,27,44,44,44,44,44,44,70,70,70,81,81,81],"floor_reached":33,"playtime":1365,"items_purged":[],"score":550,"play_id":"50ef3fcd-f2fa-47e4-8884-adc494d4d3a3","local_time":"20181015135603","is_ascension_mode":true,"campfire_choices":[{"data":"Streamline","floor":6.0,"key":"SMITH"},{"data":"Go for the Eyes","floor":8.0,"key":"SMITH"},{"data":"Compile Driver","floor":10.0,"key":"SMITH"},{"data":"Defragment","floor":15.0,"key":"SMITH"},{"data":"Buffer","floor":23.0,"key":"SMITH"},{"data":"Coolheaded","floor":24.0,"key":"SMITH"},{"data":"Dualcast","floor":25.0,"key":"SMITH"},{"data":"Ball Lightning","floor":27.0,"key":"SMITH"},{"floor":32,"key":"REST"}],"neow_cost":"NONE","seed_source_timestamp":397809876450027,"circlet_count":0,"master_deck":["Strike_B","Strike_B","Defend_B","Defend_B","Defend_B","Defend_B","Zap+1","Dualcast+1","AscendersBane","Streamline+1","BootSequence","Go for the Eyes+1","Compile Driver+1","Coolheaded+1","Ball Lightning+1","Cold Snap","Defragment+1","Conserve Battery","Buffer+1","Chaos+1","Core Surge","Steam+1","Hologram","Decay","Rebound","Cold Snap"],"special_seed":0,"relics":["Cracked Core","Potion Belt","Art of War","Orichalcum","WingedGreaves","Inserter","Toy Ornithopter","Calipers","Dead Branch"],"potions_floor_usage":[31],"damage_taken":[{"damage":0.0,"enemies":"2 Louse","floor":1.0,"turns":3.0},{"damage":1.0,"enemies":"Cultist","floor":2.0,"turns":3.0},{"damage":2.0,"enemies":"Jaw Worm","floor":3.0,"turns":3.0},{"damage":27.0,"enemies":"3 Sentries","floor":7.0,"turns":6.0},{"damage":0.0,"enemies":"Exordium Thugs","floor":11.0,"turns":3.0},{"damage":7.0,"enemies":"Lagavulin","floor":12.0,"turns":6.0},{"damage":1.0,"enemies":"3 Louse","floor":13.0,"turns":3.0},{"damage":1.0,"enemies":"Blue Slaver","floor":14.0,"turns":2.0},{"damage":9.0,"enemies":"Hexaghost","floor":16.0,"turns":10.0},{"damage":0.0,"enemies":"Shell Parasite","floor":18.0,"turns":7.0},{"damage":5.0,"enemies":"Spheric Guardian","floor":19.0,"turns":4.0},{"damage":11.0,"enemies":"Snake Plant","floor":22.0,"turns":4.0},{"damage":57.0,"enemies":"Gremlin Leader","floor":28.0,"turns":5.0},{"damage":0,"enemies":"3 Cultists","floor":31,"turns":5},{"damage":35,"enemies":"Automaton","floor":33,"turns":4}],"seed_played":"-8806323190226807089","potions_obtained":[{"floor":3.0,"key":"Weak Potion"},{"floor":4.0,"key":"Ancient Potion"},{"floor":4.0,"key":"Fruit Juice"},{"floor":4.0,"key":"GamblersBrew"},{"floor":13.0,"key":"LiquidBronze"},{"floor":14.0,"key":"GamblersBrew"},{"floor":16.0,"key":"SkillPotion"},{"floor":28.0,"key":"FearPotion"}],"is_trial":false,"path_per_floor":["M","M","M","?","$","R","E","R","T","R","M","E","M","M","R","B",null,"M","M","?","$","M","R","R","R","T","R","E","?","?","M","R"],"character_chosen":"DEFECT","items_purchased":["Compile Driver","Toy Ornithopter"],"campfire_rested":1,"item_purchase_floors":[5,21],"current_hp_per_floor":[64,63,61,66,66,66,39,39,39,39,39,32,31,30,30,21,62,62,57,57,57,51,51,51,51,51,51,4,4,4,9,31,0],"gold":81,"neow_bonus":"RANDOM_COMMON_RELIC","is_prod":false,"is_daily":false,"chose_seed":false,"campfire_upgraded":8,"win_rate":0,"timestamp":1539608163,"path_taken":["M","M","M","?","$","R","E","R","T","R","M","E","?","?","R","BOSS","M","M","?","$","M","R","R","R","T","R","E","?","?","M","R","BOSS"],"build_version":"2018-10-11","purchased_purges":0,"victory":false,"max_hp_per_floor":[71,71,71,76,76,76,76,76,76,76,76,76,76,76,76,76,76,76,76,76,76,76,76,76,76,76,76,76,76,76,76,76,76],"card_choices":[{"not_picked":["Coolheaded","Steam"],"picked":"Streamline","floor":1.0},{"not_picked":["Barrage","Recycle"],"picked":"BootSequence","floor":2.0},{"not_picked":["Stack","Beam Cell"],"picked":"Go for the Eyes","floor":3.0},{"not_picked":["Rip and Tear","Skim"],"picked":"Coolheaded","floor":7.0},{"not_picked":["Self Repair","Hologram"],"picked":"Ball Lightning","floor":11.0},{"not_picked":["Aggregate","Amplify"],"picked":"Cold Snap","floor":12.0},{"not_picked":["Tempest","Ball Lightning"],"picked":"Defragment","floor":13.0},{"not_picked":["Chill","Rebound"],"picked":"Conserve Battery","floor":14.0},{"not_picked":["Seek","Meteor Strike"],"picked":"Buffer","floor":16.0},{"not_picked":["Loop+1","Rebound+1"],"picked":"Chaos+1","floor":18.0},{"not_picked":["Gash","Coolheaded"],"picked":"Core Surge","floor":19.0},{"not_picked":["Double Energy","Beam Cell"],"picked":"Steam+1","floor":22.0},{"not_picked":["Auto Shields","Ball Lightning"],"picked":"Hologram","floor":28.0},{"not_picked":["Streamline","Coolheaded","Blizzard"],"picked":"SKIP","floor":31}],"player_experience":1474720,"relics_obtained":[{"floor":7.0,"key":"Art of War"},{"floor":9.0,"key":"Orichalcum"},{"floor":12.0,"key":"WingedGreaves"},{"floor":26.0,"key":"Calipers"},{"floor":28.0,"key":"Dead Branch"}],"event_choices":[{"event_name":"The Woman in Blue","player_choice":"Bought 3 Potions","floor":4.0,"damage_taken":0.0},{"event_name":"Upgrade Shrine","player_choice":"Upgraded","floor":20.0,"damage_taken":0.0},{"event_name":"Forgotten Altar","player_choice":"Smashed Altar","floor":29.0,"damage_taken":0.0},{"event_name":"Drug Dealer","player_choice":"Became Test Subject","floor":30.0,"damage_taken":0.0}],"is_beta":true,"boss_relics":[{"not_picked":["Runic Pyramid","Black Star"],"picked":"Inserter"}],"items_purged_floors":[],"is_endless":false,"potions_floor_spawned":[3,13,14,16,28],"killed_by":"Automaton","ascension_level":20}