{"gold_per_floor":[116,116,41,41,57,84,84,13,39,96,96,109,127,153,153,248,248,263,263,263,280,280,280,294,310,310,310],"floor_reached":27,"playtime":1819,"items_purged":["Defend_B"],"score":246,"play_id":"72bbf0c1-f849-4840-8e22-4a2699da665e","local_time":"20190811141404","is_ascension_mode":false,"campfire_choices":[{"floor":7.0,"key":"REST"},{"data":"Buffer","floor":11.0,"key":"SMITH"},{"floor":15.0,"key":"REST"},{"floor":23.0,"key":"REST"}],"neow_cost":"NONE","seed_source_timestamp":0,"circlet_count":0,"master_deck":["Defend_B","Defend_B","Defend_B","Zap","Dualcast","Buffer+1","Tempest","Doom and Gloom","Loop","Loop","White Noise","Self Repair","Rainbow","Compile Driver","Consume","Meteor Strike","Bite","Bite","Bite","Bite","Bite"],"special_seed":0,"relics":["Cracked Core","Sundial","Shuriken","Strawberry","Pear","Pantograph","Busted Crown","Nilry\u0027s Codex","Gremlin Horn"],"potions_floor_usage":[27],"damage_taken":[{"damage":0.0,"enemies":"Jaw Worm","floor":1.0,"turns":3.0},{"damage":5.0,"enemies":"Small Slimes","floor":5.0,"turns":3.0},{"damage":32.0,"enemies":"Gremlin Nob","floor":6.0,"turns":5.0},{"damage":16.0,"enemies":"Gremlin Nob","floor":10.0,"turns":3.0},{"damage":8.0,"enemies":"2 Louse","floor":12.0,"turns":3.0},{"damage":12.0,"enemies":"2 Fungi Beasts","floor":13.0,"turns":3.0},{"damage":34.0,"enemies":"3 Sentries","floor":14.0,"turns":6.0},{"damage":17.0,"enemies":"Slime Boss","floor":16.0,"turns":6.0},{"damage":18.0,"enemies":"Shell Parasite","floor":18.0,"turns":5.0},{"damage":51.0,"enemies":"2 Thieves","floor":21.0,"turns":4.0},{"damage":31.0,"enemies":"Cultist and Chosen","floor":24.0,"turns":5.0},{"damage":34.0,"enemies":"3 Cultists","floor":25.0,"turns":4.0},{"damage":23,"enemies":"Masked Bandits","floor":27,"turns":2}],"seed_played":"6473127712599779052","potions_obtained":[{"floor":5.0,"key":"Weak Potion"},{"floor":10.0,"key":"Energy Potion"},{"floor":12.0,"key":"SpeedPotion"},{"floor":16.0,"key":"FocusPotion"},{"floor":18.0,"key":"FairyPotion"},{"floor":25.0,"key":"Swift Potion"}],"is_trial":false,"path_per_floor":["M","?","$","?","M","E","R","$","T","?","R","M","M","E","R","B",null,"M","?","?","M","?","R","M","M","T","?"],"character_chosen":"DEFECT","items_purchased":["Loop"],"campfire_rested":3,"item_purchase_floors":[8],"current_hp_per_floor":[75,68,68,73,68,36,60,60,67,61,61,53,41,7,36,44,97,86,70,70,26,26,46,24,13,13,0],"gold":310,"neow_bonus":"ONE_RANDOM_RARE_CARD","is_prod":false,"is_daily":false,"chose_seed":false,"campfire_upgraded":1,"win_rate":0.0,"timestamp":1565558044,"path_taken":["M","?","$","?","M","E","R","$","T","?","R","M","M","E","R","BOSS","M","?","?","M","?","R","M","M","T","?"],"build_version":"2019-07-17","purchased_purges":1,"victory":false,"max_hp_per_floor":[75,75,75,80,80,80,80,80,87,97,97,97,97,97,97,97,97,97,97,97,97,67,67,67,67,67,67],"card_choices":[{"not_picked":["Hologram","Scrape"],"picked":"Tempest","floor":1.0},{"not_picked":["Leap","Force Field"],"picked":"Doom and Gloom","floor":5.0},{"not_picked":["Steam","Stack","Compile Driver"],"picked":"SKIP","floor":6.0},{"not_picked":["Coolheaded","Rebound"],"picked":"Loop","floor":10.0},{"not_picked":["Redo","Chill"],"picked":"White Noise","floor":12.0},{"not_picked":["Stack","Steam Power","Loop"],"picked":"SKIP","floor":13.0},{"not_picked":["Rip and Tear","Heatsinks"],"picked":"Self Repair","floor":14.0},{"not_picked":["Echo Form","Meteor Strike"],"picked":"Rainbow","floor":16.0},{"not_picked":[],"picked":"Compile Driver","floor":18.0},{"not_picked":["Heatsinks+1"],"picked":"SKIP","floor":21.0},{"not_picked":["Leap"],"picked":"SKIP","floor":24.0},{"not_picked":["Hologram"],"picked":"SKIP","floor":25.0}],"player_experience":71590,"relics_obtained":[{"floor":6.0,"key":"Shuriken"},{"floor":9.0,"key":"Strawberry"},{"floor":10.0,"key":"Pear"},{"floor":14.0,"key":"Pantograph"},{"floor":19.0,"key":"Nilry\u0027s Codex"},{"floor":26,"key":"Gremlin Horn"}],"event_choices":[{"damage_healed":0.0,"max_hp_gain":0.0,"max_hp_loss":0.0,"gold_gain":0.0,"event_name":"Scrap Ooze","player_choice":"Success","floor":2.0,"gold_loss":0.0,"damage_taken":7.0,"relics_obtained":["Sundial"]},{"damage_healed":0.0,"max_hp_gain":5.0,"max_hp_loss":0.0,"gold_gain":0.0,"event_name":"Big Fish","player_choice":"Donut","floor":4.0,"gold_loss":0.0,"damage_taken":0.0},{"damage_healed":0.0,"max_hp_gain":0.0,"max_hp_loss":0.0,"gold_gain":0.0,"event_name":"Dead Adventurer","player_choice":"Searched \u00272\u0027 times","floor":10.0,"gold_loss":0.0,"damage_taken":0.0},{"damage_healed":0.0,"max_hp_gain":0.0,"max_hp_loss":0.0,"gold_gain":0.0,"event_name":"Cursed Tome","player_choice":"Obtained Book","floor":19.0,"gold_loss":0.0,"damage_taken":16.0},{"damage_healed":0.0,"max_hp_gain":0.0,"max_hp_loss":0.0,"gold_gain":0.0,"cards_transformed":["Strike_B","Strike_B"],"event_name":"Drug Dealer","player_choice":"Became Test Subject","floor":20.0,"gold_loss":0.0,"damage_taken":0.0,"cards_obtained":["Consume","Meteor Strike"]},{"damage_healed":0.0,"max_hp_gain":0.0,"max_hp_loss":30.0,"gold_gain":0.0,"event_name":"Vampires","player_choice":"Became a vampire","floor":22.0,"gold_loss":0.0,"damage_taken":0.0,"cards_obtained":["Bite","Bite","Bite","Bite","Bite"]},{"damage_healed":0,"gold_gain":0,"player_choice":"Fought Bandits","damage_taken":0,"max_hp_gain":0,"max_hp_loss":0,"event_name":"Masked Bandits","floor":27,"gold_loss":0}],"is_beta":false,"boss_relics":[{"not_picked":["Calling Bell","Eternal Feather"],"picked":"Busted Crown"}],"items_purged_floors":[3],"is_endless":false,"potions_floor_spawned":[5,10,12,16,18,25],"killed_by":"Masked Bandits","ascension_level":0}