{"gold_per_floor":[119,119,194,369,25,59,59,79,79,79,79,96,114,132,132,132],"floor_reached":16,"playtime":914,"items_purged":["Doubt"],"score":100,"play_id":"7b29bc6e-d57c-45cc-a9d8-58961053ac63","local_time":"20190819153233","is_ascension_mode":false,"campfire_choices":[{"floor":7,"key":"REST"},{"data":"Hologram","floor":10,"key":"SMITH"},{"floor":15,"key":"REST"}],"neow_cost":"NONE","seed_source_timestamp":12670793740106,"circlet_count":0,"master_deck":["Strike_B","Strike_B","Strike_B","Defend_B","Defend_B","Defend_B","Defend_B","Zap","Dualcast","Meteor Strike","Compile Driver","Turbo","Secret Weapon","Hologram+1","Turbo","Ball Lightning"],"relics":["Cracked Core","Darkstone Periapt","The Courier"],"potions_floor_usage":[13],"damage_taken":[{"damage":1,"enemies":"Jaw Worm","floor":1,"turns":3},{"damage":50,"enemies":"Gremlin Nob","floor":6,"turns":5},{"damage":0,"enemies":"2 Louse","floor":8,"turns":2},{"damage":0,"enemies":"Small Slimes","floor":12,"turns":3},{"damage":15,"enemies":"Exordium Thugs","floor":13,"turns":5},{"damage":18,"enemies":"Large Slime","floor":14,"turns":5},{"damage":27,"enemies":"Slime Boss","floor":16,"turns":4}],"seed_played":"7478389155646880764","potions_obtained":[{"floor":6,"key":"Ancient Potion"},{"floor":12,"key":"SpeedPotion"},{"floor":14,"key":"SpeedPotion"}],"is_trial":false,"path_per_floor":["M","?","?","?","$","E","R","M","T","R","?","M","M","M","R","B"],"character_chosen":"DEFECT","items_purchased":["Turbo","Secret Weapon","Hologram"],"campfire_rested":2,"item_purchase_floors":[5,5,5],"current_hp_per_floor":[74,74,63,63,63,13,35,35,35,35,35,35,20,2,24,0],"gold":132,"neow_bonus":"TRANSFORM_CARD","is_prod":false,"is_daily":false,"chose_seed":false,"campfire_upgraded":1,"win_rate":0,"timestamp":1566253953,"path_taken":["M","?","?","?","?","E","R","M","T","R","?","M","?","M","R","BOSS"],"build_version":"2019-07-17","purchased_purges":1,"victory":false,"max_hp_per_floor":[75,75,75,75,75,75,75,75,75,75,75,75,75,75,75,75],"card_choices":[{"not_picked":["Go for the Eyes","Streamline"],"picked":"Compile Driver","floor":1},{"not_picked":["Stack","Doom and Gloom","Steam"],"picked":"SKIP","floor":6},{"not_picked":["Aggregate","White Noise","BootSequence"],"picked":"SKIP","floor":8},{"not_picked":["Recycle","Beam Cell"],"picked":"Turbo","floor":12},{"not_picked":["Undo","Streamline","Go for the Eyes"],"picked":"SKIP","floor":13},{"not_picked":["Darkness","Consume"],"picked":"Ball Lightning","floor":14}],"player_experience":165862,"relics_obtained":[{"floor":6,"key":"Darkstone Periapt"}],"event_choices":[{"damage_healed":0,"gold_gain":0,"player_choice":"Fled","damage_taken":0,"max_hp_gain":0,"max_hp_loss":0,"event_name":"Scrap Ooze","floor":2,"gold_loss":0},{"damage_healed":0,"gold_gain":75,"player_choice":"Gather Gold","damage_taken":11,"max_hp_gain":0,"max_hp_loss":0,"event_name":"World of Goop","floor":3,"gold_loss":0},{"damage_healed":0,"gold_gain":175,"player_choice":"AGREE","damage_taken":0,"max_hp_gain":0,"max_hp_loss":0,"event_name":"Liars Game","floor":4,"gold_loss":0,"cards_obtained":["Doubt"]},{"damage_healed":0,"gold_gain":0,"player_choice":"Gave Potion","damage_taken":0,"relics_obtained":["The Courier"],"max_hp_gain":0,"max_hp_loss":0,"event_name":"WeMeetAgain","floor":11,"gold_loss":0}],"is_beta":false,"boss_relics":[],"items_purged_floors":[5],"is_endless":false,"potions_floor_spawned":[6,12,14],"killed_by":"Slime Boss","ascension_level":0}