{"gold_per_floor":[112,129,129,144,144,144,173,173,225,225,257,257,11,40,40,116,116,136,148,73,90,108,108,108],"floor_reached":24,"playtime":972,"items_purged":["Strike_B"],"score":428,"play_id":"2572e851-b3aa-4b8b-bc65-b78f6b2344eb","local_time":"20181022155109","is_ascension_mode":true,"campfire_choices":[{"data":"Ball Lightning","floor":6.0,"key":"SMITH"},{"data":"Cold Snap","floor":8.0,"key":"SMITH"},{"floor":10.0,"key":"REST"},{"floor":15.0,"key":"REST"},{"floor":23.0,"key":"REST"}],"neow_cost":"NONE","seed_source_timestamp":1010150993895674,"circlet_count":0,"master_deck":["Strike_B","Strike_B","Defend_B","Defend_B","Defend_B","Defend_B","Zap+1","Dualcast","AscendersBane","Cold Snap+1","Beam Cell+1","Ball Lightning+1","Capacitor+1","Creative AI","Electrodynamics","Cold Snap+1","Conserve Battery","Compile Driver","Leap+1","Core Surge","All For One"],"special_seed":0,"relics":["Cracked Core","Dream Catcher","Prayer Wheel","Ancient Tea Set","Bag of Preparation","Centennial Puzzle","Blood Vial","Snecko Eye"],"potions_floor_usage":[],"damage_taken":[{"damage":1.0,"enemies":"Small Slimes","floor":1.0,"turns":3.0},{"damage":7.0,"enemies":"Jaw Worm","floor":2.0,"turns":3.0},{"damage":0.0,"enemies":"Cultist","floor":4.0,"turns":3.0},{"damage":16.0,"enemies":"Lagavulin","floor":7.0,"turns":6.0},{"damage":34.0,"enemies":"3 Sentries","floor":11.0,"turns":7.0},{"damage":9.0,"enemies":"Gremlin Nob","floor":14.0,"turns":3.0},{"damage":32.0,"enemies":"The Guardian","floor":16.0,"turns":10.0},{"damage":18.0,"enemies":"3 Byrds","floor":18.0,"turns":3.0},{"damage":0.0,"enemies":"Chosen","floor":19.0,"turns":3.0},{"damage":2.0,"enemies":"Sentry and Sphere","floor":21.0,"turns":3.0},{"damage":27.0,"enemies":"Snake Plant","floor":22.0,"turns":3.0},{"damage":43,"enemies":"Book of Stabbing","floor":24,"turns":4}],"seed_played":"4395582067071684746","potions_obtained":[{"floor":2.0,"key":"SkillPotion"},{"floor":7.0,"key":"FocusPotion"},{"floor":14.0,"key":"GamblersBrew"},{"floor":19.0,"key":"AttackPotion"}],"is_trial":false,"path_per_floor":["M","M","?","M","?","R","E","R","T","R","E","?","$","E","R","B",null,"M","M","?","M","M","R"],"character_chosen":"DEFECT","items_purchased":["Centennial Puzzle"],"campfire_rested":3,"item_purchase_floors":[13],"current_hp_per_floor":[63,56,56,56,56,56,40,40,40,61,27,27,27,18,39,9,56,40,42,42,42,17,38,0],"gold":108,"neow_bonus":"UPGRADE_CARD","is_prod":false,"is_daily":false,"chose_seed":false,"campfire_upgraded":2,"win_rate":0,"timestamp":1540219869,"path_taken":["M","M","?","M","?","R","E","R","T","R","E","?","$","E","R","BOSS","M","M","?","M","?","R","E"],"build_version":"2018-10-19","purchased_purges":1,"victory":false,"max_hp_per_floor":[71,71,71,71,71,71,71,71,71,71,71,71,71,71,71,71,71,71,71,71,71,71,71,71],"card_choices":[{"not_picked":["Coolheaded","Turbo"],"picked":"Cold Snap","floor":1.0},{"not_picked":["Aggregate","Coolheaded"],"picked":"Beam Cell","floor":2.0},{"not_picked":["Glacier","Chaos"],"picked":"Ball Lightning","floor":4.0},{"not_picked":["Streamline","Stack","Hyperbeam"],"picked":"SKIP","floor":7.0},{"not_picked":["Streamline","Ball Lightning"],"picked":"Capacitor","floor":11.0},{"not_picked":["Stack","Barrage"],"picked":"Creative AI","floor":14.0},{"not_picked":["Meteor Strike","Thunder Strike"],"picked":"Electrodynamics","floor":16.0},{"not_picked":["Steam","Stack+1"],"picked":"Cold Snap+1","floor":18.0},{"not_picked":["Stack","Darkness+1","Loop"],"picked":"SKIP","floor":18.0},{"not_picked":["Cold Snap","Go for the Eyes"],"picked":"Conserve Battery","floor":19.0},{"not_picked":["Loop+1","Steam Power"],"picked":"Compile Driver","floor":19.0},{"not_picked":["Genetic Algorithm","Barrage"],"picked":"Leap+1","floor":21.0},{"not_picked":["Stack","Capacitor"],"picked":"Core Surge","floor":21.0},{"not_picked":["Streamline","Melter","Go for the Eyes"],"picked":"SKIP","floor":22.0},{"not_picked":["Gash","Hello World","Go for the Eyes"],"picked":"SKIP","floor":22.0},{"not_picked":["Force Field","Gash"],"picked":"All For One","floor":23.0}],"player_experience":1512037,"relics_obtained":[{"floor":7.0,"key":"Prayer Wheel"},{"floor":9.0,"key":"Ancient Tea Set"},{"floor":11.0,"key":"Bag of Preparation"},{"floor":14.0,"key":"Blood Vial"}],"event_choices":[{"damage_healed":0.0,"max_hp_gain":0.0,"max_hp_loss":0.0,"gold_gain":0.0,"event_name":"Living Wall","player_choice":"Grow","floor":3.0,"gold_loss":0.0,"damage_taken":0.0,"cards_upgraded":["Beam Cell"]},{"damage_healed":0.0,"max_hp_gain":0.0,"max_hp_loss":0.0,"gold_gain":0.0,"event_name":"WeMeetAgain","player_choice":"Gave Potion","floor":5.0,"gold_loss":0.0,"damage_taken":0.0,"relics_obtained":["Dream Catcher"]},{"damage_healed":0.0,"max_hp_gain":0.0,"max_hp_loss":0.0,"gold_gain":0.0,"event_name":"Upgrade Shrine","player_choice":"Upgraded","floor":12.0,"gold_loss":0.0,"damage_taken":0.0,"cards_upgraded":["Capacitor"]},{"cards_removed":["Strike_B"],"damage_healed":0.0,"max_hp_gain":0.0,"max_hp_loss":0.0,"gold_gain":0.0,"event_name":"Beggar","player_choice":"Gave Gold","floor":20.0,"gold_loss":75.0,"damage_taken":0.0}],"is_beta":true,"boss_relics":[{"not_picked":["Velvet Choker","Empty Cage"],"picked":"Snecko Eye"}],"items_purged_floors":[13],"is_endless":false,"potions_floor_spawned":[2,7,14,16,19],"killed_by":"Book of Stabbing","ascension_level":20}