{"gold_per_floor":[116,116,45,65,82,82,101,134,160,160,160,192,192,212,212,291,291,310,310,260,30,49,49,49],"floor_reached":24,"playtime":706,"items_purged":[],"score":408,"play_id":"5856c513-d850-4c1a-8a5e-4b9f72700b6b","local_time":"20190712030308","is_ascension_mode":true,"campfire_choices":[{"data":"Bash","floor":6.0,"key":"SMITH"},{"data":"Anger","floor":11.0,"key":"SMITH"},{"data":"Shockwave","floor":13.0,"key":"SMITH"},{"floor":15.0,"key":"REST"},{"data":"Inflame","floor":23,"key":"SMITH"}],"neow_cost":"NONE","seed_source_timestamp":0,"circlet_count":0,"master_deck":["AscendersBane","Strike_R+1","Strike_R+1","Strike_R","Strike_R","Defend_R","Defend_R","Defend_R","Defend_R","Bash+1","Shrug It Off","Disarm","Anger+1","Headbutt","Shockwave+1","Inflame+1","Bludgeon","True Grit","Ghostly","Ghostly","Ghostly"],"special_seed":0,"relics":["Burning Blood","NeowsBlessing","Bronze Scales","Dream Catcher","Lantern","Darkstone Periapt","Runic Cube","Medical Kit"],"potions_floor_usage":[16],"damage_taken":[{"damage":0.0,"enemies":"Jaw Worm","floor":1.0,"turns":1.0},{"damage":0.0,"enemies":"Cultist","floor":4.0,"turns":1.0},{"damage":0.0,"enemies":"Small Slimes","floor":5.0,"turns":1.0},{"damage":18.0,"enemies":"Exordium Thugs","floor":7.0,"turns":5.0},{"damage":14.0,"enemies":"3 Sentries","floor":8.0,"turns":9.0},{"damage":25.0,"enemies":"Lagavulin","floor":12.0,"turns":4.0},{"damage":3.0,"enemies":"2 Fungi Beasts","floor":14.0,"turns":3.0},{"damage":18,"enemies":"Slime Boss","floor":16,"turns":8},{"damage":11,"enemies":"2 Thieves","floor":18,"turns":3},{"damage":34,"enemies":"3 Byrds","floor":22,"turns":4},{"damage":13,"enemies":"Sentry and Sphere","floor":24,"turns":5}],"seed_played":"-7044275680974269489","potions_obtained":[{"floor":4.0,"key":"Strength Potion"},{"floor":5.0,"key":"PowerPotion"},{"floor":8.0,"key":"AttackPotion"},{"floor":14.0,"key":"LiquidBronze"},{"floor":18,"key":"FearPotion"}],"is_trial":false,"path_per_floor":["M","?","?","M","M","R","M","E","T","?","R","E","R","M","R","B",null,"M","?","?","$","M","R","M"],"character_chosen":"IRONCLAD","items_purchased":["Medical Kit"],"campfire_rested":1,"item_purchase_floors":[21],"current_hp_per_floor":[74,51,51,57,63,63,51,43,43,43,43,24,24,27,49,37,66,61,37,37,37,9,9,0],"gold":49,"neow_bonus":"THREE_ENEMY_KILL","is_prod":false,"is_daily":false,"chose_seed":false,"campfire_upgraded":4,"win_rate":0,"timestamp":1562896988,"path_taken":["M","?","?","M","M","R","?","E","T","?","R","E","R","M","R","BOSS","M","?","?","$","M","R","M"],"build_version":"2019-07-10","purchased_purges":0,"victory":false,"max_hp_per_floor":[75,75,75,75,75,75,75,75,75,75,75,75,75,75,75,75,75,75,37,37,37,37,37,37],"card_choices":[{"not_picked":["Flex","Perfected Strike"],"picked":"Shrug It Off","floor":1.0},{"not_picked":["Dropkick","Flex"],"picked":"Disarm","floor":4.0},{"not_picked":["Dual Wield","Dark Embrace"],"picked":"Anger","floor":5.0},{"not_picked":["Havoc","Pommel Strike"],"picked":"Headbutt","floor":7.0},{"not_picked":["Reckless Charge","Whirlwind","Iron Wave"],"picked":"SKIP","floor":8.0},{"not_picked":["Fire Breathing","Corruption"],"picked":"Shockwave","floor":12.0},{"not_picked":["Feel No Pain","Twin Strike"],"picked":"Inflame","floor":14.0},{"not_picked":["Exhume","Demon Form"],"picked":"Bludgeon","floor":16},{"not_picked":["Entrench","Wild Strike"],"picked":"True Grit","floor":18},{"not_picked":["Sever Soul","Fire Breathing","Twin Strike"],"picked":"SKIP","floor":22}],"player_experience":2192399,"relics_obtained":[{"floor":8.0,"key":"Dream Catcher"},{"floor":9.0,"key":"Lantern"},{"floor":12.0,"key":"Darkstone Periapt"}],"event_choices":[{"damage_healed":0.0,"max_hp_gain":0.0,"max_hp_loss":0.0,"gold_gain":0.0,"event_name":"Shining Light","player_choice":"Entered Light","floor":2.0,"gold_loss":0.0,"damage_taken":23.0,"cards_upgraded":["Strike_R","Strike_R"]},{"damage_healed":0.0,"max_hp_gain":0.0,"max_hp_loss":0.0,"gold_gain":0.0,"event_name":"WeMeetAgain","player_choice":"Paid Gold","floor":3.0,"gold_loss":71.0,"damage_taken":0.0,"relics_obtained":["Bronze Scales"]},{"cards_removed":["Strike_R"],"damage_healed":0.0,"max_hp_gain":0.0,"max_hp_loss":0.0,"gold_gain":0.0,"event_name":"Purifier","player_choice":"Purged","floor":10.0,"gold_loss":0.0,"damage_taken":0.0},{"damage_healed":0,"gold_gain":0,"player_choice":"Became a Ghost","damage_taken":0,"max_hp_gain":0,"max_hp_loss":38,"event_name":"Ghosts","floor":19,"gold_loss":0,"cards_obtained":["Ghostly","Ghostly","Ghostly"]},{"damage_healed":0,"gold_gain":0,"player_choice":"Bet on Owner","damage_taken":0,"max_hp_gain":0,"max_hp_loss":0,"event_name":"The Joust","floor":20,"gold_loss":50}],"is_beta":true,"boss_relics":[{"not_picked":["Runic Dome","Busted Crown"],"picked":"Runic Cube"}],"items_purged_floors":[],"is_endless":false,"potions_floor_spawned":[4,5,8,14,18],"killed_by":"Sentry and Sphere","ascension_level":20}