{"gold_per_floor":[111,111,111,211,20,20,49,63,63,74,89,89,21,21,21,119,119,133,150,168,83,83,83],"floor_reached":23,"playtime":747,"items_purged":["Regret"],"score":214,"play_id":"917b7f9e-7873-4891-b8ff-7c35dd123fd8","local_time":"20190820224920","is_ascension_mode":false,"campfire_choices":[{"data":"Zap","floor":6,"key":"SMITH"},{"data":"Redo","floor":12,"key":"SMITH"},{"data":"Defragment","floor":15,"key":"SMITH"}],"neow_cost":"NONE","seed_source_timestamp":14375404497260,"circlet_count":0,"master_deck":["Strike_B","Strike_B","Strike_B","Strike_B","Defend_B","Defend_B+1","Defend_B","Defend_B","Zap+1","Dualcast","Barrage+1","Melter+1","Storm","Ball Lightning+1","Hologram","Redo+1","Darkness","Defragment+1","Electrodynamics","Fusion","Sweeping Beam+1"],"relics":["Cracked Core","NeowsBlessing","Molten Egg 2","Girya","Smiling Mask","Eternal Feather","Oddly Smooth Stone"],"potions_floor_usage":[20,20],"damage_taken":[{"damage":0,"enemies":"2 Louse","floor":1,"turns":1},{"damage":0,"enemies":"3 Sentries","floor":7,"turns":1},{"damage":0,"enemies":"Small Slimes","floor":8,"turns":1},{"damage":0,"enemies":"Cultist","floor":10,"turns":2},{"damage":10,"enemies":"Red Slaver","floor":11,"turns":2},{"damage":22,"enemies":"The Guardian","floor":16,"turns":8},{"damage":7,"enemies":"3 Byrds","floor":18,"turns":3},{"damage":33,"enemies":"2 Thieves","floor":19,"turns":4},{"damage":0,"enemies":"Chosen and Byrds","floor":20,"turns":4},{"damage":22,"enemies":"Gremlin Leader","floor":23,"turns":2}],"seed_played":"8362146511162474627","potions_obtained":[{"floor":7,"key":"Poison Potion"},{"floor":10,"key":"Strength Potion"},{"floor":19,"key":"SkillPotion"}],"is_trial":false,"path_per_floor":["M","?","?","?","$","R","E","M","T","M","M","R","$","T","R","B",null,"M","M","M","?","?","E"],"character_chosen":"DEFECT","items_purchased":["Melter+1","Storm","Defragment"],"campfire_rested":0,"item_purchase_floors":[5,5,13],"current_hp_per_floor":[75,60,60,60,60,60,60,60,60,60,50,50,50,50,50,28,75,68,35,35,35,21,0],"gold":83,"neow_bonus":"THREE_ENEMY_KILL","is_prod":false,"is_daily":false,"chose_seed":false,"campfire_upgraded":3,"win_rate":0,"timestamp":1566366560,"path_taken":["M","?","?","?","$","R","E","?","T","M","M","R","?","?","R","BOSS","M","M","M","?","?","E"],"build_version":"2019-07-17","purchased_purges":1,"victory":false,"max_hp_per_floor":[75,75,75,75,75,75,75,75,75,75,75,75,75,75,75,75,75,75,75,75,75,80,80],"card_choices":[{"not_picked":["Storm","Compile Driver"],"picked":"Barrage","floor":1},{"not_picked":["Reinforced Body","Loop"],"picked":"Ball Lightning+1","floor":7},{"not_picked":["Genetic Algorithm","Redo"],"picked":"Hologram","floor":8},{"not_picked":["Stack","Scrape+1"],"picked":"Redo","floor":10},{"not_picked":["Aggregate","Skim"],"picked":"Darkness","floor":11},{"not_picked":["Seek","Echo Form"],"picked":"Electrodynamics","floor":16},{"not_picked":["Coolheaded","Hello World"],"picked":"Fusion","floor":18},{"not_picked":["Redo","Turbo","BootSequence"],"picked":"SKIP","floor":19},{"not_picked":["Turbo","Skim+1"],"picked":"Sweeping Beam+1","floor":20}],"player_experience":680664,"relics_obtained":[{"floor":7,"key":"Girya"},{"floor":14,"key":"Smiling Mask"}],"event_choices":[{"damage_healed":0,"gold_gain":0,"player_choice":"Entered Light","damage_taken":15,"max_hp_gain":0,"max_hp_loss":0,"event_name":"Shining Light","floor":2,"gold_loss":0,"cards_upgraded":["Barrage","Defend_B"]},{"damage_healed":0,"gold_gain":0,"player_choice":"Box","damage_taken":0,"relics_obtained":["Molten Egg 2"],"max_hp_gain":0,"max_hp_loss":0,"event_name":"Big Fish","floor":3,"gold_loss":0,"cards_obtained":["Regret"]},{"damage_healed":0,"gold_gain":100,"player_choice":"Pray","damage_taken":0,"max_hp_gain":0,"max_hp_loss":0,"event_name":"Golden Shrine","floor":4,"gold_loss":0},{"damage_healed":0,"gold_gain":0,"player_choice":"Obtained Relic","damage_taken":0,"relics_obtained":["Oddly Smooth Stone"],"max_hp_gain":0,"max_hp_loss":0,"event_name":"Addict","floor":21,"gold_loss":85},{"damage_healed":0,"gold_gain":0,"player_choice":"Shed Blood","damage_taken":19,"max_hp_gain":5,"max_hp_loss":0,"event_name":"Forgotten Altar","floor":22,"gold_loss":0}],"is_beta":false,"boss_relics":[{"not_picked":["Velvet Choker","Lizard Tail"],"picked":"Eternal Feather"}],"items_purged_floors":[5],"is_endless":false,"potions_floor_spawned":[7,10,19],"killed_by":"Gremlin Leader","ascension_level":0}