{"gold_per_floor":[114,114,114,187,207,233,233,261,261,285,310,322,314,344,356,368],"floor_reached":16,"playtime":499,"items_purged":[],"score":171,"play_id":"f21e9735-2923-48a3-a139-003849507bf5","local_time":"20190822054742","is_ascension_mode":true,"campfire_choices":[{"data":"Flame Barrier","floor":7,"key":"SMITH"},{"floor":12,"key":"REST"},{"floor":15,"key":"REST"}],"neow_cost":"NONE","seed_source_timestamp":4118620154900,"circlet_count":0,"master_deck":["AscendersBane","Strike_R","Strike_R","Strike_R","Strike_R","Strike_R","Defend_R","Defend_R","Defend_R","Defend_R","Bash+1","Cleave","Flame Barrier+1","Sever Soul","Clothesline"],"relics":["Mark of Pain","Bottled Flame","Ornamental Fan","MawBank"],"potions_floor_usage":[6,16],"damage_taken":[{"damage":0,"enemies":"Jaw Worm","floor":1,"turns":3},{"damage":0,"enemies":"Cultist","floor":5,"turns":4},{"damage":20,"enemies":"Gremlin Nob","floor":6,"turns":4},{"damage":29,"enemies":"3 Sentries","floor":8,"turns":9},{"damage":1,"enemies":"2 Louse","floor":10,"turns":2},{"damage":18,"enemies":"Exordium Thugs","floor":11,"turns":5},{"damage":2,"enemies":"3 Louse","floor":14,"turns":3},{"damage":58,"enemies":"Slime Boss","floor":16,"turns":8}],"seed_played":"5797894090646274741","potions_obtained":[{"floor":5,"key":"Fire Potion"},{"floor":6,"key":"Strength Potion"},{"floor":13,"key":"Fire Potion"}],"is_trial":false,"path_per_floor":["M","?","$","?","M","E","R","E","T","M","M","R","?","M","R","B"],"character_chosen":"IRONCLAD","items_purchased":[],"campfire_rested":2,"item_purchase_floors":[],"current_hp_per_floor":[72,72,72,72,72,52,52,23,23,22,4,28,28,26,50,0],"gold":368,"neow_bonus":"BOSS_RELIC","is_prod":false,"is_daily":false,"chose_seed":false,"campfire_upgraded":1,"win_rate":0,"timestamp":1566420462,"path_taken":["M","?","$","?","?","E","R","E","T","M","M","R","?","M","R","BOSS"],"build_version":"2019-07-17","purchased_purges":0,"victory":false,"max_hp_per_floor":[80,80,80,80,80,80,80,80,80,80,80,80,80,80,80,80],"card_choices":[{"not_picked":["Body Slam","Sword Boomerang","Entrench"],"picked":"SKIP","floor":1},{"not_picked":["Pummel","Thunderclap"],"picked":"Cleave","floor":5},{"not_picked":["Anger","Perfected Strike"],"picked":"Flame Barrier","floor":6},{"not_picked":["Hemokinesis","Flex","Headbutt"],"picked":"SKIP","floor":8},{"not_picked":["Sword Boomerang","Rampage"],"picked":"Sever Soul","floor":10},{"not_picked":["Twin Strike","Dual Wield"],"picked":"Clothesline","floor":11},{"not_picked":["Havoc","Brutality","Searing Blow"],"picked":"SKIP","floor":14}],"player_experience":164655,"relics_obtained":[{"floor":6,"key":"Bottled Flame"},{"floor":8,"key":"Ornamental Fan"},{"floor":9,"key":"MawBank"}],"event_choices":[{"damage_healed":0,"gold_gain":0,"player_choice":"Grow","damage_taken":0,"max_hp_gain":0,"max_hp_loss":0,"event_name":"Living Wall","floor":2,"gold_loss":0,"cards_upgraded":["Bash"]},{"damage_healed":0,"gold_gain":73,"player_choice":"Gained Gold","damage_taken":0,"max_hp_gain":0,"max_hp_loss":0,"event_name":"Golden Wing","floor":4,"gold_loss":0},{"damage_healed":0,"gold_gain":0,"player_choice":"Bought 1 Potion","damage_taken":0,"max_hp_gain":0,"max_hp_loss":0,"event_name":"The Woman in Blue","floor":13,"gold_loss":0}],"is_beta":false,"boss_relics":[],"items_purged_floors":[],"is_endless":false,"potions_floor_spawned":[5,6,14],"killed_by":"Slime Boss","ascension_level":11}