{"gold_per_floor":[112,124,135,135,210,210,238,249,272,272,290,303,303,321,321,420,420,440,440,457,473,63,63,63,73,73,84,103,103,138,157,157,157],"floor_reached":33,"playtime":6103,"items_purged":["Bite"],"score":288,"play_id":"936d800d-f880-4291-a3f8-26bb793a5476","local_time":"20190808002643","is_ascension_mode":false,"campfire_choices":[{"floor":6.0,"key":"REST"},{"floor":13,"key":"REST"},{"data":"Buffer","floor":15,"key":"SMITH"},{"floor":23,"key":"REST"},{"floor":32,"key":"REST"}],"neow_cost":"NONE","seed_source_timestamp":0,"circlet_count":0,"master_deck":["Defend_B","Defend_B+1","Defend_B","Dualcast+1","Loop","Redo","Lockon","Buffer+1","Doom and Gloom","Seek","Bite","Bite","Bite","Bite","Cold Snap+1","Ball Lightning+1","Hello World+1","White Noise+1","Scrape","Ball Lightning"],"special_seed":0,"relics":["Cracked Core","NeowsBlessing","Odd Mushroom","Bronze Scales","Fusion Hammer","Ice Cream","Omamori","Lantern"],"potions_floor_usage":[16,20,28,30,31,33],"damage_taken":[{"damage":0.0,"enemies":"Small Slimes","floor":1.0,"turns":1.0},{"damage":0.0,"enemies":"Jaw Worm","floor":2.0,"turns":1.0},{"damage":0.0,"enemies":"2 Louse","floor":3.0,"turns":1.0},{"damage":25.0,"enemies":"The Mushroom Lair","floor":7.0,"turns":5.0},{"damage":0.0,"enemies":"Exordium Wildlife","floor":8.0,"turns":3.0},{"damage":0.0,"enemies":"3 Louse","floor":11.0,"turns":2.0},{"damage":16,"enemies":"Lots of Slimes","floor":12,"turns":3},{"damage":0,"enemies":"Blue Slaver","floor":14,"turns":2},{"damage":36,"enemies":"Hexaghost","floor":16,"turns":8},{"damage":15,"enemies":"2 Thieves","floor":18,"turns":4},{"damage":5,"enemies":"3 Byrds","floor":20,"turns":3},{"damage":23,"enemies":"Snake Plant","floor":21,"turns":4},{"damage":7,"enemies":"Chosen and Byrds","floor":25,"turns":4},{"damage":7,"enemies":"Snecko","floor":27,"turns":4},{"damage":12,"enemies":"Snake Plant","floor":28,"turns":3},{"damage":26,"enemies":"Gremlin Leader","floor":30,"turns":5},{"damage":10,"enemies":"Centurion and Healer","floor":31,"turns":6},{"damage":42,"enemies":"Champ","floor":33,"turns":6}],"seed_played":"-3329336033228261431","potions_obtained":[{"floor":2.0,"key":"Fire Potion"},{"floor":12,"key":"Explosive Potion"},{"floor":14,"key":"SpeedPotion"},{"floor":18,"key":"SpeedPotion"},{"floor":25,"key":"Dexterity Potion"},{"floor":28,"key":"FearPotion"},{"floor":30,"key":"Weak Potion"},{"floor":31,"key":"AttackPotion"}],"is_trial":false,"path_per_floor":["M","M","M","?","?","R","?","M","T","?","M","M","R","M","R","B",null,"M","?","M","M","$","R","?","M","T","M","M","?","E","M","R","B"],"character_chosen":"DEFECT","items_purchased":["Ice Cream","Hello World"],"campfire_rested":4,"item_purchase_floors":[22,22],"current_hp_per_floor":[75,75,75,60,49,71,46,46,46,46,46,30,52,52,52,16,75,60,52,51,31,31,46,46,45,45,44,34,34,18,14,29,0],"gold":157,"neow_bonus":"THREE_ENEMY_KILL","is_prod":false,"is_daily":false,"chose_seed":false,"campfire_upgraded":1,"win_rate":0.0,"timestamp":1565249203,"path_taken":["M","M","M","?","?","R","?","M","T","?","M","M","R","M","R","BOSS","M","?","M","M","$","R","?","M","T","M","?","?","E","M","R","BOSS"],"build_version":"2019-07-17","purchased_purges":1,"victory":false,"max_hp_per_floor":[75,75,75,75,75,75,75,75,75,75,75,75,75,75,75,75,75,75,52,52,52,52,52,52,52,52,52,52,52,52,52,52,52],"card_choices":[{"not_picked":["Sweeping Beam","Cold Snap"],"picked":"Loop","floor":1.0},{"not_picked":["Hologram","Coolheaded","Auto Shields"],"picked":"SKIP","floor":2.0},{"not_picked":["Chaos","Leap"],"picked":"Redo","floor":3.0},{"not_picked":["Gash","Go for the Eyes"],"picked":"Lockon","floor":8.0},{"not_picked":["Stack","Steam"],"picked":"Buffer","floor":11},{"not_picked":["Barrage","Redo","Storm"],"picked":"SKIP","floor":12},{"not_picked":["Streamline","Leap"],"picked":"Doom and Gloom","floor":14},{"not_picked":["Buffer","Reboot"],"picked":"Seek","floor":16},{"not_picked":["Steam Power","Rip and Tear","Go for the Eyes"],"picked":"SKIP","floor":18},{"not_picked":["Streamline","Barrage"],"picked":"Cold Snap+1","floor":20},{"not_picked":["BootSequence","Steam"],"picked":"Ball Lightning+1","floor":21},{"not_picked":["Sweeping Beam","Buffer"],"picked":"White Noise+1","floor":25},{"not_picked":["Gash","Go for the Eyes","Coolheaded"],"picked":"SKIP","floor":27},{"not_picked":["Steam","Barrage+1","Coolheaded"],"picked":"SKIP","floor":28},{"not_picked":["Darkness","Fusion","Leap"],"picked":"SKIP","floor":30},{"not_picked":["Loop","Ball Lightning","BootSequence"],"picked":"SKIP","floor":31}],"player_experience":50641,"relics_obtained":[{"floor":7.0,"key":"Odd Mushroom"},{"floor":9.0,"key":"Bronze Scales"},{"floor":26,"key":"Omamori"},{"floor":30,"key":"Lantern"}],"event_choices":[{"damage_healed":0.0,"max_hp_gain":0.0,"max_hp_loss":0.0,"gold_gain":0.0,"event_name":"Shining Light","player_choice":"Entered Light","floor":4.0,"gold_loss":0.0,"damage_taken":15.0,"cards_upgraded":["Dualcast","Defend_B"]},{"damage_healed":0.0,"max_hp_gain":0.0,"max_hp_loss":0.0,"gold_gain":75.0,"event_name":"World of Goop","player_choice":"Gather Gold","floor":5.0,"gold_loss":0.0,"damage_taken":11.0},{"damage_healed":0.0,"max_hp_gain":0.0,"max_hp_loss":0.0,"gold_gain":0.0,"event_name":"Mushrooms","player_choice":"Fought Mushrooms","floor":7.0,"gold_loss":0.0,"damage_taken":0.0},{"cards_removed":["Strike_B"],"damage_healed":0.0,"max_hp_gain":0.0,"max_hp_loss":0.0,"gold_gain":0.0,"event_name":"Living Wall","player_choice":"Forget","floor":10.0,"gold_loss":0.0,"damage_taken":0.0},{"damage_healed":0,"gold_gain":0,"player_choice":"Became a vampire","damage_taken":0,"max_hp_gain":0,"max_hp_loss":23,"event_name":"Vampires","floor":19,"gold_loss":0,"cards_obtained":["Bite","Bite","Bite","Bite","Bite"]},{"damage_healed":0,"gold_gain":0,"player_choice":"Upgraded","damage_taken":0,"max_hp_gain":0,"max_hp_loss":0,"event_name":"Upgrade Shrine","floor":24,"gold_loss":0,"cards_upgraded":["Hello World"]},{"damage_healed":0,"gold_gain":0,"cards_transformed":["Defend_B","Zap"],"player_choice":"Became Test Subject","damage_taken":0,"max_hp_gain":0,"max_hp_loss":0,"event_name":"Drug Dealer","floor":29,"gold_loss":0,"cards_obtained":["Scrape","Ball Lightning"]}],"is_beta":false,"boss_relics":[{"not_picked":["Tiny House","Calling Bell"],"picked":"Fusion Hammer"}],"items_purged_floors":[22],"is_endless":false,"potions_floor_spawned":[2,12,14,18,25,28,30,31],"killed_by":"Champ","ascension_level":0}