{"gold_per_floor":[116,116,116,132,132,164,89,89,89,89,124,137,166,186,186,291,291,305,305,320,320,320,320,355,54,106,121,156,172,201,44,44,142,142,162,177,177,252,266,266,30,30,107,123,123,142,172,183,183,183],"floor_reached":51,"playtime":3166,"items_purged":["Pain"],"score":1415,"play_id":"1d3066cd-0360-4233-9477-c9b21ba0414c","local_time":"20190822162548","is_ascension_mode":true,"campfire_choices":[{"data":"Bash","floor":8,"key":"SMITH"},{"data":"Pommel Strike","floor":10,"key":"SMITH"},{"data":"Disarm","floor":15,"key":"SMITH"},{"data":"Demon Form","floor":23,"key":"SMITH"},{"data":"Metallicize","floor":32,"key":"SMITH"},{"data":"Metallicize","floor":40,"key":"SMITH"},{"data":"Corruption","floor":42,"key":"SMITH"},{"data":"Limit Break","floor":49,"key":"SMITH"}],"neow_cost":"NONE","seed_source_timestamp":39723579991100,"circlet_count":0,"master_deck":["AscendersBane","Bash+1","Impervious+1","Reaper+1","Flex+1","Flame Barrier","Shockwave","Intimidate","Warcry","Dropkick+1","Burning Pact","Pommel Strike+1","Metallicize","Demon Form+1","Disarm+1","Brutality","Metallicize+1","Metallicize+1","Juggernaut","Metallicize+1","Corruption+1","Limit Break+1","Fire Breathing+1","Battle Trance"],"relics":["Pandora\u0027s Box","WarpedTongs","Nunchaku","Darkstone Periapt","Smiling Mask","Meat on the Bone","Coffee Dripper","MutagenicStrength","Matryoshka","Bag of Preparation","Dead Branch","Centennial Puzzle","Whetstone","Mummified Hand","Blue Candle","Oddly Smooth Stone","Sozu","Dream Catcher","Kunai","Prayer Wheel"],"potions_floor_usage":[6,50],"damage_taken":[{"damage":11,"enemies":"Cultist","floor":1,"turns":4},{"damage":10,"enemies":"Small Slimes","floor":4,"turns":3},{"damage":42,"enemies":"3 Sentries","floor":6,"turns":6},{"damage":4,"enemies":"Lagavulin","floor":11,"turns":6},{"damage":8,"enemies":"2 Louse","floor":12,"turns":2},{"damage":26,"enemies":"3 Sentries","floor":13,"turns":7},{"damage":8,"enemies":"2 Fungi Beasts","floor":14,"turns":4},{"damage":28,"enemies":"Hexaghost","floor":16,"turns":9},{"damage":24,"enemies":"Spheric Guardian","floor":18,"turns":4},{"damage":15,"enemies":"Shell Parasite","floor":20,"turns":4},{"damage":12,"enemies":"Book of Stabbing","floor":24,"turns":7},{"damage":6,"enemies":"Snecko","floor":27,"turns":5},{"damage":25,"enemies":"Slavers","floor":28,"turns":7},{"damage":3,"enemies":"Centurion and Healer","floor":29,"turns":6},{"damage":9,"enemies":"Gremlin Leader","floor":30,"turns":6},{"damage":12,"enemies":"Automaton","floor":33,"turns":6},{"damage":1,"enemies":"3 Shapes","floor":35,"turns":4},{"damage":1,"enemies":"Orb Walker","floor":36,"turns":3},{"damage":2,"enemies":"3 Darklings","floor":39,"turns":3},{"damage":2,"enemies":"Maw","floor":44,"turns":3},{"damage":9,"enemies":"Writhing Mass","floor":46,"turns":2},{"damage":4,"enemies":"Nemesis","floor":47,"turns":3},{"damage":22,"enemies":"4 Shapes","floor":48,"turns":3},{"damage":25,"enemies":"Awakened One","floor":50,"turns":7}],"seed_played":"2748504590615559739","potions_obtained":[{"floor":1,"key":"SteroidPotion"},{"floor":13,"key":"Regen Potion"},{"floor":16,"key":"BloodPotion"}],"is_trial":false,"path_per_floor":["M","?","?","M","?","E","$","R","T","R","E","M","E","M","R","B",null,"M","?","M","?","T","R","E","$","T","M","E","M","E","$","R","B",null,"M","M","$","?","M","R","$","R","T","M","$","M","E","M","R","B",null],"character_chosen":"IRONCLAD","items_purchased":["Dead Branch","Oddly Smooth Stone","Corruption","Limit Break"],"campfire_rested":0,"item_purchase_floors":[25,31,41,41],"current_hp_per_floor":[61,45,71,66,66,44,44,44,44,44,40,48,50,63,63,52,73,69,69,73,58,58,58,71,71,71,85,68,83,85,85,85,79,84,83,82,82,74,83,83,83,83,83,84,84,75,79,63,63,65],"gold":183,"neow_bonus":"BOSS_RELIC","is_prod":false,"is_daily":false,"chose_seed":false,"campfire_upgraded":8,"win_rate":0,"timestamp":1566458748,"path_taken":["M","?","?","M","?","E","$","R","T","R","E","?","E","M","R","BOSS","M","?","M","?","?","R","E","$","T","M","E","M","E","$","R","BOSS","M","?","$","?","M","R","$","R","T","M","?","M","E","M","R","BOSS"],"build_version":"2019-07-17","purchased_purges":1,"victory":true,"max_hp_per_floor":[80,80,80,80,80,80,80,80,80,80,80,80,80,80,80,80,80,80,80,80,85,85,85,85,85,85,85,85,85,85,85,85,85,85,85,85,85,85,85,85,85,85,85,85,85,85,85,85,85,85],"card_choices":[{"not_picked":["Sentinel","Iron Wave"],"picked":"Pommel Strike","floor":1},{"not_picked":["Heavy Blade","Warcry","Twin Strike"],"picked":"SKIP","floor":4},{"not_picked":["Cleave","Perfected Strike","Iron Wave"],"picked":"SKIP","floor":6},{"not_picked":["Seeing Red","Rupture"],"picked":"Metallicize","floor":11},{"not_picked":["Iron Wave","Havoc","Intimidate"],"picked":"SKIP","floor":12},{"not_picked":["Clash","Seeing Red"],"picked":"Demon Form","floor":13},{"not_picked":["Body Slam","Clothesline"],"picked":"Disarm","floor":14},{"not_picked":["Juggernaut","Fiend Fire"],"picked":"Brutality","floor":16},{"not_picked":["Searing Blow","Cleave+1","Evolve"],"picked":"SKIP","floor":18},{"not_picked":["Clothesline","Hemokinesis"],"picked":"Metallicize","floor":20},{"not_picked":["Warcry","Seeing Red","Havoc"],"picked":"SKIP","floor":24},{"not_picked":["Cleave","Twin Strike","Headbutt"],"picked":"SKIP","floor":27},{"not_picked":["Armaments","Heavy Blade","Feed"],"picked":"SKIP","floor":28},{"not_picked":["Cleave","True Grit"],"picked":"Metallicize+1","floor":29},{"not_picked":["Armaments","Wild Strike","Shrug It Off"],"picked":"SKIP","floor":30},{"not_picked":["Exhume","Impervious"],"picked":"Juggernaut","floor":33},{"not_picked":["Clash","Hemokinesis+1","Headbutt"],"picked":"SKIP","floor":35},{"not_picked":["Shrug It Off+1","Havoc+1"],"picked":"Metallicize","floor":36},{"not_picked":["Headbutt+1","Iron Wave","Burning Pact"],"picked":"SKIP","floor":39},{"not_picked":["Entrench","Warcry","Clothesline"],"picked":"SKIP","floor":44},{"not_picked":["Bloodletting","Clash","Iron Wave"],"picked":"SKIP","floor":46},{"not_picked":["Sword Boomerang","Bloodletting"],"picked":"Fire Breathing+1","floor":47},{"not_picked":["Flame Barrier+1","Wild Strike+1"],"picked":"Battle Trance","floor":48},{"not_picked":["Iron Wave+1","Havoc","Armaments"],"picked":"SKIP","floor":48}],"player_experience":172494,"relics_obtained":[{"floor":6,"key":"Nunchaku"},{"floor":9,"key":"Darkstone Periapt"},{"floor":11,"key":"Smiling Mask"},{"floor":13,"key":"Meat on the Bone"},{"floor":22,"key":"Matryoshka"},{"floor":24,"key":"Bag of Preparation"},{"floor":26,"key":"Centennial Puzzle"},{"floor":26,"key":"Whetstone"},{"floor":28,"key":"Mummified Hand"},{"floor":30,"key":"Blue Candle"},{"floor":43,"key":"Dream Catcher"},{"floor":43,"key":"Kunai"},{"floor":47,"key":"Prayer Wheel"}],"event_choices":[{"damage_healed":0,"gold_gain":0,"player_choice":"Entered Light","damage_taken":16,"max_hp_gain":0,"max_hp_loss":0,"event_name":"Shining Light","floor":2,"gold_loss":0,"cards_upgraded":["Flex","Impervious"]},{"damage_healed":26,"gold_gain":0,"player_choice":"Banana","damage_taken":0,"max_hp_gain":0,"max_hp_loss":0,"event_name":"Big Fish","floor":3,"gold_loss":0},{"damage_healed":0,"gold_gain":0,"player_choice":"Rummage","damage_taken":0,"relics_obtained":["WarpedTongs"],"max_hp_gain":0,"max_hp_loss":0,"event_name":"Accursed Blacksmith","floor":5,"gold_loss":0,"cards_obtained":["Pain"]},{"damage_healed":0,"gold_gain":0,"player_choice":"Inject Mutagens","damage_taken":0,"relics_obtained":["MutagenicStrength"],"max_hp_gain":0,"max_hp_loss":0,"event_name":"Drug Dealer","floor":19,"gold_loss":0},{"damage_healed":0,"gold_gain":0,"player_choice":"Shed Blood","damage_taken":20,"max_hp_gain":5,"max_hp_loss":0,"event_name":"Forgotten Altar","floor":21,"gold_loss":0},{"damage_healed":0,"gold_gain":75,"player_choice":"Touch","damage_taken":8,"max_hp_gain":0,"max_hp_loss":0,"event_name":"FaceTrader","floor":38,"gold_loss":0}],"is_beta":false,"boss_relics":[{"not_picked":["Runic Dome","Lizard Tail"],"picked":"Coffee Dripper"},{"not_picked":["Astrolabe","Cursed Key"],"picked":"Sozu"}],"items_purged_floors":[7],"is_endless":false,"potions_floor_spawned":[1,13,16,20,24,28,33,35,44,48],"ascension_level":12}