{"gold_per_floor":[113,113,133,14,26,26,52,52,52,52,65,91,102,102,102,102],"floor_reached":16,"playtime":693,"items_purged":[],"score":220,"play_id":"8e6293c9-dc84-498a-b5a1-d88ff8fe9d2c","local_time":"20180918133543","is_ascension_mode":true,"campfire_choices":[{"data":"Flame Barrier","floor":6,"key":"SMITH"},{"data":"Anger","floor":8,"key":"SMITH"},{"data":"Strike_R","floor":10,"key":"SMITH"},{"data":"Inflame","floor":15,"key":"SMITH"}],"neow_cost":"NONE","seed_source_timestamp":58327246172271,"circlet_count":0,"master_deck":["Strike_R+1","Strike_R","Strike_R+1","Strike_R","Defend_R","Defend_R","Defend_R+1","Defend_R","Bash+1","AscendersBane","Anger+1","Flame Barrier+1","Shrug It Off","True Grit","True Grit","Inflame+1"],"relics":["Burning Blood","Turnip","Question Card","PreservedInsect"],"potions_floor_usage":[12,12,16,16],"damage_taken":[{"damage":7,"enemies":"Jaw Worm","floor":1,"turns":3},{"damage":7,"enemies":"2 Louse","floor":3,"turns":3},{"damage":0,"enemies":"Cultist","floor":5,"turns":3},{"damage":22,"enemies":"Lagavulin","floor":7,"turns":8},{"damage":3,"enemies":"Exordium Wildlife","floor":11,"turns":7},{"damage":2,"enemies":"3 Sentries","floor":12,"turns":7},{"damage":1,"enemies":"Red Slaver","floor":13,"turns":4},{"damage":48,"enemies":"Hexaghost","floor":16,"turns":9}],"seed_played":"-668380656882640234","potions_obtained":[{"floor":7,"key":"Explosive Potion"},{"floor":12,"key":"Dexterity Potion"},{"floor":13,"key":"SpeedPotion"}],"is_trial":false,"path_per_floor":["M","?","M","$","M","R","E","R","T","R","M","E","M","?","R"],"character_chosen":"IRONCLAD","items_purchased":["Shrug It Off","Fire Potion"],"campfire_rested":0,"item_purchase_floors":[4,4],"current_hp_per_floor":[67,44,43,43,49,49,33,33,33,33,36,40,45,45,45,0],"gold":102,"neow_bonus":"UPGRADE_CARD","is_prod":false,"is_daily":false,"chose_seed":false,"campfire_upgraded":4,"win_rate":0,"timestamp":1537274143,"path_taken":["M","?","M","$","M","R","E","R","T","R","M","E","M","?","R","BOSS"],"build_version":"2018-09-17","purchased_purges":0,"victory":false,"max_hp_per_floor":[75,75,75,75,75,75,75,75,75,75,75,75,75,75,75,75],"card_choices":[{"not_picked":["True Grit","Sever Soul"],"picked":"Anger","floor":1},{"not_picked":["Sword Boomerang","Twin Strike"],"picked":"Flame Barrier","floor":3},{"not_picked":["Heavy Blade","Flex","Wild Strike"],"picked":"SKIP","floor":5},{"not_picked":["Berserk","Warcry","Second Wind"],"picked":"SKIP","floor":7},{"not_picked":["Perfected Strike","Thunderclap","Hemokinesis"],"picked":"True Grit","floor":11},{"not_picked":["Armaments","Wild Strike","Anger"],"picked":"True Grit","floor":12},{"not_picked":["Cleave","Perfected Strike","Clash"],"picked":"Inflame","floor":13}],"player_experience":1316296,"relics_obtained":[{"floor":7,"key":"Turnip"},{"floor":9,"key":"Question Card"},{"floor":12,"key":"PreservedInsect"}],"event_choices":[{"event_name":"Shining Light","player_choice":"Entered Light","floor":2,"damage_taken":0},{"event_name":"Purifier","player_choice":"One Purge","floor":14,"damage_taken":0}],"is_beta":true,"boss_relics":[],"items_purged_floors":[],"is_endless":false,"potions_floor_spawned":[7,11,12,13],"killed_by":"Hexaghost","ascension_level":20}