{"gold_per_floor":[119,44,58,71,71,71,98,98,121,136,136,167,184,47,47,47],"floor_reached":16,"playtime":453,"items_purged":["Strike_B","Strike_B"],"score":220,"play_id":"63fdbda9-dd4b-4e42-8898-aa8748d9c7dc","local_time":"20190219200548","is_ascension_mode":true,"campfire_choices":[{"data":"Zap","floor":6,"key":"SMITH"},{"floor":8,"key":"REST"},{"data":"Barrage","floor":11,"key":"SMITH"},{"data":"Defragment","floor":15,"key":"SMITH"}],"neow_cost":"TEN_PERCENT_HP_LOSS","seed_source_timestamp":91491703267160,"circlet_count":0,"master_deck":["AscendersBane","Strike_B","Defend_B","Defend_B","Defend_B","Defend_B","Zap+1","Dualcast","Ball Lightning","Compile Driver","Reinforced Body","Barrage+1","Defragment+1","Sweeping Beam","Capacitor"],"relics":["Cracked Core","StoneCalendar","Lantern","Happy Flower","PreservedInsect"],"potions_floor_usage":[7],"damage_taken":[{"damage":1,"enemies":"Cultist","floor":1,"turns":4},{"damage":9,"enemies":"Jaw Worm","floor":3,"turns":4},{"damage":3,"enemies":"Small Slimes","floor":4,"turns":3},{"damage":24,"enemies":"Gremlin Nob","floor":7,"turns":4},{"damage":0,"enemies":"Blue Slaver","floor":10,"turns":3},{"damage":18,"enemies":"3 Sentries","floor":12,"turns":6},{"damage":6,"enemies":"Looter","floor":13,"turns":2},{"damage":24,"enemies":"The Guardian","floor":16,"turns":7}],"seed_played":"8521762714494578727","potions_obtained":[{"floor":1,"key":"SpeedPotion"},{"floor":13,"key":"FocusPotion"}],"is_trial":false,"path_per_floor":["M","$","M","M","?","R","E","R","T","M","R","E","M","$","R","B"],"character_chosen":"DEFECT","items_purchased":["Capacitor"],"campfire_rested":1,"item_purchase_floors":[14],"current_hp_per_floor":[63,63,54,51,51,51,27,46,46,46,46,28,22,22,22,0],"gold":47,"neow_bonus":"ONE_RARE_RELIC","is_prod":false,"is_daily":false,"chose_seed":false,"campfire_upgraded":3,"win_rate":0,"timestamp":1550606748,"path_taken":["M","?","M","M","?","R","E","R","T","M","R","E","?","?","R","BOSS"],"build_version":"2019-02-06","purchased_purges":2,"victory":false,"max_hp_per_floor":[64,64,64,64,64,64,64,64,64,64,64,64,64,64,64,64],"card_choices":[{"not_picked":["Aggregate","Fusion"],"picked":"Ball Lightning","floor":1},{"not_picked":["Barrage","Steam"],"picked":"Compile Driver","floor":3},{"not_picked":["Turbo","Reprogram"],"picked":"Reinforced Body","floor":4},{"not_picked":["Beam Cell","Heatsinks","Stack"],"picked":"SKIP","floor":7},{"not_picked":["Beam Cell","Redo"],"picked":"Barrage","floor":10},{"not_picked":["Skim","Buffer"],"picked":"Defragment","floor":12},{"not_picked":["Barrage","Redo"],"picked":"Sweeping Beam","floor":13}],"player_experience":1855371,"relics_obtained":[{"floor":7,"key":"Lantern"},{"floor":9,"key":"Happy Flower"},{"floor":12,"key":"PreservedInsect"}],"event_choices":[{"cards_removed":["Strike_B"],"damage_healed":0,"gold_gain":0,"player_choice":"Offered Basic","damage_taken":0,"max_hp_gain":0,"max_hp_loss":0,"event_name":"Bonfire Elementals","floor":5,"gold_loss":0}],"is_beta":true,"boss_relics":[],"items_purged_floors":[2,14],"is_endless":false,"potions_floor_spawned":[1,13],"killed_by":"The Guardian","ascension_level":20}