{"gold_per_floor":[219,36,56,69,69,69,130,95,118,152,165,165,192,1,1,78,78,97,22,22,35,48,73,73,105,105,119,6,6,406,433,433,510,510,530,530,530,540,551,551],"floor_reached":40,"playtime":1913,"items_purged":["Strike_B","Defend_B"],"score":999,"play_id":"9e7a9858-fcbf-4a80-a9c9-2ea4a44e2605","local_time":"20190314144241","is_ascension_mode":true,"campfire_choices":[{"data":"Apotheosis","floor":6,"key":"SMITH"},{"data":"Defragment","floor":15,"key":"SMITH"},{"floor":24,"key":"REST"},{"floor":29,"key":"REST"},{"floor":32,"key":"REST"}],"neow_cost":"NONE","seed_source_timestamp":61351329168359,"circlet_count":0,"master_deck":["AscendersBane","Defend_B","Defend_B","Zap","Dualcast","Doom and Gloom","Apotheosis+1","Ball Lightning","Defragment+1","Rainbow","Genetic Algorithm","Ball Lightning","Coolheaded","Coolheaded","Barrage","Conserve Battery","Fusion","Compile Driver+1","BootSequence","Self Repair","White Noise","Electrodynamics","Hologram","Parasite","Static Discharge"],"relics":["Cracked Core","Tiny Chest","Bag of Marbles","Meat on the Bone","The Courier","Sundial","Bronze Scales","Empty Cage","Centennial Puzzle","Bottled Lightning","Old Coin","Blue Candle","Symbiotic Virus","Cursed Key"],"potions_floor_usage":[23,25,35],"damage_taken":[{"damage":6,"enemies":"2 Louse","floor":1,"turns":2},{"damage":0,"enemies":"Cultist","floor":3,"turns":4},{"damage":0,"enemies":"Small Slimes","floor":4,"turns":3},{"damage":21,"enemies":"3 Sentries","floor":7,"turns":5},{"damage":11,"enemies":"Gremlin Nob","floor":10,"turns":3},{"damage":8,"enemies":"2 Fungi Beasts","floor":11,"turns":3},{"damage":13,"enemies":"Lagavulin","floor":13,"turns":6},{"damage":22,"enemies":"Slime Boss","floor":16,"turns":6},{"damage":9,"enemies":"Spheric Guardian","floor":18,"turns":4},{"damage":0,"enemies":"Chosen","floor":21,"turns":3},{"damage":7,"enemies":"Snecko","floor":22,"turns":3},{"damage":0,"enemies":"Gremlin Leader","floor":23,"turns":4},{"damage":47,"enemies":"Slavers","floor":25,"turns":3},{"damage":3,"enemies":"Centurion and Healer","floor":27,"turns":4},{"damage":1,"enemies":"Colosseum Slavers","floor":30,"turns":5},{"damage":43,"enemies":"Colosseum Nobs","floor":30,"turns":4},{"damage":10,"enemies":"Gremlin Leader","floor":31,"turns":5},{"damage":28,"enemies":"Collector","floor":33,"turns":8},{"damage":0,"enemies":"3 Shapes","floor":35,"turns":2},{"damage":8,"enemies":"3 Darklings","floor":38,"turns":2},{"damage":0,"enemies":"Writhing Mass","floor":39,"turns":5},{"damage":67,"enemies":"Nemesis","floor":40,"turns":7}],"seed_played":"3884938747900886342","potions_obtained":[{"floor":4,"key":"Block Potion"},{"floor":7,"key":"PowerPotion"},{"floor":23,"key":"SkillPotion"},{"floor":33,"key":"LiquidBronze"},{"floor":38,"key":"FearPotion"},{"floor":39,"key":"Strength Potion"}],"is_trial":false,"path_per_floor":["M","$","M","M","?","R","E","?","T","E","M","T","E","$","R","B",null,"M","?","$","M","M","E","R","E","T","M","$","R","?","E","R","B",null,"M","?","T","M","M","E"],"character_chosen":"DEFECT","items_purchased":["Apotheosis","Bronze Scales","Self Repair"],"campfire_rested":3,"item_purchase_floors":[2,14,28],"current_hp_per_floor":[58,58,58,58,58,58,37,54,54,43,47,47,46,46,46,36,62,53,53,53,53,46,46,67,32,32,41,41,62,40,52,71,53,67,67,67,67,59,67,0],"gold":551,"neow_bonus":"HUNDRED_GOLD","is_prod":false,"is_daily":false,"chose_seed":false,"campfire_upgraded":2,"win_rate":0,"timestamp":1552574561,"path_taken":["M","$","M","M","?","R","E","?","T","E","M","?","E","$","R","BOSS","M","?","?","M","M","E","R","E","T","?","?","R","?","E","R","BOSS","M","?","?","M","M","E"],"build_version":"2019-02-06","purchased_purges":2,"victory":false,"max_hp_per_floor":[71,71,71,71,71,71,71,71,71,71,71,71,71,71,71,71,71,71,71,71,71,71,71,71,71,71,71,71,71,71,71,71,71,71,71,67,67,67,67,67],"card_choices":[{"not_picked":["Sweeping Beam","Melter"],"picked":"Doom and Gloom","floor":1},{"not_picked":["Barrage","Coolheaded"],"picked":"Ball Lightning","floor":3},{"not_picked":["BootSequence","FTL"],"picked":"Defragment","floor":4},{"not_picked":["Reprogram","Streamline"],"picked":"Rainbow","floor":7},{"not_picked":["Force Field","Reprogram"],"picked":"Genetic Algorithm","floor":10},{"not_picked":["White Noise","Coolheaded"],"picked":"Ball Lightning","floor":11},{"not_picked":["Rip and Tear","Static Discharge","Recycle"],"picked":"SKIP","floor":13},{"not_picked":["Heatsinks","Streamline"],"picked":"Coolheaded","floor":18},{"not_picked":["Rip and Tear","Scrape"],"picked":"Conserve Battery","floor":21},{"not_picked":["Ball Lightning+1","Stack+1","Conserve Battery"],"picked":"SKIP","floor":22},{"not_picked":["Hologram","Leap"],"picked":"Fusion","floor":23},{"not_picked":["Static Discharge+1","Stack"],"picked":"Compile Driver+1","floor":25},{"not_picked":["Redo","Ball Lightning"],"picked":"BootSequence","floor":27},{"not_picked":["Reprogram","Auto Shields"],"picked":"White Noise","floor":30},{"not_picked":["Turbo","Cold Snap+1","Redo"],"picked":"SKIP","floor":31},{"not_picked":["Seek","Creative AI"],"picked":"Electrodynamics","floor":33},{"not_picked":["Leap","Tempest"],"picked":"Hologram","floor":35},{"not_picked":["Cold Snap","Force Field","Steam Power"],"picked":"SKIP","floor":38},{"not_picked":["Lockon+1","Steam Power"],"picked":"Static Discharge","floor":39}],"player_experience":1932994,"relics_obtained":[{"floor":7,"key":"Tiny Chest"},{"floor":9,"key":"Bag of Marbles"},{"floor":10,"key":"Meat on the Bone"},{"floor":12,"key":"The Courier"},{"floor":13,"key":"Sundial"},{"floor":23,"key":"Centennial Puzzle"},{"floor":25,"key":"Bottled Lightning"},{"floor":30,"key":"Old Coin"},{"floor":30,"key":"Blue Candle"},{"floor":31,"key":"Symbiotic Virus"}],"event_choices":[{"damage_healed":0,"gold_gain":0,"player_choice":"Ignored","damage_taken":0,"max_hp_gain":0,"max_hp_loss":0,"event_name":"Liars Game","floor":5,"gold_loss":0},{"damage_healed":17,"gold_gain":0,"player_choice":"Healed","damage_taken":0,"max_hp_gain":0,"max_hp_loss":0,"event_name":"The Cleric","floor":8,"gold_loss":35},{"damage_healed":0,"gold_gain":0,"cards_transformed":["Strike_B","Defend_B"],"player_choice":"Transformed Cards","damage_taken":0,"max_hp_gain":0,"max_hp_loss":0,"event_name":"Designer","floor":19,"gold_loss":75,"cards_obtained":["Coolheaded","Barrage"]},{"damage_healed":0,"gold_gain":0,"player_choice":"Fight","damage_taken":0,"max_hp_gain":0,"max_hp_loss":0,"event_name":"Colosseum","floor":30,"gold_loss":0},{"damage_healed":0,"gold_gain":0,"player_choice":"Fought Nobs","damage_taken":0,"max_hp_gain":0,"max_hp_loss":0,"event_name":"Colosseum","floor":30,"gold_loss":0},{"damage_healed":0,"gold_gain":0,"player_choice":"Max HP","damage_taken":0,"max_hp_gain":0,"max_hp_loss":4,"event_name":"Winding Halls","floor":36,"gold_loss":0}],"is_beta":true,"boss_relics":[{"not_picked":["Eternal Feather","Tiny House"],"picked":"Empty Cage"},{"not_picked":["Busted Crown","Coffee Dripper"],"picked":"Cursed Key"}],"items_purged_floors":[14,28],"is_endless":false,"potions_floor_spawned":[4,7,18,21,23,30,33,38,39],"killed_by":"Nemesis","ascension_level":20}