{"gold_per_floor":[111,186,186,204,224,224,265,265,292,292,442,476,229,252,252,348,348,373,393,10,285,107,146,146,159,159,159,179,218,68,86,86,179,179,202,221,221],"floor_reached":37,"playtime":1144,"items_purged":["Doubt","Strike_B","Regret","Strike_B"],"score":859,"play_id":"deae181f-7b6d-4b7a-b984-f2dc0de960ff","local_time":"20190328160711","is_ascension_mode":true,"campfire_choices":[{"data":"Zap","floor":6,"key":"SMITH"},{"data":"Doom and Gloom","floor":8,"key":"SMITH"},{"floor":10,"key":"REST"},{"data":"Dualcast","floor":15,"key":"SMITH"},{"floor":24,"key":"REST"},{"floor":27,"key":"REST"},{"floor":32,"key":"REST"}],"neow_cost":"NONE","seed_source_timestamp":1276843282679225,"circlet_count":0,"master_deck":["AscendersBane","Strike_B","Strike_B","Defend_B","Defend_B","Defend_B","Defend_B","Zap+1","Dualcast+1","Cold Snap","Ball Lightning","Cold Snap","Doom and Gloom+1","Electrodynamics+1","Defragment+1","Biased Cognition+1","Storm+1","Capacitor+1","Leap","Buffer+1","Static Discharge+1","Genetic Algorithm","Compile Driver","Core Surge","Loop+1"],"relics":["Cracked Core","Golden Idol","Regal Pillow","Art of War","Frozen Egg 2","Lantern","Sozu","Cables","Potion Belt","Du-Vu Doll","Pantograph","Black Star"],"potions_floor_usage":[23],"damage_taken":[{"damage":4,"enemies":"Small Slimes","floor":1,"turns":3},{"damage":2,"enemies":"Jaw Worm","floor":4,"turns":3},{"damage":0,"enemies":"2 Louse","floor":5,"turns":2},{"damage":25,"enemies":"Lagavulin","floor":7,"turns":6},{"damage":16,"enemies":"3 Sentries","floor":12,"turns":5},{"damage":9,"enemies":"Red Slaver","floor":14,"turns":2},{"damage":18,"enemies":"Hexaghost","floor":16,"turns":9},{"damage":35,"enemies":"Shell Parasite","floor":18,"turns":3},{"damage":0,"enemies":"2 Thieves","floor":19,"turns":1},{"damage":23,"enemies":"Gremlin Leader","floor":23,"turns":4},{"damage":8,"enemies":"Snake Plant","floor":25,"turns":2},{"damage":24,"enemies":"Shelled Parasite and Fungi","floor":28,"turns":2},{"damage":29,"enemies":"Slavers","floor":29,"turns":2},{"damage":0,"enemies":"Cultist and Chosen","floor":31,"turns":3},{"damage":25,"enemies":"Champ","floor":33,"turns":9},{"damage":20,"enemies":"3 Shapes","floor":35,"turns":3},{"damage":17,"enemies":"3 Darklings","floor":36,"turns":2},{"damage":37,"enemies":"Spire Growth","floor":37,"turns":3}],"seed_played":"-3997431386387200340","potions_obtained":[{"floor":1,"key":"Dexterity Potion"},{"floor":4,"key":"SpeedPotion"},{"floor":12,"key":"Regen Potion"}],"is_trial":false,"path_per_floor":["M","?","?","M","M","R","E","R","T","R","?","E","$","M","R","B",null,"M","M","$","?","$","E","R","M","T","R","M","E","$","M","R","B",null,"M","M","M"],"character_chosen":"DEFECT","items_purchased":["Lantern","Cables","Leap"],"campfire_rested":4,"item_purchase_floors":[13,20,22],"current_hp_per_floor":[67,56,56,54,54,54,29,29,29,65,65,49,49,40,40,22,59,24,24,24,24,24,13,49,41,41,71,47,18,18,18,54,46,65,45,28,0],"gold":221,"neow_bonus":"TEN_PERCENT_HP_BONUS","is_prod":false,"is_daily":false,"chose_seed":false,"campfire_upgraded":3,"win_rate":0,"timestamp":1553789231,"path_taken":["M","?","?","M","M","R","E","R","T","R","?","E","$","M","R","BOSS","M","M","$","?","$","E","R","?","T","R","M","E","$","?","R","BOSS","M","M","M"],"build_version":"2019-03-15","purchased_purges":4,"victory":false,"max_hp_per_floor":[78,78,71,71,71,71,71,71,71,71,71,71,71,71,71,71,71,71,71,71,71,71,71,71,71,71,71,71,71,71,71,71,71,71,71,71,71],"card_choices":[{"not_picked":["Chaos","Sunder"],"picked":"Cold Snap","floor":1},{"not_picked":["Leap","Rebound"],"picked":"Ball Lightning","floor":4},{"not_picked":["Streamline","Hologram"],"picked":"Cold Snap","floor":5},{"not_picked":["Coolheaded","Static Discharge"],"picked":"Doom and Gloom","floor":7},{"not_picked":["Steam","Glacier"],"picked":"Electrodynamics","floor":12},{"not_picked":["Static Discharge+1","Compile Driver"],"picked":"Defragment+1","floor":14},{"not_picked":["Rainbow","Creative AI+1"],"picked":"Biased Cognition+1","floor":16},{"not_picked":["Turbo","Gash"],"picked":"Storm+1","floor":18},{"not_picked":["Gash","Rebound"],"picked":"Capacitor+1","floor":19},{"not_picked":["Coolheaded","Heatsinks+1"],"picked":"Buffer+1","floor":23},{"not_picked":["Rebound","Compile Driver"],"picked":"Static Discharge+1","floor":25},{"not_picked":["Stack","Cold Snap","Leap"],"picked":"SKIP","floor":28},{"not_picked":["Gash","Leap+1"],"picked":"Genetic Algorithm","floor":29},{"not_picked":["Rainbow","Fusion"],"picked":"Compile Driver","floor":31},{"not_picked":["Amplify","Fission"],"picked":"Core Surge","floor":33},{"not_picked":["Darkness+1","Rebound+1","Cold Snap+1"],"picked":"SKIP","floor":35},{"not_picked":["Beam Cell","Chaos"],"picked":"Loop+1","floor":36}],"player_experience":1968352,"relics_obtained":[{"floor":7,"key":"Regal Pillow"},{"floor":9,"key":"Art of War"},{"floor":12,"key":"Frozen Egg 2"},{"floor":23,"key":"Potion Belt"},{"floor":26,"key":"Du-Vu Doll"},{"floor":29,"key":"Pantograph"}],"event_choices":[{"damage_healed":0,"gold_gain":75,"player_choice":"Gather Gold","damage_taken":11,"max_hp_gain":0,"max_hp_loss":0,"event_name":"World of Goop","floor":2,"gold_loss":0},{"damage_healed":0,"gold_gain":0,"player_choice":"Lose Max HP","damage_taken":0,"relics_obtained":["Golden Idol"],"max_hp_gain":0,"max_hp_loss":7,"event_name":"Golden Idol","floor":3,"gold_loss":0},{"damage_healed":0,"gold_gain":150,"player_choice":"AGREE","damage_taken":0,"max_hp_gain":0,"max_hp_loss":0,"event_name":"Liars Game","floor":11,"gold_loss":0,"cards_obtained":["Doubt"]},{"damage_healed":0,"gold_gain":275,"player_choice":"Desecrate","damage_taken":0,"max_hp_gain":0,"max_hp_loss":0,"event_name":"Golden Shrine","floor":21,"gold_loss":0,"cards_obtained":["Regret"]}],"is_beta":true,"boss_relics":[{"not_picked":["FrozenCore","White Beast Statue"],"picked":"Sozu"},{"not_picked":["Busted Crown","Eternal Feather"],"picked":"Black Star"}],"items_purged_floors":[13,20,22,30],"is_endless":false,"potions_floor_spawned":[1,4,12,23,25,29,33,36],"killed_by":"Spire Growth","ascension_level":20}