{"gold_per_floor":[116,66,85,160,175,175,203,203,203,48,48,63,96,108,108,209,209,223,237,327,346,346,380,157,184,184,84,84,97,113,212,212,314,314,328,328,328,344,119,119,146,246,246,246,63,83,97,116,116,116],"floor_reached":50,"playtime":2357,"items_purged":["Strike_R","Pain","Strike_R"],"score":855,"play_id":"9cc0f54e-116c-461d-869c-b86d580257e0","local_time":"20190814220112","is_ascension_mode":true,"campfire_choices":[{"data":"Bash","floor":6,"key":"SMITH"},{"data":"Flex","floor":8,"key":"SMITH"},{"data":"Bludgeon","floor":11,"key":"SMITH"},{"data":"Armaments","floor":15,"key":"SMITH"},{"data":"Fiend Fire","floor":28,"key":"SMITH"},{"floor":32,"key":"REST"},{"data":"Fiend Fire","floor":40,"key":"SMITH"},{"data":"Limit Break","floor":49,"key":"SMITH"}],"neow_cost":"NONE","seed_source_timestamp":289276667740100,"circlet_count":0,"master_deck":["AscendersBane","Strike_R+1","Strike_R","Defend_R","Defend_R","Defend_R","Defend_R","Bash+1","Burning Pact","Flex+1","Sentinel","Shrug It Off","Bludgeon+1","Armaments+1","Shrug It Off","Fiend Fire+1","Inflame+1","Fiend Fire+1","Clumsy","Battle Trance+1","Reaper+1","Seeing Red+1","Flash of Steel","Whirlwind","Limit Break+1","Flame Barrier","Metallicize+1"],"relics":["Burning Blood","NeowsBlessing","Meat on the Bone","PreservedInsect","Singing Bowl","Cursed Key","StoneCalendar","Magic Flower","Vajra","Ginger","Gremlin Horn","Runic Pyramid","Whetstone","Peace Pipe"],"potions_floor_usage":[13,16,16,29,33,46,50,50,50],"damage_taken":[{"damage":0,"enemies":"2 Louse","floor":1,"turns":1},{"damage":0,"enemies":"Small Slimes","floor":3,"turns":1},{"damage":0,"enemies":"Cultist","floor":5,"turns":1},{"damage":35,"enemies":"Lagavulin","floor":7,"turns":6},{"damage":20,"enemies":"Exordium Thugs","floor":12,"turns":5},{"damage":12,"enemies":"3 Sentries","floor":13,"turns":7},{"damage":9,"enemies":"Red Slaver","floor":14,"turns":3},{"damage":41,"enemies":"Slime Boss","floor":16,"turns":10},{"damage":3,"enemies":"Spheric Guardian","floor":18,"turns":3},{"damage":25,"enemies":"3 Byrds","floor":19,"turns":5},{"damage":0,"enemies":"Snecko","floor":21,"turns":3},{"damage":41,"enemies":"Book of Stabbing","floor":23,"turns":4},{"damage":42,"enemies":"Slavers","floor":25,"turns":5},{"damage":16,"enemies":"Centurion and Healer","floor":29,"turns":6},{"damage":22,"enemies":"Chosen and Byrds","floor":30,"turns":6},{"damage":67,"enemies":"Collector","floor":33,"turns":8},{"damage":10,"enemies":"3 Shapes","floor":35,"turns":4},{"damage":11,"enemies":"Orb Walker","floor":38,"turns":2},{"damage":0,"enemies":"Giant Head","floor":41,"turns":4},{"damage":16,"enemies":"Mind Bloom Boss Battle","floor":42,"turns":6},{"damage":0,"enemies":"Sphere and 2 Shapes","floor":46,"turns":1},{"damage":30,"enemies":"Jaw Worm Horde","floor":47,"turns":5},{"damage":44,"enemies":"Transient","floor":48,"turns":5},{"damage":111,"enemies":"Awakened One","floor":50,"turns":6}],"seed_played":"-4085119865602342105","potions_obtained":[{"floor":1,"key":"Block Potion"},{"floor":5,"key":"SpeedPotion"},{"floor":12,"key":"Explosive Potion"},{"floor":18,"key":"Ancient Potion"},{"floor":19,"key":"FairyPotion"},{"floor":25,"key":"GamblersBrew"},{"floor":30,"key":"SkillPotion"},{"floor":41,"key":"BloodPotion"},{"floor":48,"key":"EssenceOfSteel"}],"is_trial":false,"path_per_floor":["M","?","M","?","M","R","E","R","T","$","R","M","E","M","R","B",null,"M","M","?","M","T","E","$","E","T","$","R","M","M","?","R","B",null,"M","?","$","M","$","R","E","?","T","?","$","M","M","M","R","B"],"character_chosen":"IRONCLAD","items_purchased":["Bludgeon","Vajra","Strength Potion","SteroidPotion","Whirlwind","Limit Break"],"campfire_rested":1,"item_purchase_floors":[10,24,39,39,45,45],"current_hp_per_floor":[78,78,80,69,75,75,46,46,46,46,46,44,50,49,49,26,68,73,56,40,58,58,37,37,39,39,39,39,50,57,57,84,44,79,80,80,80,80,80,80,89,84,84,84,84,91,87,70,70,0],"gold":116,"neow_bonus":"THREE_ENEMY_KILL","is_prod":false,"is_daily":false,"chose_seed":false,"campfire_upgraded":7,"win_rate":0,"timestamp":1565787672,"path_taken":["M","?","M","?","M","R","E","R","T","$","R","M","E","M","R","BOSS","M","M","?","?","?","E","$","E","T","$","R","?","M","?","R","BOSS","M","?","$","M","$","R","E","?","T","?","?","?","M","M","R","BOSS"],"build_version":"2019-07-17","purchased_purges":3,"victory":false,"max_hp_per_floor":[80,80,80,80,80,80,80,80,80,80,80,80,80,82,82,82,82,84,86,86,86,86,88,88,88,88,88,88,88,90,90,90,90,90,92,87,87,89,89,89,89,91,91,91,91,91,93,93,93,93],"card_choices":[{"not_picked":["Power Through","Headbutt"],"picked":"Burning Pact","floor":1},{"not_picked":["Cleave","Second Wind"],"picked":"Flex","floor":3},{"not_picked":["Searing Blow","Warcry"],"picked":"Sentinel","floor":5},{"not_picked":["Ghostly Armor","Body Slam"],"picked":"Shrug It Off","floor":7},{"not_picked":["Power Through","Sever Soul"],"picked":"Armaments","floor":12},{"not_picked":["True Grit","Inflame"],"picked":"Shrug It Off","floor":13},{"not_picked":["True Grit","Disarm","Havoc"],"picked":"Singing Bowl","floor":14},{"not_picked":["Double Tap","Juggernaut"],"picked":"Fiend Fire","floor":16},{"not_picked":["Thunderclap","Headbutt+1","Armaments+1"],"picked":"Singing Bowl","floor":18},{"not_picked":["Shrug It Off","Brutality","Wild Strike"],"picked":"Singing Bowl","floor":19},{"not_picked":["Perfected Strike","Warcry"],"picked":"Inflame+1","floor":21},{"not_picked":["Body Slam","Anger+1","Fire Breathing"],"picked":"Singing Bowl","floor":23},{"not_picked":["Havoc+1","Clash"],"picked":"Fiend Fire","floor":25},{"not_picked":["Perfected Strike","Infernal Blade+1"],"picked":"Battle Trance+1","floor":29},{"not_picked":["Wild Strike","Shockwave","Havoc"],"picked":"Singing Bowl","floor":30},{"not_picked":["Feed","Fiend Fire"],"picked":"Reaper","floor":33},{"not_picked":["Clothesline","Iron Wave","Perfected Strike"],"picked":"Singing Bowl","floor":35},{"not_picked":["Disarm","Iron Wave","Twin Strike+1"],"picked":"Singing Bowl","floor":38},{"not_picked":["Hemokinesis","Headbutt"],"picked":"Seeing Red+1","floor":41},{"not_picked":["Armaments","Pommel Strike","Heavy Blade+1"],"picked":"Singing Bowl","floor":42},{"not_picked":["PanicButton","Jack Of All Trades"],"picked":"Flash of Steel","floor":44},{"not_picked":["Blood for Blood","Perfected Strike+1"],"picked":"Flame Barrier","floor":46},{"not_picked":["Cleave+1","Heavy Blade","Iron Wave"],"picked":"Singing Bowl","floor":47},{"not_picked":["Inflame","Shrug It Off+1"],"picked":"Metallicize+1","floor":48}],"player_experience":140303,"relics_obtained":[{"floor":7,"key":"Meat on the Bone"},{"floor":9,"key":"PreservedInsect"},{"floor":13,"key":"Singing Bowl"},{"floor":22,"key":"StoneCalendar"},{"floor":23,"key":"Magic Flower"},{"floor":25,"key":"Ginger"},{"floor":26,"key":"Gremlin Horn"},{"floor":41,"key":"Whetstone"},{"floor":42,"key":"Peace Pipe"}],"event_choices":[{"cards_removed":["Strike_R"],"damage_healed":0,"gold_gain":0,"player_choice":"Card Removal","damage_taken":0,"max_hp_gain":0,"max_hp_loss":0,"event_name":"The Cleric","floor":2,"gold_loss":50},{"damage_healed":0,"gold_gain":75,"player_choice":"Gather Gold","damage_taken":11,"max_hp_gain":0,"max_hp_loss":0,"event_name":"World of Goop","floor":4,"gold_loss":0},{"damage_healed":0,"gold_gain":90,"player_choice":"GOLD ","damage_taken":16,"max_hp_gain":0,"max_hp_loss":0,"event_name":"Knowing Skull","floor":20,"potions_obtained":[],"gold_loss":0,"cards_obtained":[]},{"damage_healed":0,"gold_gain":99,"player_choice":"Stole From Cult","damage_taken":0,"max_hp_gain":0,"max_hp_loss":0,"event_name":"Nest","floor":31,"gold_loss":0},{"damage_healed":0,"gold_gain":0,"player_choice":"Max HP","damage_taken":0,"max_hp_gain":0,"max_hp_loss":5,"event_name":"Winding Halls","floor":36,"gold_loss":0},{"damage_healed":0,"gold_gain":0,"player_choice":"Fight","damage_taken":0,"max_hp_gain":0,"max_hp_loss":0,"event_name":"MindBloom","floor":42,"gold_loss":0},{"damage_healed":0,"gold_gain":0,"player_choice":"Memory 1","damage_taken":0,"max_hp_gain":0,"max_hp_loss":0,"event_name":"SensoryStone","floor":44,"gold_loss":0}],"is_beta":false,"boss_relics":[{"not_picked":["Empty Cage","Orrery"],"picked":"Cursed Key"},{"not_picked":["Runic Dome","Astrolabe"],"picked":"Runic Pyramid"}],"items_purged_floors":[24,27,39],"is_endless":false,"potions_floor_spawned":[1,5,12,18,19,25,30,41,42,48],"killed_by":"Awakened One","ascension_level":10}