{"gold_per_floor":[109,109,34,46,46,71,82,82,82,101,120,120,20,20,20,120,120,139,139,139,162,180,213,213,40,40,52,164,176,188],"floor_reached":30,"playtime":2087,"items_purged":["Strike_B","Strike_B","Zap"],"score":244,"play_id":"2d9ee5ff-61da-4184-9729-f2aa244e0521","local_time":"20190817095812","is_ascension_mode":false,"campfire_choices":[{"data":"Self Repair","floor":8,"key":"SMITH"},{"data":"Coolheaded","floor":12,"key":"SMITH"},{"floor":15,"key":"REST"},{"data":"RitualDagger","floor":27,"key":"SMITH"},{"data":"Skim","floor":29,"key":"SMITH"}],"neow_cost":"NONE","seed_source_timestamp":78771067916396,"circlet_count":0,"master_deck":["Dualcast","Streamline","Rebound","Coolheaded+1","Self Repair+1","Meteor Strike","Rainbow+1","Creative AI","Rebound","Auto Shields","Ball Lightning","Skim+1","Meteor Strike","Barrage","RitualDagger+1","Double Energy+1","Chill","Turbo","Turbo"],"relics":["Runic Pyramid","Sundial","Juzu Bracelet","Pandora\u0027s Box","Frozen Egg 2","Ice Cream","MawBank","Nunchaku","Mummified Hand"],"potions_floor_usage":[11,16,23],"damage_taken":[{"damage":5,"enemies":"Jaw Worm","floor":1,"turns":4},{"damage":0,"enemies":"2 Louse","floor":4,"turns":2},{"damage":31,"enemies":"Lagavulin","floor":6,"turns":5},{"damage":7,"enemies":"Small Slimes","floor":7,"turns":2},{"damage":16,"enemies":"Blue Slaver","floor":10,"turns":4},{"damage":18,"enemies":"Exordium Thugs","floor":11,"turns":5},{"damage":36,"enemies":"Hexaghost","floor":16,"turns":11},{"damage":7,"enemies":"Chosen","floor":18,"turns":6},{"damage":20,"enemies":"3 Byrds","floor":22,"turns":5},{"damage":46,"enemies":"Book of Stabbing","floor":23,"turns":4},{"damage":10,"enemies":"Colosseum Slavers","floor":28,"turns":4},{"damage":9,"enemies":"Colosseum Nobs","floor":28,"turns":3},{"damage":27,"enemies":"Slavers","floor":30,"turns":1}],"seed_played":"-7282725228410874167","potions_obtained":[{"floor":1,"key":"SpeedPotion"},{"floor":10,"key":"FearPotion"},{"floor":16,"key":"Swift Potion"}],"is_trial":false,"path_per_floor":["M","?","$","M","?","E","M","R","T","M","M","R","$","$","R","B",null,"M","?","?","T","M","E","?","$","T","R","?","R","E"],"character_chosen":"DEFECT","items_purchased":["Turbo"],"campfire_rested":1,"item_purchase_floors":[25],"current_hp_per_floor":[70,70,70,70,70,39,32,32,32,26,18,18,18,18,40,14,75,75,69,69,69,59,23,23,23,23,23,24,24,0],"gold":188,"neow_bonus":"BOSS_RELIC","is_prod":false,"is_daily":false,"chose_seed":false,"campfire_upgraded":4,"win_rate":0,"timestamp":1566061092,"path_taken":["M","?","$","M","?","E","M","R","T","M","M","R","?","$","R","BOSS","M","?","?","?","M","E","?","?","T","R","?","R","E"],"build_version":"2019-07-17","purchased_purges":3,"victory":false,"max_hp_per_floor":[75,75,75,75,75,75,75,75,75,75,75,75,75,75,75,75,75,75,75,75,75,75,75,75,75,75,75,75,75,75],"card_choices":[{"not_picked":["Chill","Leap"],"picked":"Streamline","floor":1},{"not_picked":["Turbo","Capacitor"],"picked":"Rebound","floor":4},{"not_picked":["Capacitor","Doom and Gloom"],"picked":"Coolheaded","floor":6},{"not_picked":["Steam","Reinforced Body"],"picked":"Self Repair","floor":7},{"not_picked":["Ball Lightning","Steam","Coolheaded"],"picked":"SKIP","floor":10},{"not_picked":["Storm","Hologram"],"picked":"Meteor Strike","floor":11},{"not_picked":["Core Surge","Amplify"],"picked":"Rainbow","floor":16},{"not_picked":["Cold Snap","Stack"],"picked":"Barrage","floor":18},{"not_picked":["Reprogram","FTL"],"picked":"Double Energy+1","floor":22},{"not_picked":["Ball Lightning+1","Doom and Gloom"],"picked":"Chill","floor":23},{"not_picked":["Reprogram+1","Auto Shields"],"picked":"Turbo","floor":28}],"player_experience":140852,"relics_obtained":[{"floor":6,"key":"Sundial"},{"floor":9,"key":"Juzu Bracelet"},{"floor":23,"key":"Ice Cream"},{"floor":26,"key":"MawBank"},{"floor":28,"key":"Nunchaku"},{"floor":28,"key":"Mummified Hand"}],"event_choices":[{"damage_healed":0,"gold_gain":0,"player_choice":"Ignored","damage_taken":0,"max_hp_gain":0,"max_hp_loss":0,"event_name":"Liars Game","floor":2,"gold_loss":0},{"damage_healed":0,"gold_gain":0,"player_choice":"Leave","damage_taken":0,"max_hp_gain":0,"max_hp_loss":0,"event_name":"The Cleric","floor":5,"gold_loss":0},{"damage_healed":0,"gold_gain":0,"player_choice":"Joined the Cult","damage_taken":6,"max_hp_gain":0,"max_hp_loss":0,"event_name":"Nest","floor":19,"gold_loss":0,"cards_obtained":["RitualDagger"]},{"damage_healed":0,"gold_gain":0,"player_choice":"Opened","damage_taken":0,"relics_obtained":["Frozen Egg 2"],"max_hp_gain":0,"max_hp_loss":0,"event_name":"The Mausoleum","floor":20,"gold_loss":0},{"damage_healed":0,"gold_gain":0,"player_choice":"Upgraded","damage_taken":0,"max_hp_gain":0,"max_hp_loss":0,"event_name":"Upgrade Shrine","floor":24,"gold_loss":0,"cards_upgraded":["Rainbow"]},{"damage_healed":0,"gold_gain":0,"player_choice":"Fight","damage_taken":0,"max_hp_gain":0,"max_hp_loss":0,"event_name":"Colosseum","floor":28,"gold_loss":0},{"damage_healed":0,"gold_gain":0,"player_choice":"Fought Nobs","damage_taken":0,"max_hp_gain":0,"max_hp_loss":0,"event_name":"Colosseum","floor":28,"gold_loss":0}],"is_beta":false,"boss_relics":[{"not_picked":["Runic Dome","Fusion Hammer"],"picked":"Pandora\u0027s Box"}],"items_purged_floors":[3,13,25],"is_endless":false,"potions_floor_spawned":[1,10,16],"killed_by":"Slavers","ascension_level":0}