{"gold_per_floor":[115,115,115,128,128,128,160,160,185,219,219,229,245,258,258,356,356,371,202,214,214,129,129,159,159,241,241,51,69,81,81],"floor_reached":31,"playtime":1857,"items_purged":[],"score":302,"play_id":"3dbe938f-dc5e-45e2-8ee4-6ba18b7784f3","local_time":"20190731183834","is_ascension_mode":true,"campfire_choices":[{"data":"Shockwave","floor":6,"key":"SMITH"},{"data":"Juggernaut","floor":8,"key":"SMITH"},{"data":"Shrug It Off","floor":11,"key":"SMITH"},{"data":"Berserk","floor":15,"key":"SMITH"},{"data":"Armaments","floor":23,"key":"SMITH"},{"data":"Shrug It Off","floor":25,"key":"SMITH"}],"neow_cost":"NONE","seed_source_timestamp":1748542210027520,"circlet_count":0,"master_deck":["Strike_R","Strike_R","Strike_R","Strike_R","Defend_R","Defend_R","Defend_R","Bash","Finesse","Sword Boomerang","Juggernaut+1","Shockwave+1","Ghostly Armor+1","Shrug It Off+1","Heavy Blade","Berserk+1","Pommel Strike","Dark Embrace","Thunderclap","Armaments+1","Flex+1","Shrug It Off+1","Body Slam+1","Inflame","True Grit+1","Juggernaut"],"relics":["Black Blood","Anchor","Strawberry","Gremlin Horn","Orichalcum","Happy Flower","War Paint","Darkstone Periapt","Oddly Smooth Stone"],"potions_floor_usage":[20,24,24,31],"damage_taken":[{"damage":9,"enemies":"Jaw Worm","floor":1,"turns":3},{"damage":1,"enemies":"Cultist","floor":4,"turns":3},{"damage":28,"enemies":"Lagavulin","floor":7,"turns":8},{"damage":33,"enemies":"3 Sentries","floor":10,"turns":9},{"damage":0,"enemies":"Small Slimes","floor":12,"turns":4},{"damage":9,"enemies":"Blue Slaver","floor":13,"turns":4},{"damage":6,"enemies":"2 Fungi Beasts","floor":14,"turns":4},{"damage":18,"enemies":"Slime Boss","floor":16,"turns":8},{"damage":57,"enemies":"3 Byrds","floor":18,"turns":6},{"damage":7,"enemies":"Shell Parasite","floor":20,"turns":6},{"damage":26,"enemies":"Slavers","floor":24,"turns":4},{"damage":32,"enemies":"Snecko","floor":29,"turns":7},{"damage":6,"enemies":"Cultist and Chosen","floor":30,"turns":6},{"damage":23,"enemies":"3 Cultists","floor":31,"turns":4}],"seed_played":"5275528049634478049","potions_obtained":[{"floor":4,"key":"Regen Potion"},{"floor":7,"key":"Poison Potion"},{"floor":10,"key":"Explosive Potion"},{"floor":18,"key":"Energy Potion"},{"floor":20,"key":"Weak Potion"},{"floor":24,"key":"Weak Potion"},{"floor":30,"key":"LiquidBronze"}],"is_trial":false,"path_per_floor":["M","?","?","M","$","R","E","R","T","E","R","M","M","M","R","B",null,"M","$","M","?","?","R","E","R","T","?","$","M","M","M"],"character_chosen":"IRONCLAD","items_purchased":["Armaments","Orichalcum","Oddly Smooth Stone","Inflame"],"campfire_rested":0,"item_purchase_floors":[19,19,28,28],"current_hp_per_floor":[77,70,70,75,75,75,53,53,60,33,33,39,36,36,36,24,87,40,40,57,57,57,57,41,41,41,41,41,19,23,0],"gold":81,"neow_bonus":"RANDOM_COLORLESS","is_prod":false,"is_daily":false,"chose_seed":false,"campfire_upgraded":6,"win_rate":0,"timestamp":1564587514,"path_taken":["M","?","?","?","$","R","E","R","T","E","R","?","M","M","R","BOSS","M","$","M","?","?","R","E","R","T","?","?","M","M","M"],"build_version":"2019-07-17","purchased_purges":0,"victory":false,"max_hp_per_floor":[80,80,80,80,80,80,80,80,87,87,87,87,87,87,87,87,87,87,87,87,87,87,87,87,87,87,87,87,87,87,87],"card_choices":[{"not_picked":["Dual Wield","Corruption"],"picked":"Sword Boomerang","floor":1},{"not_picked":["Entrench","Blood for Blood"],"picked":"Shockwave","floor":4},{"not_picked":["Combust","Wild Strike"],"picked":"Ghostly Armor","floor":7},{"not_picked":["Flex","Inflame"],"picked":"Shrug It Off","floor":10},{"not_picked":["Dual Wield","Shrug It Off"],"picked":"Heavy Blade","floor":12},{"not_picked":["Ghostly Armor","Corruption"],"picked":"Berserk","floor":13},{"not_picked":["Dual Wield","Heavy Blade"],"picked":"Pommel Strike","floor":14},{"not_picked":["Double Tap","Immolate"],"picked":"Dark Embrace","floor":16},{"not_picked":["Burning Pact","Twin Strike"],"picked":"Thunderclap","floor":18},{"not_picked":["Second Wind","Warcry"],"picked":"Flex","floor":20},{"not_picked":["Warcry","Second Wind+1"],"picked":"Body Slam+1","floor":24},{"not_picked":["Whirlwind","Sever Soul"],"picked":"True Grit+1","floor":29},{"not_picked":["Shrug It Off+1","Sword Boomerang"],"picked":"Juggernaut","floor":30}],"player_experience":136950,"relics_obtained":[{"floor":7,"key":"Anchor"},{"floor":9,"key":"Strawberry"},{"floor":10,"key":"Gremlin Horn"},{"floor":24,"key":"War Paint"},{"floor":26,"key":"Darkstone Periapt"}],"event_choices":[{"cards_removed":["Strike_R"],"damage_healed":0,"gold_gain":0,"player_choice":"Card Removal","damage_taken":7,"max_hp_gain":0,"max_hp_loss":0,"event_name":"Golden Wing","floor":2,"gold_loss":0},{"damage_healed":0,"gold_gain":0,"cards_transformed":["Defend_R"],"player_choice":"Transformed","damage_taken":0,"max_hp_gain":0,"max_hp_loss":0,"event_name":"Transmorgrifier","floor":3,"gold_loss":0,"cards_obtained":["Juggernaut"]},{"damage_healed":0,"gold_gain":0,"player_choice":"Read","damage_taken":0,"max_hp_gain":0,"max_hp_loss":0,"event_name":"The Library","floor":21,"gold_loss":0,"cards_obtained":["Shrug It Off"]},{"damage_healed":0,"gold_gain":0,"player_choice":"Obtained Relic","damage_taken":0,"relics_obtained":["Happy Flower"],"max_hp_gain":0,"max_hp_loss":0,"event_name":"Addict","floor":22,"gold_loss":85},{"damage_healed":0,"gold_gain":0,"player_choice":"Ignored","damage_taken":0,"max_hp_gain":0,"max_hp_loss":0,"event_name":"Ghosts","floor":27,"gold_loss":0}],"is_beta":false,"boss_relics":[{"not_picked":["Eternal Feather","Ectoplasm"],"picked":"Black Blood"}],"items_purged_floors":[],"is_endless":false,"potions_floor_spawned":[4,7,10,16,18,20,24,30],"killed_by":"3 Cultists","ascension_level":3}