{"gold_per_floor":[115,115,132,282,282,282,314,314,360,387,401,18,35,62,62,140,140,160,56,56,75,75,75,91,91,114,17,34,47,47,63,63,135,135,154,154,7,19,39,73,73,0,45,63,95,95,95,95,95,95,95],"floor_reached":52,"playtime":3105,"items_purged":["Strike_B","Strike_B"],"score":2356,"play_id":"ad9570f5-c65d-47c3-aaf2-add73607a5c2","local_time":"20181011191218","is_ascension_mode":true,"campfire_choices":[{"data":"Zap","floor":6.0,"key":"SMITH"},{"data":"Compile Driver","floor":8.0,"key":"SMITH"},{"data":"Defragment","floor":15.0,"key":"SMITH"},{"data":"Defragment","floor":23,"key":"SMITH"},{"floor":25,"key":"REST"},{"floor":32,"key":"REST"},{"data":"Capacitor","floor":41,"key":"SMITH"},{"floor":46,"key":"REST"},{"floor":49,"key":"REST"}],"neow_cost":"NONE","seed_source_timestamp":0,"circlet_count":0,"master_deck":["Defend_B","Defend_B","Defend_B","Defend_B","Zap+1","Dualcast","AscendersBane","Chill","Compile Driver+1","Streamline+1","Coolheaded","Defragment+1","Compile Driver+1","Defragment+1","Go for the Eyes","Compile Driver+1","Defragment+1","Coolheaded","RitualDagger","Beam Cell+1","Steam+1","FTL+1","Self Repair","Capacitor+1","Buffer","Go for the Eyes","Compile Driver","Hologram","Stack+1","Steam+1"],"special_seed":0,"relics":["Cracked Core","NeowsBlessing","The Courier","Omamori","Incense Burner","Mango","Blood Vial","Philosopher\u0027s Stone","Whetstone","Busted Crown","Ornamental Fan","Red Mask","DataDisk","Boot","Ginger"],"potions_floor_usage":[16,18,24,24,28,35,40,44,50,51],"damage_taken":[{"damage":0.0,"enemies":"2 Louse","floor":1.0,"turns":1.0},{"damage":0.0,"enemies":"Jaw Worm","floor":3.0,"turns":1.0},{"damage":0.0,"enemies":"Gremlin Nob","floor":7.0,"turns":1.0},{"damage":25.0,"enemies":"Lagavulin","floor":10.0,"turns":7.0},{"damage":0.0,"enemies":"Small Slimes","floor":11.0,"turns":2.0},{"damage":1.0,"enemies":"3 Louse","floor":13.0,"turns":3.0},{"damage":32.0,"enemies":"Gremlin Nob","floor":14.0,"turns":4.0},{"damage":0,"enemies":"Slime Boss","floor":16,"turns":7},{"damage":0,"enemies":"Spheric Guardian","floor":18,"turns":3},{"damage":19,"enemies":"Shell Parasite","floor":21,"turns":5},{"damage":33,"enemies":"Shelled Parasite and Fungi","floor":24,"turns":8},{"damage":24,"enemies":"Snake Plant","floor":28,"turns":5},{"damage":5,"enemies":"Sentry and Sphere","floor":29,"turns":7},{"damage":14,"enemies":"Snecko","floor":31,"turns":5},{"damage":0,"enemies":"Champ","floor":33,"turns":12},{"damage":0,"enemies":"3 Shapes","floor":35,"turns":5},{"damage":33,"enemies":"3 Darklings","floor":38,"turns":6},{"damage":0,"enemies":"4 Shapes","floor":39,"turns":10},{"damage":0,"enemies":"Nemesis","floor":40,"turns":9},{"damage":44,"enemies":"Jaw Worm Horde","floor":44,"turns":5},{"damage":41,"enemies":"2 Orb Walkers","floor":45,"turns":6},{"damage":0,"enemies":"Mind Bloom Boss Battle","floor":47,"turns":11},{"damage":0,"enemies":"Donu and Deca","floor":50,"turns":16},{"damage":9,"enemies":"Time Eater","floor":51,"turns":21}],"seed_played":"3844053295110630382","potions_obtained":[{"floor":1.0,"key":"SteroidPotion"},{"floor":7.0,"key":"Regen Potion"},{"floor":11.0,"key":"Strength Potion"},{"floor":14.0,"key":"Ancient Potion"},{"floor":16,"key":"GamblersBrew"},{"floor":29,"key":"FocusPotion"},{"floor":33,"key":"Swift Potion"},{"floor":38,"key":"SkillPotion"},{"floor":40,"key":"Swift Potion"},{"floor":47,"key":"Fire Potion"}],"is_trial":false,"path_per_floor":["M","?","M","?","?","R","E","R","T","E","M","$","M","E","R","B",null,"M","$","?","M","?","R","M","R","T","$","M","M","?","M","R","B",null,"M","$","$","M","M","E","R","?","T","M","E","R","?","?","R","B","B"],"character_chosen":"DEFECT","items_purchased":["Defragment","Mango","Compile Driver","Dexterity Potion","Fruit Juice","Compile Driver","Hologram"],"campfire_rested":4,"item_purchase_floors":[12,12,12,19,27,37,37],"current_hp_per_floor":[64,69,69,69,62,62,62,62,62,37,37,51,50,18,18,35,76,78,78,78,61,55,55,24,51,51,51,34,31,31,26,54,63,87,89,89,89,65,74,83,83,83,83,48,16,44,53,53,81,90,90],"gold":95,"neow_bonus":"THREE_ENEMY_KILL","is_prod":false,"is_daily":false,"chose_seed":false,"campfire_upgraded":5,"win_rate":0,"timestamp":1539281538,"path_taken":["M","?","M","?","?","R","E","R","T","E","?","$","?","E","R","BOSS","M","$","?","?","?","R","M","R","T","?","?","M","?","M","R","BOSS","M","?","$","M","?","E","R","?","T","M","E","R","?","?","R","BOSS","BOSS"],"build_version":"2018-10-10","purchased_purges":2,"victory":true,"max_hp_per_floor":[71,76,76,76,76,76,76,76,76,76,76,90,90,90,90,90,90,90,90,90,90,90,90,90,90,90,90,95,95,95,95,95,95,95,95,95,95,95,95,95,95,95,95,95,95,95,95,95,95,95,95],"card_choices":[{"not_picked":["Scrape","Aggregate"],"picked":"Chill","floor":1.0},{"not_picked":["Scrape","Storm","Force Field"],"picked":"SKIP","floor":3.0},{"not_picked":["Fission","Coolheaded"],"picked":"Compile Driver","floor":7.0},{"not_picked":["Chill","Genetic Algorithm"],"picked":"Streamline","floor":10.0},{"not_picked":["BootSequence","Rebound"],"picked":"Coolheaded","floor":11.0},{"not_picked":["Rebound","Leap"],"picked":"Defragment","floor":13.0},{"not_picked":["Steam Power","Rebound"],"picked":"Go for the Eyes","floor":14.0},{"not_picked":["Reprogram","Go for the Eyes"],"picked":"Compile Driver+1","floor":18},{"not_picked":["Go for the Eyes","Conserve Battery"],"picked":"Coolheaded","floor":21},{"not_picked":["Blizzard","Go for the Eyes"],"picked":"Beam Cell+1","floor":24},{"not_picked":["Genetic Algorithm","Stack"],"picked":"Steam+1","floor":28},{"not_picked":["Skim","Gash"],"picked":"FTL+1","floor":29},{"not_picked":["Darkness","Meteor Strike"],"picked":"Capacitor","floor":31},{"not_picked":["Thunder Strike","Fission"],"picked":"Buffer","floor":33},{"not_picked":[],"picked":"Go for the Eyes","floor":35},{"not_picked":["Rip and Tear"],"picked":"SKIP","floor":38},{"not_picked":["Rip and Tear"],"picked":"SKIP","floor":38},{"not_picked":[],"picked":"Stack+1","floor":39},{"not_picked":["Force Field"],"picked":"SKIP","floor":40},{"not_picked":[],"picked":"Steam+1","floor":44},{"not_picked":["Multi-Cast"],"picked":"SKIP","floor":45}],"player_experience":1444756,"relics_obtained":[{"floor":7.0,"key":"The Courier"},{"floor":9.0,"key":"Omamori"},{"floor":10.0,"key":"Incense Burner"},{"floor":14.0,"key":"Blood Vial"},{"floor":26,"key":"Whetstone"},{"floor":40,"key":"Ornamental Fan"},{"floor":43,"key":"DataDisk"},{"floor":45,"key":"Boot"},{"floor":47,"key":"Ginger"}],"event_choices":[{"event_name":"Big Fish","player_choice":"Donut","floor":2.0,"damage_taken":0.0},{"event_name":"Liars Game","player_choice":"agreed","floor":4.0,"damage_taken":0.0},{"event_name":"Golden Wing","player_choice":"Card Removal","floor":5.0,"damage_taken":0.0},{"event_name":"Duplicator","player_choice":"One dupe","floor":20,"damage_taken":0},{"event_name":"Nest","player_choice":"Joined the Cult","floor":22,"damage_taken":0},{"event_name":"Transmorgrifier","player_choice":"Transform","floor":30,"damage_taken":0},{"event_name":"Tomb of Lord Red Mask","player_choice":"Paid","floor":42,"damage_taken":0},{"event_name":"MindBloom","player_choice":"Fight","floor":47,"damage_taken":0},{"event_name":"Falling","player_choice":"Removed Attack","floor":48,"damage_taken":0}],"is_beta":true,"boss_relics":[{"not_picked":["Ectoplasm","White Beast Statue"],"picked":"Philosopher\u0027s Stone"},{"not_picked":["Fusion Hammer","Black Star"],"picked":"Busted Crown"}],"items_purged_floors":[19,37],"is_endless":false,"potions_floor_spawned":[1,7,11,14,16,21,29,33,38,40,47],"ascension_level":20}