{"gold_per_floor":[118,134,134,153,172,172,197,197,197,197,231,231,256,276,276,350,350,362,216,131,51,51,71,71,71,96,96,123,123,123,150,150,225,225,238,238,238,1237,501,501,516,516,516,516,53,86,102,102,102,102,102],"floor_reached":51,"playtime":2632,"items_purged":["Strike_B","Strike_B","Normality","Normality"],"score":1500,"play_id":"c3163c77-fa20-430a-95ae-7e29a0755ae5","local_time":"20181112000543","is_ascension_mode":true,"campfire_choices":[{"data":"Zap","floor":6.0,"key":"SMITH"},{"data":"Streamline","floor":10.0,"key":"SMITH"},{"data":"Sweeping Beam","floor":12.0,"key":"SMITH"},{"data":"Hologram","floor":15.0,"key":"SMITH"},{"floor":24.0,"key":"REST"},{"data":"Go for the Eyes","floor":27.0,"key":"SMITH"},{"floor":30.0,"key":"REST"},{"floor":32.0,"key":"REST"},{"data":"Biased Cognition","floor":40.0,"key":"SMITH"},{"data":"Coolheaded","floor":42.0,"key":"SMITH"},{"data":"Hologram","floor":44.0,"key":"SMITH"},{"floor":49.0,"key":"RECALL"}],"neow_cost":"NONE","seed_source_timestamp":0,"circlet_count":0,"master_deck":["AscendersBane","Defend_B","Defend_B","Defend_B+1","Defend_B","Zap+1","Streamline+1","Cold Snap","Hologram+1","Compile Driver","Sweeping Beam+1","Hologram+1","Core Surge","Go for the Eyes+1","All For One","Biased Cognition+1","Coolheaded+1","Hologram+1","Recycle+1","Beam Cell+1"],"special_seed":0,"relics":["Cracked Core","War Paint","Regal Pillow","Mercury Hourglass","Blue Candle","The Courier","Velvet Choker","Kunai","DataDisk","Bottled Flame","Empty Cage","TheAbacus","Potion Belt","Ornamental Fan","Toxic Egg 2","Pear","Anchor","Molten Egg 2"],"potions_floor_usage":[],"damage_taken":[{"damage":2.0,"enemies":"Small Slimes","floor":1.0,"turns":3.0},{"damage":0.0,"enemies":"Cultist","floor":2.0,"turns":3.0},{"damage":1.0,"enemies":"2 Louse","floor":4.0,"turns":2.0},{"damage":0.0,"enemies":"2 Fungi Beasts","floor":5.0,"turns":3.0},{"damage":16.0,"enemies":"Lagavulin","floor":7.0,"turns":6.0},{"damage":13.0,"enemies":"3 Sentries","floor":11.0,"turns":4.0},{"damage":18.0,"enemies":"Gremlin Nob","floor":13.0,"turns":4.0},{"damage":1.0,"enemies":"Looter","floor":14.0,"turns":3.0},{"damage":1.0,"enemies":"Hexaghost","floor":16.0,"turns":7.0},{"damage":14.0,"enemies":"Shell Parasite","floor":18.0,"turns":3.0},{"damage":14.0,"enemies":"2 Thieves","floor":23.0,"turns":3.0},{"damage":12.0,"enemies":"Gremlin Leader","floor":28.0,"turns":5.0},{"damage":19.0,"enemies":"Colosseum Slavers","floor":29.0,"turns":2.0},{"damage":38.0,"enemies":"Slavers","floor":31.0,"turns":4.0},{"damage":51.0,"enemies":"Champ","floor":33.0,"turns":17.0},{"damage":3.0,"enemies":"Orb Walker","floor":35.0,"turns":4.0},{"damage":9.0,"enemies":"3 Shapes","floor":41.0,"turns":4.0},{"damage":24.0,"enemies":"Nemesis","floor":46.0,"turns":9.0},{"damage":5.0,"enemies":"Maw","floor":47.0,"turns":9.0},{"damage":0.0,"enemies":"Awakened One","floor":50.0,"turns":18.0},{"damage":53,"enemies":"Time Eater","floor":51,"turns":13}],"seed_played":"-3187604580897321929","potions_obtained":[{"floor":2.0,"key":"FocusPotion"},{"floor":7.0,"key":"Weak Potion"},{"floor":13.0,"key":"FearPotion"},{"floor":14.0,"key":"EssenceOfSteel"},{"floor":16.0,"key":"Weak Potion"},{"floor":18.0,"key":"AttackPotion"},{"floor":28.0,"key":"Ancient Potion"},{"floor":46.0,"key":"Ancient Potion"}],"is_trial":false,"path_per_floor":["M","M","?","M","M","R","E","?","T","R","E","R","E","M","R","B",null,"M","$","?","$","?","M","R","?","T","R","E","?","R","E","R","B",null,"M","?","?","?","$","R","M","R","T","R","$","E","M","?","R","B","B"],"character_chosen":"DEFECT","items_purchased":["Fruit Juice","Fruit Juice","TheAbacus","Potion Belt","Ornamental Fan","Ancient Potion","Pear","Anchor"],"campfire_rested":3,"item_purchase_floors":[19,39,39,39,39,39,45,45],"current_hp_per_floor":[62,62,62,61,61,61,45,50,50,50,37,37,19,18,18,17,61,47,52,52,52,29,15,55,55,55,55,43,24,64,26,66,15,68,65,65,65,65,70,70,61,61,61,61,71,47,42,42,42,42,0],"gold":102,"neow_bonus":"RANDOM_COMMON_RELIC","is_prod":false,"is_daily":false,"chose_seed":false,"campfire_upgraded":8,"win_rate":0,"timestamp":1541981143,"path_taken":["M","M","?","M","?","R","E","?","T","R","E","R","E","M","R","BOSS","M","$","?","$","?","M","R","?","T","R","E","?","R","E","R","BOSS","M","?","?","?","$","R","M","R","T","R","$","E","?","?","R","BOSS","BOSS"],"build_version":"2018-11-08","purchased_purges":4,"victory":false,"max_hp_per_floor":[71,71,71,71,71,71,71,76,76,76,76,76,76,76,76,76,76,76,81,81,81,86,86,86,86,86,86,86,86,86,86,86,86,86,86,82,82,82,87,87,87,87,87,87,97,97,97,97,97,97,97],"card_choices":[{"not_picked":["Barrage","Rebound"],"picked":"Streamline","floor":1.0},{"not_picked":["Barrage","Meteor Strike"],"picked":"Cold Snap","floor":2.0},{"not_picked":["Reprogram","Scrape"],"picked":"Hologram","floor":4.0},{"not_picked":["Coolheaded","Reprogram"],"picked":"Compile Driver","floor":5.0},{"not_picked":["Leap","Auto Shields"],"picked":"Sweeping Beam","floor":7.0},{"not_picked":["Sweeping Beam","Rebound"],"picked":"Hologram","floor":11.0},{"not_picked":["Multi-Cast","Melter"],"picked":"Core Surge","floor":13.0},{"not_picked":["Gash","Ball Lightning","Stack"],"picked":"SKIP","floor":14.0},{"not_picked":["Barrage","BootSequence"],"picked":"Go for the Eyes","floor":18.0},{"not_picked":["Darkness","Melter"],"picked":"Undo","floor":23.0},{"not_picked":["Doom and Gloom","Double Energy","Recycle"],"picked":"SKIP","floor":28.0},{"not_picked":["Conserve Battery+1","Turbo"],"picked":"All For One","floor":31.0},{"not_picked":["Thunder Strike","Reboot"],"picked":"Biased Cognition","floor":33.0},{"not_picked":["Force Field+1","Sunder"],"picked":"Coolheaded","floor":35.0},{"not_picked":["Sunder","Sweeping Beam+1"],"picked":"Hologram+1","floor":41.0},{"not_picked":["Leap+1","Buffer"],"picked":"Recycle+1","floor":46.0},{"not_picked":["Heatsinks","Redo+1"],"picked":"Beam Cell+1","floor":47.0}],"player_experience":1642817,"relics_obtained":[{"floor":7.0,"key":"Regal Pillow"},{"floor":9.0,"key":"Mercury Hourglass"},{"floor":11.0,"key":"Blue Candle"},{"floor":13.0,"key":"The Courier"},{"floor":28.0,"key":"DataDisk"},{"floor":31.0,"key":"Bottled Flame"},{"floor":43.0,"key":"Toxic Egg 2"},{"floor":46.0,"key":"Molten Egg 2"}],"event_choices":[{"cards_removed":["Strike_B"],"damage_healed":0.0,"max_hp_gain":0.0,"max_hp_loss":0.0,"gold_gain":0.0,"event_name":"Purifier","player_choice":"Purged","floor":3.0,"gold_loss":0.0,"damage_taken":0.0},{"damage_healed":0.0,"max_hp_gain":5.0,"max_hp_loss":0.0,"gold_gain":0.0,"event_name":"Big Fish","player_choice":"Donut","floor":8.0,"gold_loss":0.0,"damage_taken":0.0},{"damage_healed":0.0,"max_hp_gain":0.0,"max_hp_loss":0.0,"gold_gain":0.0,"event_name":"Addict","player_choice":"Obtained Relic","floor":20.0,"gold_loss":85.0,"damage_taken":0.0,"relics_obtained":["Kunai"]},{"damage_healed":0.0,"max_hp_gain":5.0,"max_hp_loss":0.0,"gold_gain":0.0,"event_name":"Forgotten Altar","player_choice":"Shed Blood","floor":22.0,"gold_loss":0.0,"damage_taken":28.0},{"damage_healed":0.0,"max_hp_gain":0.0,"max_hp_loss":0.0,"gold_gain":0.0,"event_name":"The Mausoleum","player_choice":"Ignored","floor":25.0,"gold_loss":0.0,"damage_taken":0.0},{"damage_healed":0.0,"max_hp_gain":0.0,"max_hp_loss":0.0,"gold_gain":0.0,"event_name":"Colosseum","player_choice":"Fight","floor":29.0,"gold_loss":0.0,"damage_taken":0.0},{"damage_healed":0.0,"max_hp_gain":0.0,"max_hp_loss":0.0,"gold_gain":0.0,"event_name":"Colosseum","player_choice":"Fled From Nobs","floor":29.0,"gold_loss":0.0,"damage_taken":0.0},{"damage_healed":0.0,"max_hp_gain":0.0,"max_hp_loss":4.0,"gold_gain":0.0,"event_name":"Winding Halls","player_choice":"Max HP","floor":36.0,"gold_loss":0.0,"damage_taken":0.0},{"damage_healed":0.0,"max_hp_gain":0.0,"max_hp_loss":0.0,"gold_gain":0.0,"event_name":"Mysterious Sphere","player_choice":"Ignored","floor":37.0,"gold_loss":0.0,"damage_taken":0.0},{"damage_healed":0.0,"max_hp_gain":0.0,"max_hp_loss":0.0,"gold_gain":999.0,"event_name":"MindBloom","player_choice":"Gold","floor":38.0,"gold_loss":0.0,"damage_taken":0.0,"cards_obtained":["Normality","Normality"]},{"cards_removed":["Undo"],"damage_healed":0.0,"max_hp_gain":0.0,"max_hp_loss":0.0,"gold_gain":0.0,"event_name":"Falling","player_choice":"Removed Skill","floor":48.0,"gold_loss":0.0,"damage_taken":0.0}],"is_beta":true,"boss_relics":[{"not_picked":["Runic Dome","Cursed Key"],"picked":"Velvet Choker"},{"not_picked":["Calling Bell","Busted Crown"],"picked":"Empty Cage"}],"items_purged_floors":[19,21,39,45],"is_endless":false,"potions_floor_spawned":[2,7,13,14,16,18,28,46],"killed_by":"Time Eater","ascension_level":20}