{"gold_per_floor":[116,127,75,88,88,116,116,144,168,168,168,186,211,96,96,221,221,237,251,251],"floor_reached":20,"playtime":775,"items_purged":[],"score":294,"play_id":"8086b6b3-4c97-424c-a220-82bc183061ec","local_time":"20190822153240","is_ascension_mode":true,"campfire_choices":[{"floor":7,"key":"REST"},{"floor":15,"key":"REST"}],"neow_cost":"NONE","seed_source_timestamp":38937907186200,"circlet_count":0,"master_deck":["AscendersBane","Strike_R","Strike_R","Defend_R","Defend_R","Defend_R","Defend_R","Bash+1","Armaments","Inflame","Shrug It Off","Barricade","Infernal Blade","Dual Wield","Sever Soul","Ghostly Armor","Second Wind","Double Tap","Havoc+1","Disarm+1","Heavy Blade+1","Body Slam","Armaments+1"],"relics":["Burning Blood","NeowsBlessing","Bronze Scales","Happy Flower","Anchor","Red Skull","Golden Idol","Dream Catcher","Astrolabe"],"potions_floor_usage":[6,16],"damage_taken":[{"damage":0,"enemies":"2 Louse","floor":1,"turns":1},{"damage":0,"enemies":"Small Slimes","floor":2,"turns":1},{"damage":0,"enemies":"Cultist","floor":4,"turns":1},{"damage":45,"enemies":"3 Sentries","floor":6,"turns":8},{"damage":32,"enemies":"Gremlin Nob","floor":8,"turns":4},{"damage":8,"enemies":"Large Slime","floor":12,"turns":5},{"damage":6,"enemies":"Lots of Slimes","floor":13,"turns":3},{"damage":23,"enemies":"Hexaghost","floor":16,"turns":9},{"damage":8,"enemies":"Shell Parasite","floor":18,"turns":7},{"damage":42,"enemies":"Spheric Guardian","floor":19,"turns":6},{"damage":32,"enemies":"Chosen and Byrds","floor":20,"turns":6}],"seed_played":"7665497546852068257","potions_obtained":[{"floor":4,"key":"Energy Potion"},{"floor":13,"key":"BloodPotion"}],"is_trial":false,"path_per_floor":["M","M","$","M","?","E","R","E","T","?","?","M","M","?","R","B",null,"M","M","M"],"character_chosen":"IRONCLAD","items_purchased":["Shrug It Off"],"campfire_rested":2,"item_purchase_floors":[3],"current_hp_per_floor":[78,80,80,80,62,23,47,21,21,21,21,19,19,19,41,42,66,64,28,0],"gold":251,"neow_bonus":"THREE_ENEMY_KILL","is_prod":false,"is_daily":false,"chose_seed":false,"campfire_upgraded":0,"win_rate":0,"timestamp":1566455560,"path_taken":["M","M","$","M","?","E","R","E","T","?","?","M","M","?","R","BOSS","M","?","M"],"build_version":"2019-07-17","purchased_purges":0,"victory":false,"max_hp_per_floor":[80,80,80,80,80,80,80,80,80,80,74,74,74,74,74,74,74,74,74,74],"card_choices":[{"not_picked":["Heavy Blade","Warcry"],"picked":"Armaments","floor":1},{"not_picked":["Headbutt","Power Through"],"picked":"Inflame","floor":2},{"not_picked":["Twin Strike","Clothesline"],"picked":"Barricade","floor":4},{"not_picked":["Warcry","Cleave"],"picked":"Infernal Blade","floor":6},{"not_picked":["Sword Boomerang","Heavy Blade"],"picked":"Dual Wield","floor":8},{"not_picked":["Rupture","Thunderclap"],"picked":"Sever Soul","floor":12},{"not_picked":["Spot Weakness","Clothesline"],"picked":"Ghostly Armor","floor":13},{"not_picked":["Sword Boomerang","Seeing Red"],"picked":"Second Wind","floor":15},{"not_picked":["Impervious","Exhume"],"picked":"Double Tap","floor":16},{"not_picked":["Sentinel+1","Sword Boomerang"],"picked":"Body Slam","floor":18},{"not_picked":["Sword Boomerang","Perfected Strike"],"picked":"Armaments+1","floor":19}],"player_experience":171719,"relics_obtained":[{"floor":6,"key":"Happy Flower"},{"floor":8,"key":"Anchor"},{"floor":9,"key":"Red Skull"}],"event_choices":[{"damage_healed":0,"gold_gain":0,"player_choice":"Success","damage_taken":18,"relics_obtained":["Bronze Scales"],"max_hp_gain":0,"max_hp_loss":0,"event_name":"Scrap Ooze","floor":5,"gold_loss":0},{"damage_healed":0,"gold_gain":0,"player_choice":"Grow","damage_taken":0,"max_hp_gain":0,"max_hp_loss":0,"event_name":"Living Wall","floor":10,"gold_loss":0,"cards_upgraded":["Bash"]},{"damage_healed":0,"gold_gain":0,"player_choice":"Lose Max HP","damage_taken":0,"relics_obtained":["Golden Idol"],"max_hp_gain":0,"max_hp_loss":6,"event_name":"Golden Idol","floor":11,"gold_loss":0},{"damage_healed":0,"gold_gain":0,"player_choice":"Paid Gold","damage_taken":0,"relics_obtained":["Dream Catcher"],"max_hp_gain":0,"max_hp_loss":0,"event_name":"WeMeetAgain","floor":14,"gold_loss":115}],"is_beta":false,"boss_relics":[{"not_picked":["Black Star","White Beast Statue"],"picked":"Astrolabe"}],"items_purged_floors":[],"is_endless":false,"potions_floor_spawned":[4,13],"killed_by":"Chosen and Byrds","ascension_level":12}