{"gold_per_floor":[112,112,139,139,158,158,189,189,189,214,224,324,355,372,372,471,471,482,165,75,75,85,85,104,54,54,54,54,54,54,68,68,164,214,225,238,238,99,199,199,199,199,199,15,15,15,15,35,35,35],"floor_reached":51,"playtime":1381,"items_purged":["Strike_R","Strike_R","Strike_R","Defend_R"],"score":953,"play_id":"93e703db-38c0-44aa-8b74-a801af7d2fb0","local_time":"20190722192454","is_ascension_mode":true,"campfire_choices":[{"data":"Inflame","floor":6,"key":"SMITH"},{"data":"Sword Boomerang","floor":8,"key":"SMITH"},{"data":"Feed","floor":15,"key":"SMITH"},{"data":"Double Tap","floor":23,"key":"SMITH"},{"data":"Whirlwind","floor":28,"key":"SMITH"},{"data":"Battle Trance","floor":30,"key":"SMITH"},{"floor":32,"key":"REST"},{"data":"Offering","floor":40,"key":"SMITH"},{"data":"Pommel Strike","floor":42,"key":"SMITH"},{"data":"Flame Barrier","floor":47,"key":"SMITH"},{"data":"Defend_R","floor":49,"key":"SMITH"}],"neow_cost":"NONE","seed_source_timestamp":462280566051100,"circlet_count":0,"master_deck":["Defend_R+1","Defend_R+1","Defend_R+1","Bash+1","Inflame+1","Sword Boomerang+1","Feed+1","Battle Trance+1","Double Tap+1","Whirlwind+1","Demon Form+1","Offering+1","Pommel Strike+1","Inflame+1","Flame Barrier+1"],"relics":["Burning Blood","Orichalcum","Frozen Egg 2","Art of War","Vajra","Sundial","Pocketwatch","Singing Bowl","Philosopher\u0027s Stone","Membership Card","Juzu Bracelet","Pen Nib","Turnip","Tiny House","Bag of Preparation","WingedGreaves","Anchor","Ancient Tea Set"],"potions_floor_usage":[18,18,36,36,50,50,50],"damage_taken":[{"damage":2,"enemies":"Jaw Worm","floor":1,"turns":3},{"damage":0,"enemies":"2 Louse","floor":5,"turns":2},{"damage":26,"enemies":"3 Sentries","floor":7,"turns":7},{"damage":10,"enemies":"Gremlin Nob","floor":10,"turns":3},{"damage":0,"enemies":"Small Slimes","floor":11,"turns":2},{"damage":0,"enemies":"Lagavulin","floor":13,"turns":3},{"damage":0,"enemies":"Exordium Thugs","floor":14,"turns":3},{"damage":36,"enemies":"Hexaghost","floor":16,"turns":5},{"damage":8,"enemies":"3 Byrds","floor":18,"turns":3},{"damage":1,"enemies":"Chosen","floor":22,"turns":3},{"damage":34,"enemies":"Shelled Parasite and Fungi","floor":24,"turns":4},{"damage":7,"enemies":"Centurion and Healer","floor":31,"turns":3},{"damage":34,"enemies":"Automaton","floor":33,"turns":5},{"damage":34,"enemies":"3 Shapes","floor":35,"turns":2},{"damage":6,"enemies":"3 Darklings","floor":36,"turns":1},{"damage":6,"enemies":"Mind Bloom Boss Battle","floor":39,"turns":2},{"damage":6,"enemies":"4 Shapes","floor":48,"turns":1},{"damage":32,"enemies":"Donu and Deca","floor":50,"turns":3}],"seed_played":"7456355445939727323","potions_obtained":[{"floor":1,"key":"Dexterity Potion"},{"floor":10,"key":"EssenceOfSteel"},{"floor":13,"key":"Block Potion"},{"floor":24,"key":"AttackPotion"},{"floor":33,"key":"LiquidBronze"},{"floor":34,"key":"Fruit Juice"},{"floor":35,"key":"Fruit Juice"},{"floor":36,"key":"Explosive Potion"},{"floor":39,"key":"Energy Potion"}],"is_trial":false,"path_per_floor":["M","?","T","?","M","R","E","R","T","E","M","?","E","M","R","B",null,"M","$","?","?","M","R","M","$","T","$","R","?","R","M","R","B",null,"M","M","?","$","?","R","?","R","T","$","?","?","R","M","R","B",null],"character_chosen":"IRONCLAD","items_purchased":["Membership Card","Juzu Bracelet","Bag of Preparation","Flame Barrier","Ancient Tea Set"],"campfire_rested":1,"item_purchase_floors":[19,19,38,44,44],"current_hp_per_floor":[76,69,69,69,75,75,55,55,55,51,57,57,63,72,72,42,73,75,75,75,75,82,82,58,58,58,58,58,58,58,63,92,68,99,77,89,89,89,91,91,91,91,91,91,91,91,91,93,93,71],"gold":35,"neow_bonus":"RANDOM_COMMON_RELIC","is_prod":false,"is_daily":false,"chose_seed":false,"campfire_upgraded":10,"win_rate":0,"timestamp":1563791094,"path_taken":["M","?","?","?","M","R","E","R","T","E","M","?","E","?","R","BOSS","M","$","?","?","M","R","M","$","T","$","R","?","R","M","R","BOSS","M","M","?","$","?","R","?","R","T","$","?","?","R","M","R","BOSS"],"build_version":"2019-07-17","purchased_purges":4,"victory":true,"max_hp_per_floor":[80,80,80,80,80,80,80,80,80,80,80,80,80,83,83,83,83,87,87,87,87,89,89,93,93,93,93,93,93,93,99,99,103,108,114,126,126,126,128,128,128,128,128,128,122,122,122,124,124,128],"card_choices":[{"not_picked":["Bloodletting","Blood for Blood"],"picked":"Inflame","floor":1},{"not_picked":["Rage","Entrench"],"picked":"Sword Boomerang","floor":5},{"not_picked":["Clash","Bloodletting","Headbutt"],"picked":"SKIP","floor":7},{"not_picked":["Evolve+1","Headbutt","Thunderclap"],"picked":"SKIP","floor":10},{"not_picked":["Clothesline","True Grit","Perfected Strike"],"picked":"SKIP","floor":11},{"not_picked":["Clash","Twin Strike"],"picked":"Feed","floor":13},{"not_picked":["Rupture+1","Headbutt"],"picked":"Battle Trance","floor":14},{"not_picked":["Berserk+1","Dark Embrace+1"],"picked":"Double Tap","floor":16},{"not_picked":["Clothesline","Power Through"],"picked":"Whirlwind","floor":18},{"not_picked":["Anger","Cleave+1","Sword Boomerang+1"],"picked":"Singing Bowl","floor":22},{"not_picked":["Warcry","Battle Trance"],"picked":"Demon Form+1","floor":24},{"not_picked":["Pommel Strike","Sentinel","Fire Breathing+1"],"picked":"Singing Bowl","floor":31},{"not_picked":["Dark Embrace+1","Exhume"],"picked":"Offering","floor":33},{"not_picked":["Twin Strike+1","Sword Boomerang"],"picked":"Pommel Strike","floor":34},{"not_picked":["True Grit","Havoc","Whirlwind+1"],"picked":"Singing Bowl","floor":35},{"not_picked":["Clothesline+1","Headbutt","Wild Strike+1"],"picked":"Singing Bowl","floor":36},{"not_picked":["Armaments+1","Wild Strike","Twin Strike"],"picked":"Singing Bowl","floor":39},{"not_picked":["Wild Strike","True Grit","Seeing Red"],"picked":"Singing Bowl","floor":48}],"player_experience":122705,"relics_obtained":[{"floor":3,"key":"Art of War"},{"floor":7,"key":"Vajra"},{"floor":9,"key":"Sundial"},{"floor":10,"key":"Pocketwatch"},{"floor":13,"key":"Singing Bowl"},{"floor":26,"key":"Turnip"},{"floor":39,"key":"WingedGreaves"},{"floor":43,"key":"Anchor"}],"event_choices":[{"damage_healed":0,"gold_gain":0,"player_choice":"Success","damage_taken":7,"relics_obtained":["Frozen Egg 2"],"max_hp_gain":0,"max_hp_loss":0,"event_name":"Scrap Ooze","floor":2,"gold_loss":0},{"damage_healed":0,"gold_gain":0,"player_choice":"Grow","damage_taken":0,"max_hp_gain":0,"max_hp_loss":0,"event_name":"Living Wall","floor":4,"gold_loss":0,"cards_upgraded":["Bash"]},{"damage_healed":0,"gold_gain":100,"player_choice":"Pray","damage_taken":0,"max_hp_gain":0,"max_hp_loss":0,"event_name":"Golden Shrine","floor":12,"gold_loss":0},{"cards_removed":["Strike_R"],"damage_healed":0,"gold_gain":0,"player_choice":"Upgrade and Remove","damage_taken":0,"max_hp_gain":0,"max_hp_loss":0,"event_name":"Designer","floor":20,"gold_loss":90,"cards_upgraded":["Defend_R"]},{"damage_healed":0,"gold_gain":0,"player_choice":"Opened","damage_taken":0,"relics_obtained":["Pen Nib"],"max_hp_gain":0,"max_hp_loss":0,"event_name":"The Mausoleum","floor":21,"gold_loss":0},{"cards_removed":["Strike_R"],"damage_healed":0,"gold_gain":0,"player_choice":"Offered Basic","damage_taken":0,"max_hp_gain":0,"max_hp_loss":0,"event_name":"Bonfire Elementals","floor":29,"gold_loss":0},{"damage_healed":0,"gold_gain":0,"player_choice":"Copied","damage_taken":0,"max_hp_gain":0,"max_hp_loss":0,"event_name":"Duplicator","floor":37,"gold_loss":0,"cards_obtained":["Inflame"]},{"damage_healed":0,"gold_gain":0,"player_choice":"Fight","damage_taken":0,"max_hp_gain":0,"max_hp_loss":0,"event_name":"MindBloom","floor":39,"gold_loss":0},{"damage_healed":0,"gold_gain":0,"player_choice":"Bought 0 Potions","damage_taken":0,"max_hp_gain":0,"max_hp_loss":0,"event_name":"The Woman in Blue","floor":41,"gold_loss":0},{"damage_healed":0,"gold_gain":0,"player_choice":"Max HP","damage_taken":0,"max_hp_gain":0,"max_hp_loss":6,"event_name":"Winding Halls","floor":45,"gold_loss":0},{"damage_healed":0,"gold_gain":0,"player_choice":"Ignored","damage_taken":0,"max_hp_gain":0,"max_hp_loss":0,"event_name":"SecretPortal","floor":46,"gold_loss":0}],"is_beta":false,"boss_relics":[{"not_picked":["Black Blood","Fusion Hammer"],"picked":"Philosopher\u0027s Stone"},{"not_picked":["Runic Dome","White Beast Statue"],"picked":"Tiny House"}],"items_purged_floors":[19,25,38,44],"is_endless":false,"potions_floor_spawned":[1,10,13,14,24,33,35,36,39],"ascension_level":7}