{"gold_per_floor":[214,234,4,79,97,97,97,97,121,152,167,183,183],"floor_reached":13,"playtime":308,"items_purged":[],"score":170,"play_id":"df0892b5-356b-4fc0-a679-3d8586eecde8","local_time":"20181023195631","is_ascension_mode":true,"campfire_choices":[{"data":"Zap","floor":6,"key":"SMITH"},{"floor":8,"key":"REST"}],"neow_cost":"NONE","seed_source_timestamp":1111985212370527,"circlet_count":0,"master_deck":["Strike_B+1","Strike_B","Strike_B+1","Strike_B+1","Defend_B","Defend_B","Defend_B","Defend_B","Zap+1","Dualcast","AscendersBane","Cold Snap","Hologram","Compile Driver+1","Ball Lightning","Capacitor","Echo Form"],"relics":["Cracked Core","Toy Ornithopter","Whetstone","Pantograph"],"potions_floor_usage":[12,13,13],"damage_taken":[{"damage":9,"enemies":"2 Louse","floor":1,"turns":2},{"damage":5,"enemies":"Jaw Worm","floor":2,"turns":3},{"damage":0,"enemies":"Small Slimes","floor":5,"turns":2},{"damage":28,"enemies":"Gremlin Nob","floor":10,"turns":4},{"damage":1,"enemies":"2 Fungi Beasts","floor":11,"turns":3},{"damage":13,"enemies":"Exordium Wildlife","floor":12,"turns":3},{"damage":13,"enemies":"Lagavulin","floor":13,"turns":2}],"seed_played":"5123129096769014830","potions_obtained":[{"floor":10,"key":"EntropicBrew"},{"floor":11,"key":"GamblersBrew"},{"floor":12,"key":"AttackPotion"}],"is_trial":false,"path_per_floor":["M","M","$","?","M","R","?","R","T","E","M","M"],"character_chosen":"DEFECT","items_purchased":["Toy Ornithopter"],"campfire_rested":1,"item_purchase_floors":[3],"current_hp_per_floor":[55,50,50,39,39,39,18,39,39,11,10,2,0],"gold":183,"neow_bonus":"HUNDRED_GOLD","is_prod":false,"is_daily":false,"chose_seed":false,"campfire_upgraded":1,"win_rate":0,"timestamp":1540320991,"path_taken":["M","M","$","?","M","R","?","R","T","E","M","M","E"],"build_version":"2018-10-22","purchased_purges":0,"victory":false,"max_hp_per_floor":[71,71,71,71,71,71,71,71,71,71,71,71,71],"card_choices":[{"not_picked":["Barrage","Skim"],"picked":"Cold Snap","floor":1},{"not_picked":["Hello World","Reinforced Body"],"picked":"Hologram","floor":2},{"not_picked":["Rebound","Self Repair"],"picked":"Compile Driver","floor":5},{"not_picked":["Loop","Stack"],"picked":"Ball Lightning","floor":10},{"not_picked":["Static Discharge","Leap"],"picked":"Capacitor","floor":11},{"not_picked":["Coolheaded","Stack"],"picked":"Echo Form","floor":12}],"player_experience":1520295,"relics_obtained":[{"floor":9,"key":"Whetstone"},{"floor":10,"key":"Pantograph"}],"event_choices":[{"damage_healed":0,"gold_gain":75,"player_choice":"Gather Gold","damage_taken":11,"max_hp_gain":0,"max_hp_loss":0,"event_name":"World of Goop","floor":4,"gold_loss":0},{"damage_healed":0,"gold_gain":0,"player_choice":"Entered Light","damage_taken":21,"max_hp_gain":0,"max_hp_loss":0,"event_name":"Shining Light","floor":7,"gold_loss":0,"cards_upgraded":["Compile Driver","Strike_B"]}],"is_beta":true,"boss_relics":[],"items_purged_floors":[],"is_endless":false,"potions_floor_spawned":[10,11,12],"killed_by":"Lagavulin","ascension_level":20}