{"gold_per_floor":[115,127,146,146,158,158,191,191,191,191,40,74,149,169,169,243,243,261,290,290,302,315,315,340,355,355,89,102,122,122,522,522,522],"floor_reached":33,"playtime":1359,"items_purged":["Defend_R"],"score":457,"play_id":"fa5ce2ee-32d3-4c25-be71-64cda98a670a","local_time":"20190823053524","is_ascension_mode":true,"campfire_choices":[{"data":"Bash","floor":6,"key":"SMITH"},{"data":"Whirlwind","floor":10,"key":"SMITH"},{"floor":15,"key":"REST"},{"data":"Berserk","floor":23,"key":"SMITH"},{"floor":32,"key":"REST"}],"neow_cost":"NONE","seed_source_timestamp":88916331886900,"circlet_count":0,"master_deck":["AscendersBane","Strike_R","Strike_R","Strike_R","Defend_R","Defend_R","Defend_R","Bash+1","Whirlwind+1","Pommel Strike","Flame Barrier","Pummel","Impervious","Disarm","Shockwave","Disarm","Spot Weakness","Berserk+1","Pommel Strike","Infernal Blade+1","Shrug It Off","Fiend Fire","Armaments","Warcry+1","Battle Trance","Double Tap"],"relics":["Burning Blood","Red Skull","Dodecahedron","Incense Burner","Prayer Wheel","Mark of Pain","Red Mask","Vajra","Gremlin Horn","Strange Spoon","Old Coin","Molten Egg 2"],"potions_floor_usage":[7,7,12,19,24,24,24,31,31],"damage_taken":[{"damage":1,"enemies":"Cultist","floor":1,"turns":3},{"damage":12,"enemies":"2 Louse","floor":2,"turns":3},{"damage":9,"enemies":"Jaw Worm","floor":3,"turns":4},{"damage":8,"enemies":"2 Fungi Beasts","floor":5,"turns":3},{"damage":18,"enemies":"Lagavulin","floor":7,"turns":7},{"damage":14,"enemies":"Gremlin Nob","floor":12,"turns":4},{"damage":0,"enemies":"3 Louse","floor":14,"turns":1},{"damage":28,"enemies":"The Guardian","floor":16,"turns":13},{"damage":11,"enemies":"Spheric Guardian","floor":18,"turns":4},{"damage":37,"enemies":"Masked Bandits","floor":19,"turns":4},{"damage":0,"enemies":"3 Byrds","floor":21,"turns":3},{"damage":4,"enemies":"Shelled Parasite and Fungi","floor":22,"turns":3},{"damage":10,"enemies":"Book of Stabbing","floor":24,"turns":5},{"damage":8,"enemies":"Cultist and Chosen","floor":25,"turns":3},{"damage":3,"enemies":"Snake Plant","floor":28,"turns":3},{"damage":7,"enemies":"Centurion and Healer","floor":29,"turns":4},{"damage":0,"enemies":"Colosseum Slavers","floor":31,"turns":4},{"damage":0,"enemies":"Colosseum Nobs","floor":31,"turns":2},{"damage":68,"enemies":"Automaton","floor":33,"turns":6}],"seed_played":"7699942333225035817","potions_obtained":[{"floor":2,"key":"Energy Potion"},{"floor":3,"key":"Weak Potion"},{"floor":7,"key":"SkillPotion"},{"floor":14,"key":"AttackPotion"},{"floor":20,"key":"EntropicBrew"},{"floor":20,"key":"Weak Potion"},{"floor":21,"key":"Poison Potion"},{"floor":24,"key":"Block Potion"}],"is_trial":false,"path_per_floor":["M","M","M","?","M","R","E","?","T","R","$","E","?","M","R","B",null,"M","?","?","M","M","R","E","M","T","$","M","M","?","?","R","B"],"character_chosen":"IRONCLAD","items_purchased":["Disarm","Battle Trance","Strange Spoon"],"campfire_rested":2,"item_purchase_floors":[11,27,27],"current_hp_per_floor":[77,71,68,61,59,59,47,47,47,47,47,39,28,34,58,36,69,64,33,33,39,41,41,37,35,35,35,38,37,22,34,59,0],"gold":522,"neow_bonus":"RANDOM_COMMON_RELIC","is_prod":false,"is_daily":false,"chose_seed":false,"campfire_upgraded":3,"win_rate":0,"timestamp":1566506124,"path_taken":["M","?","M","?","M","R","E","?","T","R","?","E","?","M","R","BOSS","M","?","?","M","?","R","E","M","T","$","M","M","?","?","R","BOSS"],"build_version":"2019-07-17","purchased_purges":1,"victory":false,"max_hp_per_floor":[80,80,80,80,80,80,80,80,80,80,80,80,80,80,80,80,80,80,80,80,80,80,80,80,80,80,80,80,80,85,85,85,85],"card_choices":[{"not_picked":["True Grit","Shrug It Off"],"picked":"Whirlwind","floor":1},{"not_picked":["Seeing Red","Wild Strike"],"picked":"Pommel Strike","floor":2},{"not_picked":["Headbutt","Dual Wield"],"picked":"Flame Barrier","floor":3},{"not_picked":["Flex","Clothesline"],"picked":"Pummel","floor":5},{"not_picked":["True Grit","Rampage"],"picked":"Impervious","floor":7},{"not_picked":["Heavy Blade","Clash"],"picked":"Shockwave","floor":12},{"not_picked":["Seeing Red","Armaments"],"picked":"Disarm","floor":14},{"not_picked":["Blood for Blood","Sword Boomerang"],"picked":"Spot Weakness","floor":14},{"not_picked":["Impervious","Offering"],"picked":"Berserk","floor":16},{"not_picked":["Clash+1","Hemokinesis"],"picked":"Pommel Strike","floor":18},{"not_picked":["Spot Weakness","Perfected Strike","Dropkick"],"picked":"SKIP","floor":18},{"not_picked":["Havoc+1","Dropkick"],"picked":"Infernal Blade+1","floor":21},{"not_picked":["Iron Wave","True Grit","Body Slam"],"picked":"SKIP","floor":21},{"not_picked":["Iron Wave","Havoc"],"picked":"Shrug It Off","floor":22},{"not_picked":["Havoc","Dual Wield","Sever Soul"],"picked":"SKIP","floor":22},{"not_picked":["Havoc+1","Thunderclap"],"picked":"Fiend Fire","floor":24},{"not_picked":["Wild Strike","Dark Embrace"],"picked":"Armaments","floor":25},{"not_picked":["Thunderclap","Anger"],"picked":"Warcry+1","floor":25},{"not_picked":["Feel No Pain","Cleave","Rampage"],"picked":"SKIP","floor":28},{"not_picked":["Cleave","Warcry","True Grit"],"picked":"SKIP","floor":28},{"not_picked":["Twin Strike","Shrug It Off"],"picked":"Double Tap","floor":29},{"not_picked":["Armaments","Thunderclap","Warcry"],"picked":"SKIP","floor":29}],"player_experience":175660,"relics_obtained":[{"floor":7,"key":"Dodecahedron"},{"floor":9,"key":"Incense Burner"},{"floor":12,"key":"Prayer Wheel"},{"floor":19,"key":"Red Mask"},{"floor":24,"key":"Vajra"},{"floor":26,"key":"Gremlin Horn"},{"floor":31,"key":"Old Coin"},{"floor":31,"key":"Molten Egg 2"}],"event_choices":[{"cards_removed":["Strike_R"],"damage_healed":0,"gold_gain":0,"player_choice":"Card Removal","damage_taken":7,"max_hp_gain":0,"max_hp_loss":0,"event_name":"Golden Wing","floor":4,"gold_loss":0},{"cards_removed":["Strike_R"],"damage_healed":0,"gold_gain":0,"player_choice":"Forget","damage_taken":0,"max_hp_gain":0,"max_hp_loss":0,"event_name":"Living Wall","floor":8,"gold_loss":0},{"damage_healed":0,"gold_gain":75,"player_choice":"Gather Gold","damage_taken":11,"max_hp_gain":0,"max_hp_loss":0,"event_name":"World of Goop","floor":13,"gold_loss":0},{"damage_healed":0,"gold_gain":0,"player_choice":"Fought Bandits","damage_taken":0,"max_hp_gain":0,"max_hp_loss":0,"event_name":"Masked Bandits","floor":19,"gold_loss":0},{"damage_healed":0,"gold_gain":0,"player_choice":"Got Potions","damage_taken":0,"max_hp_gain":0,"max_hp_loss":0,"event_name":"Lab","floor":20,"gold_loss":0},{"damage_healed":0,"gold_gain":0,"player_choice":"Shed Blood","damage_taken":20,"max_hp_gain":5,"max_hp_loss":0,"event_name":"Forgotten Altar","floor":30,"gold_loss":0},{"damage_healed":0,"gold_gain":0,"player_choice":"Fight","damage_taken":0,"max_hp_gain":0,"max_hp_loss":0,"event_name":"Colosseum","floor":31,"gold_loss":0},{"damage_healed":0,"gold_gain":0,"player_choice":"Fought Nobs","damage_taken":0,"max_hp_gain":0,"max_hp_loss":0,"event_name":"Colosseum","floor":31,"gold_loss":0}],"is_beta":false,"boss_relics":[{"not_picked":["Lizard Tail","Pandora\u0027s Box"],"picked":"Mark of Pain"}],"items_purged_floors":[11],"is_endless":false,"potions_floor_spawned":[2,3,7,14,21,24,29,31],"killed_by":"Automaton","ascension_level":13}