{"gold_per_floor":[117,133,133,143,162,191,191,221,247,247,282,231,231,9,9,84,84,95,95,95,95,115,115,115,115,115,115,6,6,6,20,20,96,96,111,386,440,440,174,174],"floor_reached":40,"playtime":1332,"items_purged":["Pain","Regret"],"score":867,"play_id":"6973412d-8990-420c-a878-37a807112002","local_time":"20190119235831","is_ascension_mode":true,"campfire_choices":[{"data":"Poisoned Stab","floor":7.0,"key":"SMITH"},{"floor":10.0,"key":"REST"},{"floor":15.0,"key":"REST"},{"data":"Well Laid Plans","floor":23.0,"key":"SMITH"},{"data":"Night Terror","floor":25.0,"key":"SMITH"},{"data":"Envenom","floor":27.0,"key":"SMITH"},{"floor":32.0,"key":"REST"}],"neow_cost":"NONE","seed_source_timestamp":0,"circlet_count":0,"master_deck":["AscendersBane","Defend_G","Defend_G","Defend_G","Defend_G+1","Defend_G","Strike_G","Strike_G","Survivor+1","Neutralize+1","Masterful Stab","Noxious Fumes","Noxious Fumes","Poisoned Stab+1","Catalyst","Well Laid Plans+1","Night Terror+1","Predator","Envenom+1","Bane","PiercingWail","Burst"],"special_seed":0,"relics":["Ring of the Snake","WarpedTongs","Pear","Ancient Tea Set","Pen Nib","Juzu Bracelet","Busted Crown","Bird Faced Urn","Bronze Scales","Orrery","War Paint"],"potions_floor_usage":[40],"damage_taken":[{"damage":5.0,"enemies":"Cultist","floor":1.0,"turns":5.0},{"damage":0.0,"enemies":"Jaw Worm","floor":2.0,"turns":3.0},{"damage":2.0,"enemies":"Small Slimes","floor":4.0,"turns":4.0},{"damage":6.0,"enemies":"2 Fungi Beasts","floor":5.0,"turns":4.0},{"damage":50.0,"enemies":"Gremlin Nob","floor":6.0,"turns":5.0},{"damage":16.0,"enemies":"Lagavulin","floor":8.0,"turns":6.0},{"damage":25.0,"enemies":"Gremlin Nob","floor":11.0,"turns":5.0},{"damage":1.0,"enemies":"Slime Boss","floor":16.0,"turns":6.0},{"damage":16.0,"enemies":"Chosen","floor":18.0,"turns":5.0},{"damage":20.0,"enemies":"Shell Parasite","floor":22.0,"turns":4.0},{"damage":4.0,"enemies":"Chosen and Byrds","floor":31.0,"turns":5.0},{"damage":23.0,"enemies":"Automaton","floor":33.0,"turns":6.0},{"damage":43,"enemies":"3 Darklings","floor":35,"turns":6},{"damage":44,"enemies":"Reptomancer","floor":40,"turns":2}],"seed_played":"-3266656212845189667","potions_obtained":[{"floor":2.0,"key":"Strength Potion"},{"floor":4.0,"key":"Regen Potion"},{"floor":8.0,"key":"SpeedPotion"},{"floor":18.0,"key":"Fire Potion"},{"floor":30.0,"key":"PowerPotion"}],"is_trial":false,"path_per_floor":["M","M","?","M","M","E","R","E","T","R","E","?","?","$","R","B",null,"M","?","?","?","M","R","?","R","T","R","$","?","?","M","R","B",null,"M","?","T","?","$","E"],"character_chosen":"THE_SILENT","items_purchased":["Well Laid Plans","Fire Potion","PiercingWail","PowerPotion","War Paint"],"campfire_rested":3,"item_purchase_floors":[14,14,28,28,39],"current_hp_per_floor":[54,54,54,52,46,20,20,4,4,26,1,1,1,1,23,22,63,47,47,47,47,27,27,27,27,27,27,27,27,27,31,53,46,69,34,34,34,34,34,0],"gold":174,"neow_bonus":"UPGRADE_CARD","is_prod":false,"is_daily":false,"chose_seed":false,"campfire_upgraded":4,"win_rate":0,"timestamp":1547942311,"path_taken":["M","?","?","?","M","E","R","E","T","R","E","?","?","?","R","BOSS","M","?","?","?","M","R","?","R","T","R","?","?","?","M","R","BOSS","M","?","?","?","$","E"],"build_version":"2019-01-17","purchased_purges":2,"victory":false,"max_hp_per_floor":[66,66,66,66,66,76,76,76,76,76,76,76,76,76,76,76,76,76,76,76,76,76,76,76,76,76,76,76,76,76,76,76,76,76,76,76,76,76,76,76],"card_choices":[{"not_picked":["Outmaneuver","Endless Agony"],"picked":"Masterful Stab","floor":1.0},{"not_picked":["Calculated Gamble","Bane"],"picked":"Noxious Fumes","floor":2.0},{"not_picked":["Terror","Acrobatics"],"picked":"Noxious Fumes","floor":4.0},{"not_picked":["Calculated Gamble","Tactician","Eviscerate"],"picked":"SKIP","floor":5.0},{"not_picked":["Calculated Gamble","Riddle With Holes"],"picked":"Poisoned Stab","floor":6.0},{"not_picked":["Deadly Poison","Slice"],"picked":"Catalyst","floor":8.0},{"not_picked":["Deadly Poison","Setup","Catalyst"],"picked":"SKIP","floor":11.0},{"not_picked":["Tools of the Trade","Burst"],"picked":"Night Terror","floor":16.0},{"not_picked":["Slice"],"picked":"SKIP","floor":18.0},{"not_picked":["Distraction"],"picked":"SKIP","floor":22.0},{"not_picked":["Predator"],"picked":"SKIP","floor":31.0},{"not_picked":[],"picked":"Burst","floor":33.0},{"not_picked":["Flechettes"],"picked":"SKIP","floor":35}],"player_experience":1761978,"relics_obtained":[{"floor":6.0,"key":"Pear"},{"floor":8.0,"key":"Ancient Tea Set"},{"floor":9.0,"key":"Pen Nib"},{"floor":11.0,"key":"Juzu Bracelet"},{"floor":24.0,"key":"Bird Faced Urn"},{"floor":26.0,"key":"Bronze Scales"}],"event_choices":[{"damage_healed":0.0,"max_hp_gain":0.0,"max_hp_loss":0.0,"gold_gain":0.0,"event_name":"Accursed Blacksmith","player_choice":"Rummage","floor":3.0,"gold_loss":0.0,"damage_taken":0.0,"relics_obtained":["WarpedTongs"],"cards_obtained":["Pain"]},{"damage_healed":0.0,"max_hp_gain":0.0,"max_hp_loss":0.0,"gold_gain":0.0,"event_name":"World of Goop","player_choice":"Left Gold","floor":12.0,"gold_loss":51.0,"damage_taken":0.0},{"damage_healed":0.0,"max_hp_gain":0.0,"max_hp_loss":0.0,"gold_gain":0.0,"event_name":"Liars Game","player_choice":"Ignored","floor":13.0,"gold_loss":0.0,"damage_taken":0.0},{"damage_healed":0.0,"max_hp_gain":0.0,"max_hp_loss":0.0,"gold_gain":0.0,"event_name":"N\u0027loth","player_choice":"Ignored","floor":19.0,"gold_loss":0.0,"damage_taken":0.0},{"damage_healed":0.0,"max_hp_gain":0.0,"max_hp_loss":0.0,"gold_gain":0.0,"cards_transformed":["Strike_G","Strike_G"],"event_name":"Drug Dealer","player_choice":"Became Test Subject","floor":20.0,"gold_loss":0.0,"damage_taken":0.0,"cards_obtained":["Predator","Envenom"]},{"damage_healed":0.0,"max_hp_gain":0.0,"max_hp_loss":0.0,"gold_gain":0.0,"cards_transformed":["Strike_G"],"event_name":"Transmorgrifier","player_choice":"Transformed","floor":21.0,"gold_loss":0.0,"damage_taken":0.0,"cards_obtained":["Bane"]},{"damage_healed":0.0,"max_hp_gain":0.0,"max_hp_loss":0.0,"gold_gain":0.0,"event_name":"Wheel of Change","player_choice":"Relic","floor":24.0,"gold_loss":0.0,"damage_taken":0.0},{"damage_healed":0.0,"max_hp_gain":0.0,"max_hp_loss":0.0,"gold_gain":0.0,"event_name":"Beggar","player_choice":"Ignored","floor":29.0,"gold_loss":0.0,"damage_taken":0.0},{"damage_healed":0.0,"max_hp_gain":0.0,"max_hp_loss":0.0,"gold_gain":0.0,"event_name":"Lab","player_choice":"Got Potions","floor":30.0,"gold_loss":0.0,"damage_taken":0.0},{"damage_healed":0,"gold_gain":275,"player_choice":"Desecrate","damage_taken":0,"max_hp_gain":0,"max_hp_loss":0,"event_name":"Golden Shrine","floor":36,"gold_loss":0,"cards_obtained":["Regret"]},{"damage_healed":0,"gold_gain":0,"player_choice":"Memory 1","damage_taken":0,"max_hp_gain":0,"max_hp_loss":0,"event_name":"SensoryStone","floor":38,"gold_loss":0}],"is_beta":true,"boss_relics":[{"not_picked":["WristBlade","Fusion Hammer"],"picked":"Busted Crown"},{"not_picked":["Cursed Key","Philosopher\u0027s Stone"],"picked":"Orrery"}],"items_purged_floors":[14,39],"is_endless":false,"potions_floor_spawned":[2,4,8,18],"killed_by":"Reptomancer","ascension_level":20}