{"gold_per_floor":[113,39,55,68,78,78,78,97,97,115,132,142,142,161,161,161],"floor_reached":16,"playtime":1843,"items_purged":[],"score":98,"play_id":"b807360b-e97a-4ef3-945f-cae95b8ca4c6","local_time":"20190729220050","is_ascension_mode":false,"campfire_choices":[{"floor":6,"key":"REST"},{"floor":15,"key":"REST"}],"neow_cost":"TEN_PERCENT_HP_LOSS","seed_source_timestamp":43877320154401,"circlet_count":0,"master_deck":["Strike_G","Strike_G","Strike_G","Strike_G","Defend_G","Defend_G","Defend_G","Defend_G","Survivor","Neutralize","Deadly Poison","Calculated Gamble","Flying Knee","Poisoned Stab","Backstab","Dash","Leg Sweep","Quick Slash","Poisoned Stab"],"relics":["Ring of the Snake","Bottled Lightning"],"potions_floor_usage":[8,12],"damage_taken":[{"damage":2,"enemies":"Small Slimes","floor":1,"turns":5},{"damage":0,"enemies":"Cultist","floor":3,"turns":5},{"damage":0,"enemies":"Jaw Worm","floor":4,"turns":3},{"damage":13,"enemies":"Blue Slaver","floor":5,"turns":5},{"damage":19,"enemies":"Lots of Slimes","floor":8,"turns":6},{"damage":2,"enemies":"Looter","floor":10,"turns":2},{"damage":0,"enemies":"Large Slime","floor":11,"turns":6},{"damage":0,"enemies":"Exordium Thugs","floor":12,"turns":4},{"damage":6,"enemies":"Exordium Wildlife","floor":14,"turns":4},{"damage":55,"enemies":"Slime Boss","floor":16,"turns":13}],"seed_played":"-9118187184598161066","potions_obtained":[{"floor":1,"key":"EssenceOfSteel"},{"floor":3,"key":"AttackPotion"},{"floor":12,"key":"Weak Potion"},{"floor":14,"key":"Dexterity Potion"}],"is_trial":false,"path_per_floor":["M","$","M","M","M","R","?","M","T","M","M","M","?","M","R","B"],"character_chosen":"THE_SILENT","items_purchased":["Calculated Gamble"],"campfire_rested":2,"item_purchase_floors":[2],"current_hp_per_floor":[61,61,61,61,48,63,63,44,44,42,42,42,42,36,54,0],"gold":161,"neow_bonus":"REMOVE_TWO","is_prod":false,"is_daily":false,"chose_seed":false,"campfire_upgraded":0,"win_rate":0.0,"timestamp":1564462850,"path_taken":["M","$","M","M","M","R","?","M","T","?","M","M","?","M","R","BOSS"],"build_version":"2019-07-17","purchased_purges":0,"victory":false,"max_hp_per_floor":[63,63,63,63,63,63,63,63,63,63,63,63,63,63,63,63],"card_choices":[{"not_picked":["Deflect","Prepared"],"picked":"Deadly Poison","floor":1},{"not_picked":["Poisoned Stab","Masterful Stab"],"picked":"Flying Knee","floor":3},{"not_picked":["Outmaneuver","Sucker Punch"],"picked":"Distraction","floor":4},{"not_picked":["Backflip","Caltrops"],"picked":"Poisoned Stab","floor":5},{"not_picked":["Riddle With Holes","Flechettes"],"picked":"Backstab","floor":8},{"not_picked":["Well Laid Plans","Outmaneuver"],"picked":"Dash","floor":10},{"not_picked":["Caltrops","Dodge and Roll"],"picked":"Leg Sweep","floor":11},{"not_picked":["Distraction","Underhanded Strike"],"picked":"Quick Slash","floor":12},{"not_picked":["Venomology","Prepared"],"picked":"Poisoned Stab","floor":14}],"player_experience":6531,"relics_obtained":[{"floor":9,"key":"Bottled Lightning"}],"event_choices":[{"cards_removed":["Distraction"],"damage_healed":0,"gold_gain":0,"player_choice":"Offered Uncommon","damage_taken":0,"max_hp_gain":0,"max_hp_loss":0,"event_name":"Bonfire Elementals","floor":7,"gold_loss":0},{"damage_healed":0,"gold_gain":0,"player_choice":"Fled","damage_taken":0,"max_hp_gain":0,"max_hp_loss":0,"event_name":"Scrap Ooze","floor":13,"gold_loss":0}],"is_beta":false,"boss_relics":[],"items_purged_floors":[],"is_endless":false,"potions_floor_spawned":[1,3,12,14],"killed_by":"Slime Boss","ascension_level":0}