{"gold_per_floor":[119,139,151,151,165,165,40,70,70,70,70,83,83,118,118,196,196,216,229,229,49,49,74,87,87,87,98,128,145,145,174,186,273,285,312,336,89,108,208,236,236,281,281,281,281,314,314,340,340,340,340,340,340,30,64,64],"floor_reached":57,"playtime":2636,"items_purged":["Strike_R","Strike_R"],"score":2916,"play_id":"463f2d3a-9967-4568-bbb6-af7d3e927d84","local_time":"20190621012904","is_ascension_mode":true,"campfire_choices":[{"data":"Inflame","floor":6,"key":"SMITH"},{"data":"Feed","floor":11,"key":"SMITH"},{"data":"Sword Boomerang","floor":13,"key":"SMITH"},{"data":"Limit Break","floor":15,"key":"SMITH"},{"floor":25,"key":"REST"},{"floor":30,"key":"REST"},{"data":"Limit Break","floor":32,"key":"SMITH"},{"data":"True Grit","floor":41,"key":"SMITH"},{"floor":44,"key":"RECALL"},{"floor":47,"key":"DIG"},{"floor":49,"key":"DIG"},{"floor":53,"key":"DIG"}],"neow_cost":"TEN_PERCENT_HP_LOSS","seed_source_timestamp":284068924666912,"circlet_count":0,"master_deck":["AscendersBane","Strike_R","Strike_R","Defend_R","Defend_R","Defend_R","Defend_R","Bash+1","Headbutt","Inflame+1","Brutality","Clothesline","Sword Boomerang+1","Offering","Limit Break+1","Limit Break+1","True Grit+1","Shrug It Off","Thunderclap","Pummel","Flame Barrier+1","Disarm+1","Spot Weakness+1","Reaper","Inflame","Sentinel+1","True Grit+1","Decay","Feel No Pain","Offering+1","Corruption","Dual Wield+1"],"relics":["Burning Blood","Oddly Smooth Stone","Question Card","Mercury Hourglass","Cursed Key","Toxic Egg 2","FossilizedHelix","MawBank","Runic Pyramid","Lantern","Nunchaku","Self Forming Clay","Shovel","Centennial Puzzle","Pen Nib","StoneCalendar","Red Skull","Letter Opener","Mummified Hand","Kunai"],"potions_floor_usage":[8,18,20,23,28,33,38,56,56],"damage_taken":[{"damage":1,"enemies":"Cultist","floor":1,"turns":3},{"damage":4,"enemies":"Small Slimes","floor":2,"turns":3},{"damage":6,"enemies":"Jaw Worm","floor":3,"turns":6},{"damage":22,"enemies":"Blue Slaver","floor":5,"turns":6},{"damage":34,"enemies":"Lagavulin","floor":8,"turns":10},{"damage":10,"enemies":"2 Fungi Beasts","floor":12,"turns":4},{"damage":16,"enemies":"Gremlin Nob","floor":14,"turns":3},{"damage":21,"enemies":"The Guardian","floor":16,"turns":8},{"damage":20,"enemies":"Spheric Guardian","floor":18,"turns":4},{"damage":38,"enemies":"3 Byrds","floor":19,"turns":5},{"damage":0,"enemies":"Sentry and Sphere","floor":20,"turns":2},{"damage":15,"enemies":"Book of Stabbing","floor":23,"turns":3},{"damage":18,"enemies":"Chosen and Byrds","floor":24,"turns":4},{"damage":6,"enemies":"Snecko","floor":27,"turns":3},{"damage":18,"enemies":"Gremlin Leader","floor":28,"turns":3},{"damage":15,"enemies":"Centurion and Healer","floor":29,"turns":6},{"damage":23,"enemies":"Book of Stabbing","floor":31,"turns":5},{"damage":39,"enemies":"Automaton","floor":33,"turns":5},{"damage":0,"enemies":"3 Shapes","floor":35,"turns":3},{"damage":6,"enemies":"Orb Walker","floor":36,"turns":3},{"damage":37,"enemies":"3 Darklings","floor":38,"turns":6},{"damage":0,"enemies":"Mind Bloom Boss Battle","floor":39,"turns":6},{"damage":0,"enemies":"Nemesis","floor":40,"turns":5},{"damage":59,"enemies":"2 Orb Walkers","floor":42,"turns":5},{"damage":35,"enemies":"Reptomancer","floor":46,"turns":6},{"damage":34,"enemies":"Giant Head","floor":48,"turns":7},{"damage":27,"enemies":"Donu and Deca","floor":50,"turns":4},{"damage":74,"enemies":"Time Eater","floor":51,"turns":6},{"damage":50,"enemies":"Shield and Spear","floor":55,"turns":5},{"damage":78,"enemies":"The Heart","floor":56,"turns":7}],"seed_played":"5337717254014971295","potions_obtained":[{"floor":1,"key":"Strength Potion"},{"floor":2,"key":"SneckoOil"},{"floor":3,"key":"EssenceOfSteel"},{"floor":16,"key":"EssenceOfSteel"},{"floor":19,"key":"SmokeBomb"},{"floor":24,"key":"Explosive Potion"},{"floor":28,"key":"FearPotion"},{"floor":33,"key":"SkillPotion"},{"floor":35,"key":"Swift Potion"},{"floor":38,"key":"LiquidBronze"},{"floor":39,"key":"SteroidPotion"}],"is_trial":false,"path_per_floor":["M","M","M","?","M","R","$","E","T","?","R","M","R","E","R","B",null,"M","M","M","$","?","E","M","R","T","M","E","M","R","E","R","B",null,"M","M","$","M","?","E","R","?","T","R","?","E","R","E","R","B","B",null,"R","$","E","B",null],"character_chosen":"IRONCLAD","items_purchased":["Sword Boomerang","Thunderclap","SteroidPotion","Inflame","Lantern","Mummified Hand","Corruption"],"campfire_rested":2,"item_purchase_floors":[7,21,21,37,37,54,54],"current_hp_per_floor":[71,74,77,77,64,64,64,39,39,39,39,39,39,29,29,14,69,59,27,37,37,37,28,20,49,49,53,41,36,68,51,51,18,85,95,95,95,115,119,123,123,94,94,94,94,105,105,123,123,127,123,126,126,126,127,124],"gold":64,"neow_bonus":"THREE_RARE_CARDS","is_prod":false,"is_daily":false,"chose_seed":false,"campfire_upgraded":6,"win_rate":0,"timestamp":1561076944,"path_taken":["M","?","M","?","M","R","?","E","T","?","R","M","R","E","R","BOSS","M","M","M","$","?","E","M","R","T","M","E","M","R","E","R","BOSS","M","M","$","M","?","E","R","?","T","R","?","E","R","E","R","BOSS","BOSS","R","$","E","BOSS"],"build_version":"2019-06-19","purchased_purges":2,"victory":true,"max_hp_per_floor":[71,74,77,77,80,80,80,83,83,83,83,87,87,87,87,87,87,91,91,95,95,95,95,99,99,99,103,103,107,107,107,107,107,107,111,111,111,115,119,123,123,127,127,127,127,127,127,127,127,127,127,127,127,127,127,127],"card_choices":[{"not_picked":["Barricade","Exhume"],"picked":"Feed","floor":0},{"not_picked":["Second Wind","True Grit"],"picked":"Headbutt","floor":1},{"not_picked":["Fire Breathing","Clash"],"picked":"Inflame","floor":2},{"not_picked":["True Grit","Cleave","Body Slam"],"picked":"SKIP","floor":3},{"not_picked":["Heavy Blade","Body Slam"],"picked":"Clothesline","floor":5},{"not_picked":["Clash","Shrug It Off"],"picked":"Offering","floor":8},{"not_picked":["Perfected Strike","Combust","Cleave","Warcry"],"picked":"SKIP","floor":12},{"not_picked":["Metallicize","Armaments","Warcry"],"picked":"Limit Break","floor":14},{"not_picked":["Double Tap","Juggernaut","Brutality"],"picked":"Limit Break","floor":16},{"not_picked":["Rupture","Twin Strike","Clothesline"],"picked":"True Grit","floor":18},{"not_picked":["Hemokinesis","Armaments","Twin Strike"],"picked":"Shrug It Off","floor":19},{"not_picked":["Thunderclap","Metallicize","Searing Blow+1"],"picked":"Pummel","floor":23},{"not_picked":["Metallicize","Hemokinesis","Heavy Blade","Body Slam"],"picked":"SKIP","floor":24},{"not_picked":["Power Through+1","Metallicize","Twin Strike"],"picked":"Flame Barrier+1","floor":27},{"not_picked":["Metallicize","Headbutt","Wild Strike","Anger"],"picked":"SKIP","floor":28},{"not_picked":["Wild Strike","Pommel Strike","Flex+1"],"picked":"Disarm+1","floor":29},{"not_picked":["Brutality","Blood for Blood","Feed"],"picked":"Spot Weakness+1","floor":31},{"not_picked":["Fiend Fire","Brutality","Dark Embrace"],"picked":"Reaper","floor":33},{"not_picked":["Metallicize","Pummel+1","Wild Strike+1","Heavy Blade"],"picked":"SKIP","floor":35},{"not_picked":["Havoc+1","Carnage","Perfected Strike","Hemokinesis"],"picked":"SKIP","floor":36},{"not_picked":["Havoc+1","Pummel","Anger","Warcry+1"],"picked":"SKIP","floor":38},{"not_picked":["Clothesline","Bloodletting+1","Rage+1"],"picked":"Sentinel+1","floor":39},{"not_picked":["Fire Breathing+1","Berserk","Wild Strike"],"picked":"True Grit+1","floor":40},{"not_picked":["Intimidate+1","Anger","Metallicize"],"picked":"Feel No Pain","floor":46},{"not_picked":["Sentinel+1","Body Slam","Anger"],"picked":"Offering+1","floor":48},{"not_picked":["True Grit+1","Warcry+1","Twin Strike"],"picked":"Dual Wield+1","floor":55}],"player_experience":2128010,"relics_obtained":[{"floor":8,"key":"Oddly Smooth Stone"},{"floor":9,"key":"Question Card"},{"floor":14,"key":"Mercury Hourglass"},{"floor":23,"key":"Toxic Egg 2"},{"floor":28,"key":"FossilizedHelix"},{"floor":31,"key":"MawBank"},{"floor":39,"key":"Nunchaku"},{"floor":40,"key":"Self Forming Clay"},{"floor":42,"key":"Shovel"},{"floor":46,"key":"Centennial Puzzle"},{"floor":47,"key":"Pen Nib"},{"floor":48,"key":"StoneCalendar"},{"floor":49,"key":"Red Skull"},{"floor":53,"key":"Letter Opener"},{"floor":55,"key":"Kunai"}],"event_choices":[{"damage_healed":0,"gold_gain":0,"cards_transformed":["Strike_R"],"player_choice":"Transformed","damage_taken":0,"max_hp_gain":0,"max_hp_loss":0,"event_name":"Transmorgrifier","floor":4,"gold_loss":0,"cards_obtained":["Brutality"]},{"damage_healed":0,"gold_gain":0,"player_choice":"Grow","damage_taken":0,"max_hp_gain":0,"max_hp_loss":0,"event_name":"Living Wall","floor":10,"gold_loss":0,"cards_upgraded":["Bash"]},{"damage_healed":0,"gold_gain":0,"player_choice":"Ignored","damage_taken":0,"max_hp_gain":0,"max_hp_loss":0,"event_name":"The Mausoleum","floor":22,"gold_loss":0},{"damage_healed":0,"gold_gain":0,"player_choice":"Fight","damage_taken":0,"max_hp_gain":0,"max_hp_loss":0,"event_name":"MindBloom","floor":39,"gold_loss":0},{"damage_healed":0,"gold_gain":0,"player_choice":"Fight","damage_taken":0,"max_hp_gain":0,"max_hp_loss":0,"event_name":"Mysterious Sphere","floor":42,"gold_loss":0},{"cards_removed":["Feed"],"damage_healed":0,"gold_gain":0,"player_choice":"Removed Attack","damage_taken":0,"max_hp_gain":0,"max_hp_loss":0,"event_name":"Falling","floor":45,"gold_loss":0}],"is_beta":true,"boss_relics":[{"not_picked":["Runic Cube","Eternal Feather"],"picked":"Cursed Key"},{"not_picked":["Lizard Tail","Fusion Hammer"],"picked":"Runic Pyramid"}],"items_purged_floors":[7,21],"is_endless":false,"potions_floor_spawned":[1,2,3,16,19,24,27,28,33,35,38,39,46,48],"ascension_level":20}