{"gold_per_floor":[111,129,53,65,65,65,91,102,182,198,209,209,169,169],"floor_reached":14,"playtime":493,"items_purged":[],"score":184,"play_id":"ffdb9983-80b2-4b78-90a1-0d84ecb61947","local_time":"20190619011121","is_ascension_mode":true,"campfire_choices":[{"data":"Bash","floor":6,"key":"SMITH"}],"neow_cost":"NONE","seed_source_timestamp":112403355232275,"circlet_count":0,"master_deck":["AscendersBane","Strike_R","Strike_R","Strike_R","Strike_R","Strike_R","Defend_R","Defend_R","Defend_R","Defend_R","Bash+1","Feel No Pain","Headbutt","Feel No Pain","Combust","Disarm","Flame Barrier","Dropkick","Inflame","Pain","Pommel Strike"],"relics":["Burning Blood","Turnip","Bottled Flame","WarpedTongs"],"potions_floor_usage":[13,14],"damage_taken":[{"damage":6,"enemies":"2 Louse","floor":1,"turns":5},{"damage":1,"enemies":"Cultist","floor":2,"turns":3},{"damage":10,"enemies":"Small Slimes","floor":4,"turns":5},{"damage":49,"enemies":"Gremlin Nob","floor":7,"turns":5},{"damage":17,"enemies":"Red Slaver","floor":8,"turns":6},{"damage":10,"enemies":"2 Fungi Beasts","floor":10,"turns":5},{"damage":10,"enemies":"Exordium Wildlife","floor":11,"turns":6},{"damage":1,"enemies":"Looter","floor":13,"turns":4},{"damage":12,"enemies":"Gremlin Gang","floor":14,"turns":2}],"seed_played":"1817860473364459276","potions_obtained":[{"floor":8,"key":"SkillPotion"},{"floor":10,"key":"Poison Potion"}],"is_trial":false,"path_per_floor":["M","M","$","M","?","R","E","M","T","M","M","?","M","M"],"character_chosen":"IRONCLAD","items_purchased":["Combust"],"campfire_rested":0,"item_purchase_floors":[3],"current_hp_per_floor":[68,73,73,69,69,69,26,15,15,11,7,7,12,0],"gold":169,"neow_bonus":"THREE_CARDS","is_prod":false,"is_daily":false,"chose_seed":false,"campfire_upgraded":1,"win_rate":0,"timestamp":1560903081,"path_taken":["M","M","$","M","?","R","E","M","T","M","M","?","M","?"],"build_version":"2019-06-17v2","purchased_purges":0,"victory":false,"max_hp_per_floor":[75,75,75,75,75,75,75,75,75,75,75,75,75,75],"card_choices":[{"not_picked":["Dropkick","Body Slam"],"picked":"Feel No Pain","floor":0},{"not_picked":["Seeing Red","Body Slam"],"picked":"Headbutt","floor":1},{"not_picked":["Cleave","Rupture"],"picked":"Feel No Pain","floor":2},{"not_picked":["Corruption","Anger"],"picked":"Disarm","floor":4},{"not_picked":["Rage","Armaments"],"picked":"Flame Barrier","floor":7},{"not_picked":["Sentinel","Clash","Heavy Blade"],"picked":"SKIP","floor":8},{"not_picked":["Perfected Strike","Wild Strike"],"picked":"Dropkick","floor":10},{"not_picked":["Hemokinesis","Second Wind"],"picked":"Inflame","floor":11},{"not_picked":["Cleave","Anger"],"picked":"Pommel Strike","floor":13}],"player_experience":2121399,"relics_obtained":[{"floor":7,"key":"Turnip"},{"floor":9,"key":"Bottled Flame"}],"event_choices":[{"damage_healed":0,"gold_gain":0,"player_choice":"Ignored","damage_taken":0,"max_hp_gain":0,"max_hp_loss":0,"event_name":"Liars Game","floor":5,"gold_loss":0},{"damage_healed":0,"gold_gain":0,"player_choice":"Rummage","damage_taken":0,"relics_obtained":["WarpedTongs"],"max_hp_gain":0,"max_hp_loss":0,"event_name":"Accursed Blacksmith","floor":12,"gold_loss":0,"cards_obtained":["Pain"]}],"is_beta":true,"boss_relics":[],"items_purged_floors":[],"is_endless":false,"potions_floor_spawned":[8,10],"killed_by":"Gremlin Gang","ascension_level":20}