{"gold_per_floor":[119,119,137,5,5,39,39,82,129,142,142,180,193,207,207,305,305,324,347,372,395,48,73,73,73,73,98,98,0,43,62,62,156,156,174,174,190,68,93,93,426,460,487,487,516,516,542,557,557,557],"floor_reached":51,"playtime":2103,"items_purged":["Strike_R"],"score":1460,"play_id":"faa1b669-948f-4844-91a8-afdd382dfe1e","local_time":"20180720220604","is_ascension_mode":true,"campfire_choices":[{"data":"Bash","floor":7.0,"key":"SMITH"},{"data":"Havoc","floor":11.0,"key":"SMITH"},{"data":"Whirlwind","floor":15.0,"key":"SMITH"},{"data":"Armaments","floor":25.0,"key":"SMITH"},{"data":"Demon Form","floor":28.0,"key":"SMITH"},{"data":"Feel No Pain","floor":32.0,"key":"SMITH"},{"data":"True Grit","floor":40.0,"key":"SMITH"},{"data":"Havoc","floor":44.0,"key":"SMITH"},{"floor":49.0,"key":"REST"}],"neow_cost":"NONE","seed_source_timestamp":0,"circlet_count":0,"master_deck":["Strike_R","Strike_R","Strike_R","Strike_R","Defend_R","Defend_R","Defend_R","Defend_R","Bash+1","AscendersBane","Anger","Iron Wave","Feel No Pain+1","Impervious","Power Through","Havoc+1","Reaper","Carnage","Whirlwind+1","Demon Form+1","Battle Trance","Clothesline","Armaments+1","Burning Pact","Evolve","Shrug It Off","Inflame","Dark Embrace","Ghostly Armor","Flame Barrier","Battle Trance","Havoc+1","True Grit+1","Fiend Fire+1","Havoc+1","Feed+1","Shrug It Off","True Grit+1","Reckless Charge+1"],"special_seed":0,"relics":["Burning Blood","NeowsBlessing","Orichalcum","Self Forming Clay","Vajra","Bag of Marbles","Runic Dome","Chemical X","Molten Egg 2","Red Skull","Orrery","Darkstone Periapt","Blood Vial","Question Card","Toxic Egg 2","Dodecahedron"],"potions_floor_usage":[50],"damage_taken":[{"damage":0.0,"enemies":"Small Slimes","floor":1.0,"turns":1.0},{"damage":0.0,"enemies":"2 Louse","floor":3.0,"turns":1.0},{"damage":0.0,"enemies":"Lagavulin","floor":6.0,"turns":1.0},{"damage":13.0,"enemies":"Gremlin Nob","floor":8.0,"turns":5.0},{"damage":0.0,"enemies":"Cultist","floor":10.0,"turns":2.0},{"damage":20.0,"enemies":"Lagavulin","floor":12.0,"turns":6.0},{"damage":7.0,"enemies":"Exordium Wildlife","floor":13.0,"turns":4.0},{"damage":1.0,"enemies":"Looter","floor":14.0,"turns":2.0},{"damage":37.0,"enemies":"Hexaghost","floor":16.0,"turns":11.0},{"damage":8.0,"enemies":"Chosen","floor":18.0,"turns":5.0},{"damage":13.0,"enemies":"Spheric Guardian","floor":19.0,"turns":4.0},{"damage":29.0,"enemies":"Snecko","floor":20.0,"turns":5.0},{"damage":14.0,"enemies":"Cultist and Chosen","floor":21.0,"turns":7.0},{"damage":20.0,"enemies":"Centurion and Healer","floor":23.0,"turns":5.0},{"damage":22.0,"enemies":"Snake Plant","floor":27.0,"turns":7.0},{"damage":0.0,"enemies":"Slavers","floor":30.0,"turns":1.0},{"damage":3.0,"enemies":"Cultist and Chosen","floor":31.0,"turns":7.0},{"damage":23.0,"enemies":"Collector","floor":33.0,"turns":8.0},{"damage":0.0,"enemies":"3 Shapes","floor":35.0,"turns":1.0},{"damage":0.0,"enemies":"Orb Walker","floor":37.0,"turns":3.0},{"damage":6.0,"enemies":"Spire Growth","floor":39.0,"turns":4.0},{"damage":25.0,"enemies":"Nemesis","floor":42.0,"turns":7.0},{"damage":57.0,"enemies":"Giant Head","floor":45.0,"turns":8.0},{"damage":16.0,"enemies":"2 Orb Walkers","floor":47.0,"turns":4.0},{"damage":11.0,"enemies":"4 Shapes","floor":48.0,"turns":4.0},{"damage":51,"enemies":"Time Eater","floor":50,"turns":8}],"seed_played":"-5853319697967853868","potions_obtained":[{"floor":1.0,"key":"LiquidBronze"},{"floor":6.0,"key":"Dexterity Potion"},{"floor":8.0,"key":"BloodPotion"},{"floor":18.0,"key":"Fruit Juice"},{"floor":20.0,"key":"Dexterity Potion"},{"floor":27.0,"key":"EssenceOfSteel"},{"floor":39.0,"key":"LiquidBronze"},{"floor":48.0,"key":"SteroidPotion"}],"is_trial":false,"path_per_floor":["M","?","M","$","?","E","R","E","T","M","R","E","M","M","R","B",null,"M","M","M","M","$","M","?","R","T","M","R","$","E","M","R","B",null,"M","?","M","$","M","R","?","E","T","R","E","T","E","M","R","B"],"character_chosen":"IRONCLAD","items_purchased":["Feel No Pain","Pommel Strike","Evolve","Chemical X","Shrug It Off","Inflame","True Grit","Fiend Fire+1"],"campfire_rested":1,"item_purchase_floors":[4,4,22,22,29,29,38,38],"current_hp_per_floor":[74,48,54,54,59,65,65,58,58,64,64,50,49,54,54,28,67,72,70,54,67,67,66,66,66,66,58,58,58,64,85,85,68,81,85,85,85,85,85,85,85,66,66,66,17,17,31,28,53,34],"gold":557,"neow_bonus":"THREE_ENEMY_KILL","is_prod":false,"is_daily":false,"chose_seed":false,"campfire_upgraded":8,"win_rate":0,"timestamp":1532120764,"path_taken":["M","?","M","$","?","E","R","E","T","M","R","E","M","M","R","BOSS","M","M","M","M","$","M","?","R","T","M","R","$","E","?","R","BOSS","M","?","M","$","M","R","?","E","T","R","E","?","E","M","R","BOSS"],"build_version":"2018-07-19","purchased_purges":1,"victory":true,"max_hp_per_floor":[75,75,75,75,80,80,80,80,80,80,80,80,80,80,80,80,80,80,85,85,85,85,85,85,85,85,85,85,85,85,85,85,85,85,85,85,85,85,85,85,85,85,85,85,85,85,85,85,85,85],"card_choices":[{"not_picked":["Burning Pact","Cleave"],"picked":"Anger","floor":1.0},{"not_picked":["Body Slam","Havoc"],"picked":"Iron Wave","floor":3.0},{"not_picked":["Sword Boomerang","Twin Strike"],"picked":"Impervious","floor":6.0},{"not_picked":["Rupture","Sword Boomerang"],"picked":"Power Through","floor":8.0},{"not_picked":["Thunderclap","Entrench"],"picked":"Havoc","floor":10.0},{"not_picked":["Heavy Blade","Armaments"],"picked":"Reaper","floor":12.0},{"not_picked":["Intimidate","Shrug It Off"],"picked":"Carnage","floor":13.0},{"not_picked":["Thunderclap","Ghostly Armor"],"picked":"Whirlwind","floor":14.0},{"not_picked":["Feed","Juggernaut"],"picked":"Demon Form","floor":16.0},{"not_picked":["Twin Strike","Entrench+1"],"picked":"Battle Trance","floor":18.0},{"not_picked":["Wild Strike","Dual Wield"],"picked":"Clothesline","floor":19.0},{"not_picked":["Flex","Clothesline"],"picked":"Armaments","floor":20.0},{"not_picked":["Headbutt","Rampage"],"picked":"Burning Pact","floor":21.0},{"not_picked":["Bludgeon","Clash","Wild Strike"],"picked":"SKIP","floor":23.0},{"not_picked":["Anger+1","Rupture+1","Bloodletting"],"picked":"SKIP","floor":27.0},{"not_picked":["Burning Pact","Perfected Strike+1"],"picked":"Dark Embrace","floor":30.0},{"not_picked":["Wild Strike+1","Twin Strike+1"],"picked":"Ghostly Armor","floor":31.0},{"not_picked":["Heavy Blade+1","Sever Soul+1"],"picked":"Flame Barrier","floor":34.0},{"not_picked":["Spot Weakness+1","Pommel Strike+1"],"picked":"Battle Trance","floor":34.0},{"not_picked":["Pommel Strike+1","Body Slam+1"],"picked":"Havoc","floor":35.0},{"not_picked":["Wild Strike+1","Clothesline+1","Headbutt+1"],"picked":"SKIP","floor":37.0},{"not_picked":["Evolve","Body Slam+1"],"picked":"Havoc+1","floor":39.0},{"not_picked":["Brutality","Sentinel"],"picked":"Feed+1","floor":42.0},{"not_picked":["Immolate+1","Twin Strike+1"],"picked":"Shrug It Off","floor":45.0},{"not_picked":["Ghostly Armor+1","Flame Barrier+1","Wild Strike+1"],"picked":"True Grit+1","floor":47.0},{"not_picked":["Iron Wave+1","Wild Strike+1","True Grit+1"],"picked":"Reckless Charge+1","floor":48.0}],"player_experience":1067596,"relics_obtained":[{"floor":6.0,"key":"Orichalcum"},{"floor":8.0,"key":"Self Forming Clay"},{"floor":9.0,"key":"Vajra"},{"floor":12.0,"key":"Bag of Marbles"},{"floor":26.0,"key":"Molten Egg 2"},{"floor":30.0,"key":"Red Skull"},{"floor":42.0,"key":"Darkstone Periapt"},{"floor":43.0,"key":"Blood Vial"},{"floor":45.0,"key":"Question Card"},{"floor":46.0,"key":"Toxic Egg 2"},{"floor":47.0,"key":"Dodecahedron"}],"event_choices":[{"event_name":"Golden Idol","player_choice":"Take Damage","floor":2.0,"damage_taken":0.0},{"event_name":"Big Fish","player_choice":"Donut","floor":5.0,"damage_taken":0.0},{"event_name":"Ghosts","player_choice":"Ignored","floor":24.0,"damage_taken":0.0},{"event_name":"Falling","player_choice":"Removed Attack","floor":36.0,"damage_taken":0.0},{"event_name":"The Moai Head","player_choice":"Gave Idol","floor":41.0,"damage_taken":0.0}],"is_beta":true,"boss_relics":[{"not_picked":["Runic Cube","Astrolabe"],"picked":"Runic Dome"},{"not_picked":["Cursed Key","Eternal Feather"],"picked":"Orrery"}],"items_purged_floors":[22],"is_endless":false,"potions_floor_spawned":[1,6,8,10,14,18,20,27,30,39,42,48],"ascension_level":15}