{"gold_per_floor":[14,34,34,44,58,58,85,85,85,85,10,10,36,50,50,149,149,167,181,26,39,53,53,53,67,113,132,132,132,150,150,150,150],"floor_reached":33,"playtime":2544,"items_purged":["Strike_B"],"score":309,"play_id":"d5d4ef5b-a6fc-4fa7-8680-7cf518f23a72","local_time":"20190809113158","is_ascension_mode":false,"campfire_choices":[{"data":"Dualcast","floor":6.0,"key":"SMITH"},{"data":"Tempest","floor":8.0,"key":"SMITH"},{"data":"Streamline","floor":10.0,"key":"SMITH"},{"data":"Zap","floor":12.0,"key":"SMITH"},{"data":"Static Discharge","floor":15.0,"key":"SMITH"},{"floor":23.0,"key":"REST"},{"floor":29.0,"key":"REST"},{"floor":32,"key":"REST"}],"neow_cost":"NO_GOLD","seed_source_timestamp":0,"circlet_count":0,"master_deck":["Defend_B","Defend_B","Zap+1","Dualcast+1","Stack","Streamline+1","Auto Shields","Multi-Cast","Tempest+1","Static Discharge+1","Reboot+1","Discovery+1","Decay","Storm+1","Coolheaded+1","Bite","Bite","Bite","Bite","Bite"],"special_seed":0,"relics":["Cracked Core","Potion Belt","Ancient Tea Set","Toxic Egg 2","Velvet Choker"],"potions_floor_usage":[33,33],"damage_taken":[{"damage":1.0,"enemies":"Small Slimes","floor":1.0,"turns":3.0},{"damage":0.0,"enemies":"2 Louse","floor":2.0,"turns":2.0},{"damage":6.0,"enemies":"Jaw Worm","floor":4.0,"turns":3.0},{"damage":3.0,"enemies":"Lots of Slimes","floor":5.0,"turns":5.0},{"damage":20.0,"enemies":"Lagavulin","floor":7.0,"turns":4.0},{"damage":0.0,"enemies":"Gremlin Nob","floor":13.0,"turns":2.0},{"damage":0.0,"enemies":"Large Slime","floor":14.0,"turns":3.0},{"damage":11.0,"enemies":"Slime Boss","floor":16.0,"turns":6.0},{"damage":21.0,"enemies":"2 Thieves","floor":18.0,"turns":3.0},{"damage":21.0,"enemies":"3 Byrds","floor":19.0,"turns":4.0},{"damage":34.0,"enemies":"Snecko","floor":21.0,"turns":4.0},{"damage":11.0,"enemies":"3 Cultists","floor":22.0,"turns":4.0},{"damage":2.0,"enemies":"Chosen and Byrds","floor":25.0,"turns":4.0},{"damage":23.0,"enemies":"Snake Plant","floor":27.0,"turns":2.0},{"damage":18.0,"enemies":"Snecko","floor":30.0,"turns":4.0},{"damage":68,"enemies":"Automaton","floor":33,"turns":6}],"seed_played":"-2010135357582053217","potions_obtained":[{"floor":5.0,"key":"FearPotion"},{"floor":7.0,"key":"PowerPotion"},{"floor":13.0,"key":"Strength Potion"},{"floor":14.0,"key":"SkillPotion"},{"floor":18.0,"key":"Block Potion"},{"floor":21.0,"key":"Swift Potion"},{"floor":25.0,"key":"Dexterity Potion"},{"floor":30,"key":"LiquidBronze"}],"is_trial":false,"path_per_floor":["M","M","?","M","M","R","E","R","T","R","$","R","E","M","R","B",null,"M","M","$","M","M","R","?","M","T","M","?","R","M","?","R","B"],"character_chosen":"DEFECT","items_purchased":["Discovery+1","Regen Potion"],"campfire_rested":3,"item_purchase_floors":[20,20],"current_hp_per_floor":[74,74,74,68,65,65,45,45,45,45,45,45,45,45,45,34,75,54,33,33,13,2,24,24,22,22,1,1,23,7,7,29,0],"gold":150,"neow_bonus":"TRANSFORM_TWO_CARDS","is_prod":false,"is_daily":false,"chose_seed":false,"campfire_upgraded":5,"win_rate":0.0,"timestamp":1565375518,"path_taken":["M","M","?","M","M","R","E","R","T","R","$","R","E","M","R","BOSS","M","M","$","M","M","R","?","M","T","M","?","R","M","?","R","BOSS"],"build_version":"2019-07-17","purchased_purges":1,"victory":false,"max_hp_per_floor":[75,75,75,75,75,75,75,75,75,75,75,75,75,75,75,75,75,75,75,75,75,75,75,75,75,75,75,75,75,75,75,75,75],"card_choices":[{"not_picked":["Sweeping Beam","Go for the Eyes"],"picked":"Streamline","floor":1.0},{"not_picked":["Leap","Ball Lightning","Hologram"],"picked":"SKIP","floor":2.0},{"not_picked":["Redo","Streamline"],"picked":"Auto Shields","floor":4.0},{"not_picked":["Stack","Chill"],"picked":"Multi-Cast","floor":5.0},{"not_picked":["Auto Shields","Cold Snap"],"picked":"Tempest","floor":7.0},{"not_picked":["Go for the Eyes","Cold Snap","All For One"],"picked":"SKIP","floor":13.0},{"not_picked":["Gash","Redo+1"],"picked":"Static Discharge","floor":14.0},{"not_picked":["Amplify+1","Multi-Cast+1"],"picked":"Reboot+1","floor":16.0},{"not_picked":["Sweeping Beam","Beam Cell","Steam+1"],"picked":"SKIP","floor":18.0},{"not_picked":["Sweeping Beam","Stack+1","Gash"],"picked":"SKIP","floor":19.0},{"not_picked":["Leap+1","Cold Snap+1","Compile Driver"],"picked":"SKIP","floor":21.0},{"not_picked":["Blizzard","Compile Driver","Doom and Gloom"],"picked":"SKIP","floor":22.0},{"not_picked":["Consume+1","Creative AI"],"picked":"Storm+1","floor":25.0},{"not_picked":["Steam Power+1","Ball Lightning","Hologram+1"],"picked":"SKIP","floor":27.0},{"not_picked":["Barrage+1","Auto Shields+1"],"picked":"Coolheaded+1","floor":30}],"player_experience":56744,"relics_obtained":[{"floor":7.0,"key":"Potion Belt"},{"floor":9.0,"key":"Ancient Tea Set"},{"floor":13.0,"key":"Toxic Egg 2"},{"floor":26.0,"key":"Blood Vial"}],"event_choices":[{"cards_removed":["Blizzard"],"damage_healed":0.0,"max_hp_gain":0.0,"max_hp_loss":0.0,"gold_gain":0.0,"event_name":"Living Wall","player_choice":"Forget","floor":3.0,"gold_loss":0.0,"damage_taken":0.0},{"damage_healed":0.0,"max_hp_gain":0.0,"max_hp_loss":0.0,"gold_gain":0.0,"event_name":"Forgotten Altar","player_choice":"Smashed Altar","floor":24.0,"gold_loss":0.0,"damage_taken":0.0,"cards_obtained":["Decay"]},{"damage_healed":0.0,"max_hp_gain":0.0,"max_hp_loss":0.0,"gold_gain":0.0,"event_name":"Ghosts","player_choice":"Ignored","floor":28.0,"gold_loss":0.0,"damage_taken":0.0},{"damage_healed":0,"gold_gain":0,"player_choice":"Became a vampire (Vial)","damage_taken":0,"max_hp_gain":0,"max_hp_loss":0,"event_name":"Vampires","floor":31,"relics_lost":["Blood Vial"],"gold_loss":0,"cards_obtained":["Bite","Bite","Bite","Bite","Bite"]}],"is_beta":false,"boss_relics":[{"not_picked":["Busted Crown","Calling Bell"],"picked":"Velvet Choker"}],"items_purged_floors":[11],"is_endless":false,"potions_floor_spawned":[5,7,13,14,18,21,25,30],"killed_by":"Automaton","ascension_level":0}