{"gold_per_floor":[112,126,138,158,9,35,47,59,98,159,190,24,35,49,49,147,147,157,128,3,16,16,16,26,26,26,56,56,68,68,88,88,191,191,206,52,64,164,217,217,235,235,235,97,113,113,113,126,126,126,126,126,27,56,56],"floor_reached":55,"playtime":5578,"items_purged":["Strike_R","Strike_R","Strike_R"],"score":714,"play_id":"ca666198-f11e-46ea-9c9d-a5d21f240905","local_time":"20190822230836","is_ascension_mode":false,"campfire_choices":[{"data":"Feed","floor":7.0,"key":"SMITH"},{"data":"Spot Weakness","floor":15.0,"key":"SMITH"},{"data":"Offering","floor":23.0,"key":"SMITH"},{"data":"Fiend Fire","floor":25.0,"key":"SMITH"},{"floor":30.0,"key":"REST"},{"floor":32.0,"key":"REST"},{"data":"Heavy Blade","floor":40.0,"key":"SMITH"},{"floor":42.0,"key":"REST"},{"floor":47.0,"key":"REST"},{"floor":49.0,"key":"RECALL"},{"data":"Demon Form","floor":52.0,"key":"SMITH"}],"neow_cost":"NONE","seed_source_timestamp":361149085209700,"circlet_count":0,"master_deck":["Strike_R","Strike_R","Defend_R","Defend_R","Defend_R","Defend_R","Bash","Metallicize+1","Spot Weakness+1","Flex+1","Feed+1","Cleave","Rampage","Intimidate","Offering+1","Fiend Fire+1","Ghostly Armor","Necronomicurse","Demon Form+1","Ghostly Armor+1","Feed","Heavy Blade+1","Heavy Blade+1","Double Tap","Writhe","Armaments+1","Intimidate+1"],"special_seed":0,"relics":["Runic Dome","MawBank","Red Skull","Lantern","Cursed Key","Tiny Chest","Shuriken","Question Card","Necronomicon","Empty Cage","Omamori","Ginger","Oddly Smooth Stone","Dodecahedron","Happy Flower","Mercury Hourglass"],"potions_floor_usage":[55,55],"damage_taken":[{"damage":0.0,"enemies":"Cultist","floor":1.0,"turns":4.0},{"damage":1.0,"enemies":"Jaw Worm","floor":2.0,"turns":3.0},{"damage":0.0,"enemies":"2 Louse","floor":3.0,"turns":2.0},{"damage":3.0,"enemies":"Exordium Thugs","floor":4.0,"turns":4.0},{"damage":17.0,"enemies":"3 Sentries","floor":6.0,"turns":10.0},{"damage":2.0,"enemies":"Lots of Slimes","floor":11.0,"turns":3.0},{"damage":0.0,"enemies":"3 Louse","floor":13.0,"turns":2.0},{"damage":6.0,"enemies":"Exordium Thugs","floor":14.0,"turns":4.0},{"damage":26.0,"enemies":"The Guardian","floor":16.0,"turns":7.0},{"damage":3.0,"enemies":"2 Thieves","floor":18.0,"turns":4.0},{"damage":11.0,"enemies":"3 Byrds","floor":21.0,"turns":5.0},{"damage":17.0,"enemies":"Cultist and Chosen","floor":24.0,"turns":6.0},{"damage":21.0,"enemies":"Gremlin Leader","floor":27.0,"turns":4.0},{"damage":6.0,"enemies":"Snake Plant","floor":29.0,"turns":2.0},{"damage":23.0,"enemies":"Centurion and Healer","floor":31.0,"turns":4.0},{"damage":61.0,"enemies":"Collector","floor":33.0,"turns":8.0},{"damage":19.0,"enemies":"3 Darklings","floor":35.0,"turns":5.0},{"damage":4.0,"enemies":"3 Shapes","floor":37.0,"turns":4.0},{"damage":10.0,"enemies":"Mind Bloom Boss Battle","floor":38.0,"turns":6.0},{"damage":28.0,"enemies":"Spire Growth","floor":41.0,"turns":5.0},{"damage":33.0,"enemies":"Jaw Worm Horde","floor":45.0,"turns":4.0},{"damage":20.0,"enemies":"Transient","floor":48.0,"turns":5.0},{"damage":48.0,"enemies":"Donu and Deca","floor":50.0,"turns":6.0},{"damage":36.0,"enemies":"Shield and Spear","floor":54.0,"turns":6.0},{"damage":82,"enemies":"The Heart","floor":55,"turns":6}],"seed_played":"180278971164552925","potions_obtained":[{"floor":1.0,"key":"Dexterity Potion"},{"floor":3.0,"key":"Dexterity Potion"},{"floor":6.0,"key":"Ancient Potion"},{"floor":13.0,"key":"Block Potion"},{"floor":24.0,"key":"Ancient Potion"},{"floor":27.0,"key":"AttackPotion"},{"floor":31.0,"key":"EssenceOfSteel"},{"floor":33.0,"key":"GamblersBrew"},{"floor":35.0,"key":"Dexterity Potion"},{"floor":37.0,"key":"Explosive Potion"}],"is_trial":false,"path_per_floor":["M","M","M","M","$","E","R","?","T","T","M","$","M","M","R","B",null,"M","?","$","M","T","R","M","R","T","E","?","M","R","M","R","B",null,"M","$","M","?","T","R","M","R","T","$","M","T","R","M","R","B",null,"R","$","E","B"],"character_chosen":"IRONCLAD","items_purchased":["Feed","Intimidate","Omamori","Double Tap","Weak Potion","SpeedPotion"],"campfire_rested":4,"item_purchase_floors":[5,12,36,44,53,53],"current_hp_per_floor":[80,79,79,76,76,62,62,45,45,45,47,47,51,49,49,27,99,96,96,96,89,89,89,72,72,72,51,35,29,59,40,72,11,107,88,88,88,78,78,78,50,83,83,83,57,57,92,72,72,24,118,118,118,82,0],"gold":56,"neow_bonus":"BOSS_RELIC","is_prod":false,"is_daily":false,"chose_seed":false,"campfire_upgraded":6,"win_rate":0,"timestamp":1566508116,"path_taken":["M","?","M","M","$","E","R","?","T","?","M","$","M","M","R","BOSS","M","?","?","?","?","R","M","R","T","E","?","M","R","?","R","BOSS","M","$","M","?","?","R","M","R","T","$","M","?","R","?","R","BOSS","R","$","E","BOSS"],"build_version":"2019-01-23","purchased_purges":3,"victory":false,"max_hp_per_floor":[80,80,80,80,80,83,83,83,83,83,87,87,91,95,95,99,99,99,99,99,103,103,103,103,103,103,103,103,103,103,107,107,107,107,107,107,111,111,111,111,111,111,111,111,118,118,118,118,118,118,118,118,118,118,118],"card_choices":[{"not_picked":["Pummel","Headbutt","Uppercut"],"picked":"SKIP","floor":1.0},{"not_picked":["Searing Blow","Body Slam"],"picked":"Metallicize","floor":2.0},{"not_picked":["Wild Strike","Seeing Red"],"picked":"Spot Weakness","floor":3.0},{"not_picked":["Rupture","Warcry"],"picked":"Flex","floor":4.0},{"not_picked":["Bloodletting","Twin Strike"],"picked":"Cleave","floor":6.0},{"not_picked":["Metallicize","Flex"],"picked":"Rampage","floor":11.0},{"not_picked":["Havoc","Burning Pact","Intimidate"],"picked":"SKIP","floor":13.0},{"not_picked":["Infernal Blade","Pummel"],"picked":"Offering","floor":14.0},{"not_picked":["Brutality","Bludgeon"],"picked":"Fiend Fire","floor":16.0},{"not_picked":["True Grit","Pommel Strike"],"picked":"Ghostly Armor","floor":18.0},{"not_picked":["Body Slam+1","Clash","True Grit+1"],"picked":"SKIP","floor":21.0},{"not_picked":["Shrug It Off","Pommel Strike","Hemokinesis+1"],"picked":"SKIP","floor":24.0},{"not_picked":["Infernal Blade","Disarm","Shrug It Off"],"picked":"SKIP","floor":27.0},{"not_picked":["Havoc","Thunderclap","Perfected Strike"],"picked":"Demon Form","floor":29.0},{"not_picked":["Corruption","Warcry+1","Flex"],"picked":"Ghostly Armor+1","floor":31.0},{"not_picked":["Dark Embrace","Exhume","Juggernaut"],"picked":"Feed","floor":33.0},{"not_picked":["Cleave+1","Clothesline","Rupture","Whirlwind"],"picked":"SKIP","floor":35.0},{"not_picked":["Warcry","Combust+1","Anger+1"],"picked":"Heavy Blade","floor":37.0},{"not_picked":["Seeing Red+1","Spot Weakness","Iron Wave"],"picked":"Heavy Blade+1","floor":38.0},{"not_picked":["Bloodletting","Blood for Blood+1","Thunderclap+1","Seeing Red+1"],"picked":"SKIP","floor":41.0},{"not_picked":["Clothesline","Perfected Strike","Carnage+1","Corruption+1"],"picked":"SKIP","floor":45.0},{"not_picked":["Clothesline","Perfected Strike","Carnage+1","Corruption+1"],"picked":"SKIP","floor":45.0},{"not_picked":["Reckless Charge+1","Dropkick+1","Power Through"],"picked":"Armaments+1","floor":48.0},{"not_picked":["Blood for Blood","Uppercut+1","Sentinel"],"picked":"Intimidate+1","floor":54.0}],"player_experience":289512,"relics_obtained":[{"floor":6.0,"key":"MawBank"},{"floor":9.0,"key":"Red Skull"},{"floor":10.0,"key":"Lantern"},{"floor":26.0,"key":"Shuriken"},{"floor":27.0,"key":"Question Card"},{"floor":28.0,"key":"Necronomicon"},{"floor":38.0,"key":"Ginger"},{"floor":39.0,"key":"Oddly Smooth Stone"},{"floor":43.0,"key":"Dodecahedron"},{"floor":46.0,"key":"Happy Flower"},{"floor":54.0,"key":"Mercury Hourglass"}],"event_choices":[{"damage_healed":0.0,"max_hp_gain":0.0,"max_hp_loss":0.0,"gold_gain":0.0,"event_name":"Shining Light","player_choice":"Entered Light","floor":8.0,"gold_loss":0.0,"damage_taken":17.0,"cards_upgraded":["Flex","Metallicize"]},{"damage_healed":0.0,"max_hp_gain":0.0,"max_hp_loss":0.0,"gold_gain":0.0,"event_name":"WeMeetAgain","player_choice":"Paid Gold","floor":19.0,"gold_loss":59.0,"damage_taken":0.0,"relics_obtained":["Tiny Chest"]},{"damage_healed":0.0,"max_hp_gain":0.0,"max_hp_loss":0.0,"gold_gain":0.0,"event_name":"Cursed Tome","player_choice":"Obtained Book","floor":28.0,"gold_loss":0.0,"damage_taken":16.0},{"damage_healed":0.0,"max_hp_gain":0.0,"max_hp_loss":0.0,"gold_gain":0.0,"event_name":"MindBloom","player_choice":"Fight","floor":38.0,"gold_loss":0.0,"damage_taken":0.0}],"is_beta":false,"boss_relics":[{"not_picked":["Calling Bell","Astrolabe"],"picked":"Cursed Key"},{"not_picked":["Pandora\u0027s Box","Snecko Eye"],"picked":"Empty Cage"}],"items_purged_floors":[5,12,20],"is_endless":false,"potions_floor_spawned":[1,3,6,13,24,27,31,33,35,37],"killed_by":"The Heart","ascension_level":0}