{"gold_per_floor":[109,184,197,197,23,23,48,48,48,76,90,90,12,32,32,133,133,149,149,161,161,87,116,116,129,129,129,142,172,172,122,122,219,219,234,251,351,368,63,63,63,63,63,73,83,101,101,136,136,136],"floor_reached":51,"playtime":3426,"items_purged":["Regret"],"score":748,"play_id":"b9772bf6-3212-4493-9f17-aa21d12fe86b","local_time":"20190628061217","is_ascension_mode":false,"campfire_choices":[{"data":"Apotheosis","floor":6,"key":"SMITH"},{"floor":12,"key":"REST"},{"data":"Loop","floor":15,"key":"SMITH"},{"data":"Pain","floor":30,"key":"PURGE"},{"floor":32,"key":"REST"},{"data":"1","floor":41,"key":"LIFT"},{"data":"2","floor":47,"key":"LIFT"},{"floor":49,"key":"REST"}],"neow_cost":"NONE","seed_source_timestamp":157108788179200,"circlet_count":0,"master_deck":["Strike_B","Strike_B","Strike_B","Strike_B","Defend_B","Defend_B","Defend_B","Defend_B","Zap","Dualcast","Go for the Eyes","FTL","Apotheosis+1","Redo","Hologram+1","Doom and Gloom","Loop+1","Conserve Battery+1","Electrodynamics","Double Energy+1","Coolheaded+1","RitualDagger","FTL","Darkness+1","Biased Cognition","Hologram+1","Fission+1","Redo+1","Defragment","Redo+1","Conserve Battery+1","Parasite","Sweeping Beam+1","Tempest+1","Go for the Eyes+1","Reboot+1"],"relics":["Cracked Core","Smiling Mask","Happy Flower","Toxic Egg 2","Matryoshka","Cursed Key","Orichalcum","MutagenicStrength","Vajra","Bottled Flame","Ancient Tea Set","Bottled Lightning","Peace Pipe","Runic Pyramid","Bird Faced Urn","Girya","Gremlin Horn","FossilizedHelix"],"potions_floor_usage":[29,45,48,50],"damage_taken":[{"damage":5,"enemies":"Small Slimes","floor":1,"turns":4},{"damage":6,"enemies":"Jaw Worm","floor":3,"turns":3},{"damage":12,"enemies":"Gremlin Nob","floor":7,"turns":4},{"damage":19,"enemies":"3 Sentries","floor":10,"turns":6},{"damage":0,"enemies":"Cultist","floor":11,"turns":2},{"damage":11,"enemies":"Red Slaver","floor":14,"turns":3},{"damage":24,"enemies":"Hexaghost","floor":16,"turns":8},{"damage":14,"enemies":"Shell Parasite","floor":18,"turns":5},{"damage":10,"enemies":"3 Byrds","floor":20,"turns":3},{"damage":12,"enemies":"Book of Stabbing","floor":23,"turns":7},{"damage":0,"enemies":"Snecko","floor":25,"turns":3},{"damage":9,"enemies":"Centurion and Healer","floor":28,"turns":5},{"damage":9,"enemies":"Slavers","floor":29,"turns":3},{"damage":38,"enemies":"Champ","floor":33,"turns":10},{"damage":10,"enemies":"Orb Walker","floor":35,"turns":3},{"damage":7,"enemies":"3 Darklings","floor":36,"turns":3},{"damage":9,"enemies":"Mind Bloom Boss Battle","floor":37,"turns":5},{"damage":2,"enemies":"Sphere and 2 Shapes","floor":38,"turns":3},{"damage":14,"enemies":"Spire Growth","floor":44,"turns":4},{"damage":0,"enemies":"3 Darklings","floor":45,"turns":3},{"damage":14,"enemies":"4 Shapes","floor":46,"turns":6},{"damage":27,"enemies":"Nemesis","floor":48,"turns":5},{"damage":26,"enemies":"Time Eater","floor":50,"turns":5}],"seed_played":"5388653196617699546","potions_obtained":[{"floor":7,"key":"SpeedPotion"},{"floor":14,"key":"Fire Potion"},{"floor":18,"key":"SteroidPotion"},{"floor":20,"key":"Energy Potion"},{"floor":23,"key":"SkillPotion"},{"floor":36,"key":"LiquidBronze"},{"floor":46,"key":"SkillPotion"}],"is_trial":false,"path_per_floor":["M","?","M","?","$","R","E","$","T","E","M","R","$","M","R","B",null,"M","?","M","?","$","E","?","M","T","T","M","E","R","$","R","B",null,"M","M","?","M","$","?","R","?","T","M","M","M","R","E","R","B",null],"character_chosen":"DEFECT","items_purchased":["Apotheosis","Loop","FTL","Girya"],"campfire_rested":3,"item_purchase_floors":[5,13,22,39],"current_hp_per_floor":[70,59,53,58,58,58,46,46,46,27,27,51,51,40,40,16,80,66,66,56,50,50,38,38,38,38,38,29,20,20,20,44,6,80,70,63,54,58,58,58,58,58,58,48,54,46,46,23,47,29],"gold":136,"neow_bonus":"RANDOM_COMMON_RELIC","is_prod":false,"is_daily":false,"chose_seed":false,"campfire_upgraded":2,"win_rate":0.0,"timestamp":1561669937,"path_taken":["M","?","M","?","$","R","E","?","T","E","?","R","?","M","R","BOSS","M","?","M","?","?","E","?","M","T","?","M","E","R","?","R","BOSS","M","M","?","M","$","?","R","?","T","?","?","M","R","E","R","BOSS"],"build_version":"2019-01-23","purchased_purges":1,"victory":true,"max_hp_per_floor":[75,75,75,80,80,80,80,80,80,80,80,80,80,80,80,80,80,80,80,80,80,80,80,80,80,80,80,80,80,80,80,80,80,80,80,80,80,80,80,80,80,80,80,80,80,80,80,80,80,80],"card_choices":[{"not_picked":["Cold Snap","Conserve Battery"],"picked":"Go for the Eyes","floor":1},{"not_picked":["Cold Snap","Compile Driver"],"picked":"FTL","floor":3},{"not_picked":["Steam","Amplify"],"picked":"Redo","floor":7},{"not_picked":["Leap+1","Beam Cell"],"picked":"Hologram+1","floor":10},{"not_picked":["Leap+1","Cold Snap"],"picked":"Doom and Gloom","floor":11},{"not_picked":["Steam+1","Leap+1"],"picked":"Conserve Battery+1","floor":14},{"not_picked":["Machine Learning","All For One"],"picked":"Electrodynamics","floor":16},{"not_picked":["Beam Cell","Glacier+1"],"picked":"Double Energy+1","floor":18},{"not_picked":["Stack+1","Fusion+1"],"picked":"Coolheaded+1","floor":20},{"not_picked":["Compile Driver+1","Beam Cell+1"],"picked":"Darkness+1","floor":23},{"not_picked":["Beam Cell","Gash"],"picked":"Biased Cognition","floor":25},{"not_picked":["Steam+1","Gash+1"],"picked":"Hologram+1","floor":28},{"not_picked":["Heatsinks","Static Discharge"],"picked":"Steam+1","floor":29},{"not_picked":["Biased Cognition","Rainbow+1"],"picked":"Fission+1","floor":33},{"not_picked":["Cold Snap+1","Coolheaded+1"],"picked":"Redo+1","floor":35},{"not_picked":["Redo+1","Sweeping Beam"],"picked":"Defragment","floor":36},{"not_picked":["Lockon+1","Chaos+1"],"picked":"Redo+1","floor":37},{"not_picked":["Blizzard+1","Cold Snap"],"picked":"Conserve Battery+1","floor":38},{"not_picked":["Leap+1","Conserve Battery+1"],"picked":"Sweeping Beam+1","floor":44},{"not_picked":["Lockon+1","Fusion+1"],"picked":"Tempest+1","floor":45},{"not_picked":["Streamline+1","Cold Snap+1"],"picked":"Go for the Eyes+1","floor":46},{"not_picked":["Steam Power+1","Steam+1"],"picked":"Reboot+1","floor":48}],"player_experience":15371,"relics_obtained":[{"floor":7,"key":"Happy Flower"},{"floor":9,"key":"Toxic Egg 2"},{"floor":10,"key":"Matryoshka"},{"floor":23,"key":"Orichalcum"},{"floor":26,"key":"Vajra"},{"floor":26,"key":"Bottled Flame"},{"floor":27,"key":"Ancient Tea Set"},{"floor":27,"key":"Bottled Lightning"},{"floor":29,"key":"Peace Pipe"},{"floor":37,"key":"Bird Faced Urn"},{"floor":43,"key":"Gremlin Horn"},{"floor":48,"key":"FossilizedHelix"}],"event_choices":[{"damage_healed":0,"gold_gain":75,"player_choice":"Gather Gold","damage_taken":11,"max_hp_gain":0,"max_hp_loss":0,"event_name":"World of Goop","floor":2,"gold_loss":0},{"damage_healed":0,"gold_gain":0,"player_choice":"Donut","damage_taken":0,"max_hp_gain":5,"max_hp_loss":0,"event_name":"Big Fish","floor":4,"gold_loss":0},{"damage_healed":0,"gold_gain":0,"player_choice":"Ignored","damage_taken":0,"max_hp_gain":0,"max_hp_loss":0,"event_name":"Beggar","floor":19,"gold_loss":0},{"damage_healed":0,"gold_gain":0,"player_choice":"Joined the Cult","damage_taken":6,"max_hp_gain":0,"max_hp_loss":0,"event_name":"Nest","floor":21,"gold_loss":0,"cards_obtained":["RitualDagger"]},{"damage_healed":0,"gold_gain":0,"player_choice":"Inject Mutagens","damage_taken":0,"relics_obtained":["MutagenicStrength"],"max_hp_gain":0,"max_hp_loss":0,"event_name":"Drug Dealer","floor":24,"gold_loss":0},{"damage_healed":0,"gold_gain":0,"player_choice":"Fight","damage_taken":0,"max_hp_gain":0,"max_hp_loss":0,"event_name":"MindBloom","floor":37,"gold_loss":0},{"cards_removed":["Steam"],"damage_healed":0,"gold_gain":0,"player_choice":"Removed Skill","damage_taken":0,"max_hp_gain":0,"max_hp_loss":0,"event_name":"Falling","floor":40,"gold_loss":0},{"damage_healed":0,"gold_gain":0,"player_choice":"Ignored","damage_taken":0,"max_hp_gain":0,"max_hp_loss":0,"event_name":"SecretPortal","floor":42,"gold_loss":0}],"is_beta":false,"boss_relics":[{"not_picked":["Ectoplasm","FrozenCore"],"picked":"Cursed Key"},{"not_picked":["Empty Cage","Snecko Eye"],"picked":"Runic Pyramid"}],"items_purged_floors":[31],"is_endless":false,"potions_floor_spawned":[7,14,18,20,23,36,46],"ascension_level":0}