{"gold_per_floor":[110,110,35,53,70,70,82,82,82,108,136,52,27,27],"floor_reached":14,"playtime":526,"items_purged":[],"score":200,"play_id":"1ece53bf-ee9b-47d6-aae5-fc36010a1b67","local_time":"20190527225551","is_ascension_mode":true,"campfire_choices":[{"data":"Bash","floor":6.0,"key":"SMITH"},{"data":"Iron Wave","floor":8.0,"key":"SMITH"}],"neow_cost":"NONE","seed_source_timestamp":321990238429663,"circlet_count":0,"master_deck":["AscendersBane","Strike_R","Strike_R","Strike_R","Strike_R","Defend_R","Defend_R","Defend_R","Defend_R","Bash+1","Thunderclap","Iron Wave+1","Feed","Anger","Impervious","Combust","Disarm"],"special_seed":0,"relics":["Burning Blood","WingedGreaves","Torii","Potion Belt"],"potions_floor_usage":[14],"damage_taken":[{"damage":1.0,"enemies":"2 Louse","floor":1.0,"turns":4.0},{"damage":9.0,"enemies":"Jaw Worm","floor":4.0,"turns":4.0},{"damage":5.0,"enemies":"Small Slimes","floor":5.0,"turns":3.0},{"damage":23.0,"enemies":"Red Slaver","floor":7.0,"turns":5.0},{"damage":53.0,"enemies":"Gremlin Nob","floor":10.0,"turns":6.0},{"damage":26.0,"enemies":"3 Sentries","floor":11.0,"turns":10.0},{"damage":1.0,"enemies":"Exordium Thugs","floor":13.0,"turns":4.0},{"damage":30,"enemies":"Gremlin Nob","floor":14,"turns":3}],"seed_played":"-6088666989102371964","potions_obtained":[{"floor":10.0,"key":"BloodPotion"},{"floor":13.0,"key":"AttackPotion"}],"is_trial":false,"path_per_floor":["M","?","?","M","M","R","M","R","T","E","E","$","M","E"],"character_chosen":"IRONCLAD","items_purchased":["Combust"],"campfire_rested":0,"item_purchase_floors":[12],"current_hp_per_floor":[80,80,80,77,78,78,61,61,61,17,8,8,16,0],"gold":27,"neow_bonus":"TEN_PERCENT_HP_BONUS","is_prod":false,"is_daily":false,"chose_seed":false,"campfire_upgraded":2,"win_rate":0,"timestamp":1558994151,"path_taken":["M","?","?","M","M","R","M","R","T","E","E","$","M","E"],"build_version":"2019-05-26","purchased_purges":0,"victory":false,"max_hp_per_floor":[82,82,82,82,82,82,82,82,82,85,88,88,91,91],"card_choices":[{"not_picked":["Heavy Blade","Armaments"],"picked":"Thunderclap","floor":1.0},{"not_picked":["Clash","Havoc","Warcry"],"picked":"SKIP","floor":4.0},{"not_picked":["Armaments","Heavy Blade"],"picked":"Iron Wave","floor":5.0},{"not_picked":["Searing Blow","Havoc"],"picked":"Feed","floor":7.0},{"not_picked":["Heavy Blade","Cleave"],"picked":"Anger","floor":10.0},{"not_picked":["Iron Wave","Flame Barrier"],"picked":"Impervious","floor":11.0},{"not_picked":["Havoc","Feel No Pain"],"picked":"Disarm","floor":13.0}],"player_experience":2087405,"relics_obtained":[{"floor":9.0,"key":"WingedGreaves"},{"floor":10.0,"key":"Torii"},{"floor":11.0,"key":"Potion Belt"}],"event_choices":[{"damage_healed":0.0,"max_hp_gain":0.0,"max_hp_loss":0.0,"gold_gain":0.0,"event_name":"Liars Game","player_choice":"Ignored","floor":2.0,"gold_loss":0.0,"damage_taken":0.0},{"cards_removed":["Strike_R"],"damage_healed":0.0,"max_hp_gain":0.0,"max_hp_loss":0.0,"gold_gain":0.0,"event_name":"The Cleric","player_choice":"Card Removal","floor":3.0,"gold_loss":75.0,"damage_taken":0.0}],"is_beta":true,"boss_relics":[],"items_purged_floors":[],"is_endless":false,"potions_floor_spawned":[10,13],"killed_by":"Gremlin Nob","ascension_level":20}