{"gold_per_floor":[113,113,131,149,149,149,182,182,264,277,335,35,35,53,53,130,130,145,165,52,52,52,52,77,77,77,2,22,22,56,75,75,151,151,162,162,176,176,190,225,225,6,6,19,19,19,31,43,43,43],"floor_reached":51,"playtime":2021,"items_purged":["Strike_R"],"score":1239,"play_id":"f07bc7a5-9b6c-46d0-b22f-2fd464961df5","local_time":"20180721141541","is_ascension_mode":true,"campfire_choices":[{"data":"Bash","floor":6,"key":"SMITH"},{"data":"Shockwave","floor":8,"key":"SMITH"},{"data":"Armaments","floor":13,"key":"SMITH"},{"data":"Immolate","floor":15,"key":"SMITH"},{"data":"Limit Break","floor":23,"key":"SMITH"},{"data":"Inflame","floor":25,"key":"SMITH"},{"data":"Flame Barrier","floor":32,"key":"SMITH"},{"data":"Inflame","floor":41,"key":"SMITH"},{"floor":49,"key":"REST"}],"neow_cost":"","seed_source_timestamp":811950480257075,"circlet_count":0,"master_deck":["Strike_R","Strike_R+1","Defend_R","Defend_R","Defend_R","Defend_R","Bash+1","AscendersBane","Shrug It Off","Shrug It Off","Twin Strike+1","Shockwave+1","Armaments+1","Immolate+1","Anger","Limit Break+1","Offering","Flame Barrier+1","Metallicize","Inflame+1","Metallicize","Battle Trance+1","Inflame+1","Reaper","Flame Barrier+1","True Grit+1","Inflame","Clothesline","Disarm+1","Battle Trance+1"],"relics":["Burning Blood","Centennial Puzzle","Bottled Lightning","Singing Bowl","Mango","Mercury Hourglass","Cursed Key","Toxic Egg 2","Paper Frog","Black Star","Self Forming Clay","Kunai"],"potions_floor_usage":[7,10,33,33,35,50,50,50,50],"damage_taken":[{"damage":0,"enemies":"Small Slimes","floor":1,"turns":3},{"damage":2,"enemies":"Cultist","floor":3,"turns":5},{"damage":2,"enemies":"2 Louse","floor":4,"turns":3},{"damage":16,"enemies":"Lagavulin","floor":7,"turns":5},{"damage":1,"enemies":"2 Fungi Beasts","floor":10,"turns":3},{"damage":21,"enemies":"Lagavulin Event","floor":11,"turns":6},{"damage":3,"enemies":"Looter","floor":14,"turns":2},{"damage":14,"enemies":"Slime Boss","floor":16,"turns":10},{"damage":0,"enemies":"3 Byrds","floor":18,"turns":3},{"damage":3,"enemies":"Chosen","floor":19,"turns":3},{"damage":22,"enemies":"Gremlin Leader","floor":24,"turns":5},{"damage":5,"enemies":"Sentry and Sphere","floor":28,"turns":3},{"damage":20,"enemies":"Slavers","floor":30,"turns":4},{"damage":0,"enemies":"Chosen and Byrds","floor":31,"turns":5},{"damage":40,"enemies":"Collector","floor":33,"turns":6},{"damage":14,"enemies":"3 Darklings","floor":35,"turns":2},{"damage":5,"enemies":"Orb Walker","floor":37,"turns":2},{"damage":25,"enemies":"Maw","floor":39,"turns":6},{"damage":54,"enemies":"Nemesis","floor":40,"turns":9},{"damage":5,"enemies":"3 Darklings","floor":44,"turns":4},{"damage":11,"enemies":"Sphere and 2 Shapes","floor":47,"turns":3},{"damage":7,"enemies":"Spire Growth","floor":48,"turns":6},{"damage":92,"enemies":"Donu and Deca","floor":50,"turns":10}],"seed_played":"5206269187027858229","potions_obtained":[{"floor":1,"key":"SteroidPotion"},{"floor":7,"key":"SkillPotion"},{"floor":14,"key":"GamblersBrew"},{"floor":24,"key":"EssenceOfSteel"},{"floor":33,"key":"Block Potion"},{"floor":39,"key":"Ancient Potion"},{"floor":44,"key":"FearPotion"},{"floor":48,"key":"EntropicBrew"}],"is_trial":false,"path_per_floor":["M","?","M","M","?","R","E","R","T","M","?","$","R","M","R","B",null,"M","M","$","?","?","R","E","R","T","?","M","?","E","M","R","B",null,"M","?","M","T","M","E","R","$","T","M","$","?","M","M","R","B"],"character_chosen":"IRONCLAD","items_purchased":["Mercury Hourglass","Anger","Flame Barrier","Metallicize","True Grit+1","Inflame","Clothesline"],"campfire_rested":1,"item_purchase_floors":[12,12,20,20,42,42,42],"current_hp_per_floor":[74,56,60,64,41,41,31,31,31,36,35,35,35,40,40,32,76,84,87,87,87,87,87,71,71,71,71,74,74,60,66,66,32,79,94,94,97,97,100,52,52,52,52,69,69,69,64,94,103,54],"gold":43,"neow_bonus":"","is_prod":false,"is_daily":false,"chose_seed":false,"campfire_upgraded":8,"win_rate":0,"timestamp":1532178941,"path_taken":["M","?","?","M","?","R","E","R","T","M","?","$","R","M","R","BOSS","M","M","$","?","?","R","E","R","T","?","M","?","E","M","R","BOSS","M","?","M","?","M","E","R","$","T","M","?","?","?","M","R","BOSS"],"build_version":"2018-07-19","purchased_purges":1,"victory":true,"max_hp_per_floor":[75,75,75,75,75,75,75,75,75,75,89,89,89,91,91,91,91,93,93,93,93,93,93,93,93,93,93,95,95,95,95,95,95,95,97,97,99,99,101,101,101,101,101,101,101,101,101,103,103,103],"card_choices":[{"not_picked":["Corruption","Rage"],"picked":"Shrug It Off","floor":1},{"not_picked":["Pommel Strike","Clash"],"picked":"Shrug It Off","floor":3},{"not_picked":["Thunderclap","Flex"],"picked":"Twin Strike","floor":4},{"not_picked":["Havoc","Anger"],"picked":"Shockwave","floor":7},{"not_picked":["Pommel Strike","Intimidate"],"picked":"Armaments","floor":10},{"not_picked":["Fire Breathing","Cleave"],"picked":"Immolate","floor":11},{"not_picked":["Infernal Blade","Entrench","Body Slam"],"picked":"Singing Bowl","floor":14},{"not_picked":["Juggernaut","Exhume"],"picked":"Limit Break","floor":16},{"not_picked":["Armaments","Shockwave","Warcry"],"picked":"Singing Bowl","floor":18},{"not_picked":["Thunderclap","Anger"],"picked":"Offering","floor":19},{"not_picked":["Cleave+1","Dual Wield"],"picked":"Metallicize","floor":24},{"not_picked":["Body Slam","Thunderclap","Flex+1"],"picked":"Singing Bowl","floor":28},{"not_picked":["Corruption","Berserk"],"picked":"Battle Trance+1","floor":30},{"not_picked":["Uppercut","Clothesline"],"picked":"Inflame","floor":31},{"not_picked":["Impervious+1","Exhume+1"],"picked":"Reaper","floor":33},{"not_picked":["Wild Strike+1","Rage+1","Ghostly Armor+1"],"picked":"Singing Bowl","floor":35},{"not_picked":["Iron Wave","Entrench+1","Bloodletting+1"],"picked":"Singing Bowl","floor":37},{"not_picked":["Warcry+1","Pommel Strike","Evolve"],"picked":"Singing Bowl","floor":39},{"not_picked":["Iron Wave","Infernal Blade+1"],"picked":"Flame Barrier+1","floor":40},{"not_picked":["Evolve","Clash"],"picked":"Disarm+1","floor":44},{"not_picked":["Flame Barrier+1","Wild Strike"],"picked":"Battle Trance+1","floor":47},{"not_picked":["Clash+1","Corruption","Power Through+1"],"picked":"Singing Bowl","floor":48}],"player_experience":1072278,"relics_obtained":[{"floor":7,"key":"Bottled Lightning"},{"floor":9,"key":"Singing Bowl"},{"floor":11,"key":"Mango"},{"floor":24,"key":"Toxic Egg 2"},{"floor":30,"key":"Paper Frog"},{"floor":40,"key":"Self Forming Clay"},{"floor":40,"key":"Kunai"}],"event_choices":[{"event_name":"Scrap Ooze","player_choice":"success","floor":2,"damage_taken":18},{"event_name":"Shining Light","player_choice":"Entered Light","floor":5,"damage_taken":0},{"event_name":"Dead Adventurer","player_choice":"Searched \u00272\u0027 times","floor":11,"damage_taken":0},{"event_name":"Ghosts","player_choice":"Ignored","floor":21,"damage_taken":0},{"event_name":"The Library","player_choice":"Read","floor":22,"damage_taken":0},{"event_name":"Beggar","player_choice":"Gave Gold","floor":27,"damage_taken":0},{"event_name":"N\u0027loth","player_choice":"Ignored","floor":29,"damage_taken":0},{"event_name":"NoteForYourself","player_choice":"Ignored","floor":36,"damage_taken":0},{"event_name":"Falling","player_choice":"Removed Attack","floor":46,"damage_taken":0}],"is_beta":true,"boss_relics":[{"not_picked":["Orrery","Runic Cube"],"picked":"Cursed Key"},{"not_picked":["Runic Pyramid","Coffee Dripper"],"picked":"Black Star"}],"items_purged_floors":[42],"is_endless":false,"potions_floor_spawned":[1,7,14,24,30,33,39,44,48],"ascension_level":15}