{"gold_per_floor":[116,7,7,26,26,26,59,78,78,78,90,109,120,132,132,132],"floor_reached":16,"playtime":1074,"items_purged":["Strike_B"],"score":109,"play_id":"0929d700-d58e-4d3f-8368-56be3fd6c295","local_time":"20190822033006","is_ascension_mode":true,"campfire_choices":[{"data":"Genetic Algorithm","floor":6,"key":"SMITH"},{"data":"Skim","floor":10,"key":"SMITH"},{"floor":15,"key":"REST"}],"neow_cost":"NONE","seed_source_timestamp":10570298859593,"circlet_count":0,"master_deck":["Strike_B","Strike_B","Strike_B","Defend_B","Defend_B","Defend_B","Defend_B","Zap","Dualcast","Gash","Reprogram","Genetic Algorithm+1","Skim+1","FTL","Consume"],"relics":["Cracked Core","Darkstone Periapt","Omamori","Ancient Tea Set"],"potions_floor_usage":[7,7,12,16,16],"damage_taken":[{"damage":1,"enemies":"Jaw Worm","floor":1,"turns":5},{"damage":10,"enemies":"2 Louse","floor":4,"turns":2},{"damage":21,"enemies":"3 Sentries","floor":7,"turns":6},{"damage":0,"enemies":"Cultist","floor":8,"turns":4},{"damage":0,"enemies":"Looter","floor":11,"turns":3},{"damage":0,"enemies":"2 Fungi Beasts","floor":12,"turns":1},{"damage":4,"enemies":"3 Louse","floor":13,"turns":5},{"damage":0,"enemies":"Red Slaver","floor":14,"turns":3},{"damage":48,"enemies":"Hexaghost","floor":16,"turns":11}],"seed_played":"-6518885944196381860","potions_obtained":[{"floor":4,"key":"Explosive Potion"},{"floor":5,"key":"SmokeBomb"},{"floor":5,"key":"Fire Potion"},{"floor":11,"key":"AttackPotion"},{"floor":13,"key":"SpeedPotion"},{"floor":14,"key":"Swift Potion"}],"is_trial":false,"path_per_floor":["M","$","?","M","?","R","E","M","T","R","M","M","M","M","R","B"],"character_chosen":"DEFECT","items_purchased":["Genetic Algorithm"],"campfire_rested":1,"item_purchase_floors":[2],"current_hp_per_floor":[74,74,62,52,52,52,31,31,31,31,31,31,27,27,49,1],"gold":132,"neow_bonus":"THREE_CARDS","is_prod":false,"is_daily":false,"chose_seed":false,"campfire_upgraded":2,"win_rate":0,"timestamp":1566469806,"path_taken":["M","$","?","M","?","R","E","M","T","R","M","?","M","M","R","BOSS"],"build_version":"2019-07-17","purchased_purges":1,"victory":false,"max_hp_per_floor":[75,75,75,75,75,75,75,75,75,75,75,75,75,75,75,75],"card_choices":[{"not_picked":["Static Discharge","Streamline"],"picked":"Gash","floor":0},{"not_picked":["Sweeping Beam","Melter"],"picked":"Reprogram","floor":1},{"not_picked":["Coolheaded","Stack","Reprogram"],"picked":"SKIP","floor":4},{"not_picked":["Rip and Tear","Double Energy"],"picked":"Skim","floor":7},{"not_picked":["Storm","Coolheaded","Beam Cell"],"picked":"SKIP","floor":8},{"not_picked":["Ball Lightning","Go for the Eyes"],"picked":"FTL","floor":11},{"not_picked":["Leap","Beam Cell","Ball Lightning"],"picked":"SKIP","floor":12},{"not_picked":["Storm","Steam","Streamline"],"picked":"SKIP","floor":13},{"not_picked":["Chaos","Sweeping Beam"],"picked":"Consume","floor":14}],"player_experience":184425,"relics_obtained":[{"floor":7,"key":"Omamori"},{"floor":9,"key":"Ancient Tea Set"}],"event_choices":[{"damage_healed":0,"gold_gain":0,"player_choice":"Success","damage_taken":12,"relics_obtained":["Darkstone Periapt"],"max_hp_gain":0,"max_hp_loss":0,"event_name":"Scrap Ooze","floor":3,"gold_loss":0},{"damage_healed":0,"gold_gain":0,"player_choice":"Got Potions","damage_taken":0,"max_hp_gain":0,"max_hp_loss":0,"event_name":"Lab","floor":5,"gold_loss":0}],"is_beta":false,"boss_relics":[],"items_purged_floors":[2],"is_endless":false,"potions_floor_spawned":[4,11,13,14],"killed_by":"Hexaghost","ascension_level":1}