{"gold_per_floor":[118,118,118,128,128,128,168,168,191,191,215,215,259,282,282,413,413,434,434,167,167,167,167,205,60,83,103,103,139,163,179,179,299,299,318,158,158,491,244,275,285,285,335,435,470,485,65,96,96,96],"floor_reached":51,"playtime":3058,"items_purged":["Grand Finale","Grand Finale","Shame","Madness","Sucker Punch"],"score":993,"play_id":"e4890edb-614f-4e89-87ba-bc18140779fd","local_time":"20190702040757","is_ascension_mode":true,"campfire_choices":[{"data":"Predator","floor":6,"key":"SMITH"},{"floor":10,"key":"REST"},{"data":"Catalyst","floor":15,"key":"SMITH"},{"floor":23,"key":"REST"},{"data":"Malaise","floor":28,"key":"SMITH"},{"data":"Ghostly","floor":32,"key":"SMITH"},{"floor":42,"key":"DIG"},{"data":"Apotheosis","floor":49,"key":"SMITH"}],"neow_cost":"NONE","seed_source_timestamp":495622103252600,"circlet_count":0,"master_deck":["Survivor","Neutralize","Crippling Poison+1","Predator+1","Unload","Poisoned Stab","Catalyst+1","Backstab","Corpse Explosion","Calculated Gamble","Night Terror+1","Bullet Time+1","Predator","Footwork","Dash","Dodge and Roll","Ghostly+1","Ghostly","Ghostly","Ghostly","Ghostly","Poisoned Stab","Malaise+1","Noxious Fumes+1","Catalyst+1","Cloak And Dagger+1","Adrenaline","Noxious Fumes+1","Madness","Catalyst+1","Footwork+1","Apotheosis+1","Calculated Gamble+1"],"relics":["Ring of the Snake","Regal Pillow","Potion Belt","Art of War","Mercury Hourglass","Omamori","Pandora\u0027s Box","Membership Card","Nilry\u0027s Codex","Frozen Egg 2","Blood Vial","War Paint","Bottled Tornado","Calling Bell","Bag of Preparation","Meat on the Bone","Shovel","TwistedFunnel","PreservedInsect","HandDrill","Vajra","Pear","Snake Skull","Pocketwatch","Lantern","ClockworkSouvenir","Turnip","Juzu Bracelet"],"potions_floor_usage":[13,29,29,33,40,40,50,50],"damage_taken":[{"damage":1,"enemies":"Jaw Worm","floor":1,"turns":4},{"damage":0,"enemies":"Cultist","floor":4,"turns":4},{"damage":33,"enemies":"Lagavulin","floor":7,"turns":8},{"damage":0,"enemies":"Small Slimes","floor":11,"turns":3},{"damage":12,"enemies":"3 Sentries","floor":13,"turns":4},{"damage":0,"enemies":"Gremlin Gang","floor":14,"turns":2},{"damage":23,"enemies":"Slime Boss","floor":16,"turns":7},{"damage":10,"enemies":"Chosen","floor":18,"turns":3},{"damage":0,"enemies":"Gremlin Leader","floor":24,"turns":5},{"damage":4,"enemies":"Shell Parasite","floor":27,"turns":6},{"damage":0,"enemies":"Book of Stabbing","floor":29,"turns":5},{"damage":3,"enemies":"Shelled Parasite and Fungi","floor":30,"turns":6},{"damage":5,"enemies":"Centurion and Healer","floor":31,"turns":5},{"damage":20,"enemies":"Automaton","floor":33,"turns":4},{"damage":7,"enemies":"3 Shapes","floor":35,"turns":4},{"damage":21,"enemies":"Giant Head","floor":40,"turns":6},{"damage":1,"enemies":"Orb Walker","floor":41,"turns":3},{"damage":0,"enemies":"Mind Bloom Boss Battle","floor":44,"turns":3},{"damage":0,"enemies":"Reptomancer","floor":45,"turns":1},{"damage":2,"enemies":"Sphere and 2 Shapes","floor":46,"turns":4},{"damage":4,"enemies":"Giant Head","floor":48,"turns":4},{"damage":4,"enemies":"Donu and Deca","floor":50,"turns":4}],"seed_played":"-1657438582407220394","potions_obtained":[{"floor":1,"key":"Swift Potion"},{"floor":4,"key":"Weak Potion"},{"floor":7,"key":"Explosive Potion"},{"floor":13,"key":"EssenceOfSteel"},{"floor":18,"key":"Energy Potion"},{"floor":27,"key":"SteroidPotion"},{"floor":30,"key":"SteroidPotion"},{"floor":31,"key":"PowerPotion"},{"floor":33,"key":"FearPotion"},{"floor":35,"key":"Explosive Potion"},{"floor":44,"key":"Block Potion"},{"floor":45,"key":"Fire Potion"}],"is_trial":false,"path_per_floor":["M","?","$","M","?","R","E","?","T","R","M","T","E","M","R","B",null,"M","?","$","?","?","R","E","$","T","M","R","E","M","M","R","B",null,"M","$","?","?","$","E","M","R","T","?","E","M","$","E","R","B",null],"character_chosen":"THE_SILENT","items_purchased":["Membership Card","Noxious Fumes+1","Blood Vial","TwistedFunnel","PreservedInsect","HandDrill","ClockworkSouvenir","Turnip","Apotheosis"],"campfire_rested":2,"item_purchase_floors":[20,25,25,36,39,39,47,47,47],"current_hp_per_floor":[69,69,69,69,52,52,19,5,5,41,41,41,29,29,29,6,70,60,35,35,19,19,35,35,35,35,31,31,33,32,29,29,11,35,28,28,24,24,24,17,18,28,28,30,32,32,32,30,30,28],"gold":96,"neow_bonus":"RANDOM_COMMON_RELIC","is_prod":false,"is_daily":false,"chose_seed":false,"campfire_upgraded":5,"win_rate":0,"timestamp":1562008077,"path_taken":["M","?","?","M","?","R","E","?","T","R","M","?","E","?","R","BOSS","M","?","$","?","?","R","E","?","T","M","R","E","M","M","R","BOSS","M","$","?","?","?","E","M","R","T","?","E","M","$","E","R","BOSS"],"build_version":"2019-01-23","purchased_purges":5,"victory":true,"max_hp_per_floor":[70,70,70,70,70,70,70,70,70,70,70,70,70,70,70,70,70,70,35,35,35,35,35,35,35,35,35,35,35,35,35,35,35,35,35,35,35,35,35,35,35,45,45,45,45,45,45,45,45,45],"card_choices":[{"not_picked":["Quick Slash","Setup"],"picked":"Crippling Poison","floor":1},{"not_picked":["Bane","Dodge and Roll"],"picked":"Predator","floor":4},{"not_picked":["Choke","Deflect"],"picked":"Unload","floor":7},{"not_picked":["Terror","Outmaneuver"],"picked":"Poisoned Stab","floor":11},{"not_picked":["Accuracy","Setup"],"picked":"Catalyst","floor":13},{"not_picked":["Accuracy","Infinite Blades"],"picked":"Backstab","floor":14},{"not_picked":["A Thousand Cuts","Phantasmal Killer"],"picked":"Corpse Explosion","floor":16},{"not_picked":["Dagger Throw","Infinite Blades","Underhanded Strike"],"picked":"SKIP","floor":18},{"not_picked":["Underhanded Strike","Choke"],"picked":"Malaise","floor":24},{"not_picked":["Quick Slash","Underhanded Strike+1"],"picked":"Catalyst+1","floor":27},{"not_picked":["Outmaneuver+1","Underhanded Strike+1"],"picked":"Cloak And Dagger+1","floor":29},{"not_picked":["PiercingWail+1","Blade Dance","Bane"],"picked":"SKIP","floor":30},{"not_picked":["Quick Slash+1","Expertise","All Out Attack"],"picked":"SKIP","floor":31},{"not_picked":["Phantasmal Killer","Doppelganger"],"picked":"Adrenaline","floor":33},{"not_picked":["Dagger Throw+1","Bane"],"picked":"Noxious Fumes+1","floor":35},{"not_picked":["Acrobatics","Backstab+1","Caltrops+1"],"picked":"SKIP","floor":40},{"not_picked":["Heel Hook+1","Poisoned Stab+1"],"picked":"Catalyst+1","floor":41},{"not_picked":["Terror+1","Masterful Stab+1"],"picked":"Footwork+1","floor":44},{"not_picked":["Dagger Spray","Slice","Poisoned Stab"],"picked":"SKIP","floor":45},{"not_picked":["Infinite Blades+1","PiercingWail+1","Terror"],"picked":"SKIP","floor":46},{"not_picked":["Underhanded Strike+1","Blur"],"picked":"Calculated Gamble+1","floor":48}],"player_experience":85466,"relics_obtained":[{"floor":7,"key":"Potion Belt"},{"floor":9,"key":"Art of War"},{"floor":12,"key":"Mercury Hourglass"},{"floor":13,"key":"Omamori"},{"floor":21,"key":"Nilry\u0027s Codex"},{"floor":24,"key":"Frozen Egg 2"},{"floor":26,"key":"War Paint"},{"floor":29,"key":"Bottled Tornado"},{"floor":34,"key":"Bag of Preparation"},{"floor":34,"key":"Meat on the Bone"},{"floor":34,"key":"Shovel"},{"floor":40,"key":"Vajra"},{"floor":42,"key":"Pear"},{"floor":43,"key":"Snake Skull"},{"floor":44,"key":"Pocketwatch"},{"floor":45,"key":"Lantern"},{"floor":48,"key":"Juzu Bracelet"}],"event_choices":[{"damage_healed":0,"gold_gain":0,"player_choice":"Upgraded","damage_taken":0,"max_hp_gain":0,"max_hp_loss":0,"event_name":"Upgrade Shrine","floor":2,"gold_loss":0,"cards_upgraded":["Crippling Poison"]},{"damage_healed":0,"gold_gain":0,"player_choice":"Take Damage","damage_taken":17,"relics_obtained":["Golden Idol"],"max_hp_gain":0,"max_hp_loss":0,"event_name":"Golden Idol","floor":5,"gold_loss":0},{"damage_healed":0,"gold_gain":0,"player_choice":"Entered Light","damage_taken":14,"max_hp_gain":0,"max_hp_loss":0,"event_name":"Shining Light","floor":8,"gold_loss":0,"cards_upgraded":["Strike_G","Strike_G"]},{"damage_healed":0,"gold_gain":0,"player_choice":"Became a Ghost","damage_taken":0,"max_hp_gain":0,"max_hp_loss":35,"event_name":"Ghosts","floor":19,"gold_loss":0,"cards_obtained":["Ghostly","Ghostly","Ghostly","Ghostly","Ghostly"]},{"damage_healed":0,"gold_gain":0,"player_choice":"Obtained Book","damage_taken":16,"max_hp_gain":0,"max_hp_loss":0,"event_name":"Cursed Tome","floor":21,"gold_loss":0},{"damage_healed":0,"gold_gain":0,"player_choice":"Read","damage_taken":0,"max_hp_gain":0,"max_hp_loss":0,"event_name":"The Library","floor":22,"gold_loss":0,"cards_obtained":["Poisoned Stab"]},{"damage_healed":0,"gold_gain":0,"player_choice":"Embrace Madness","damage_taken":4,"max_hp_gain":0,"max_hp_loss":0,"event_name":"Winding Halls","floor":37,"gold_loss":0,"cards_obtained":["Madness","Madness"]},{"damage_healed":0,"gold_gain":333,"player_choice":"Gave Idol","damage_taken":0,"max_hp_gain":0,"max_hp_loss":0,"event_name":"The Moai Head","floor":38,"relics_lost":["Golden Idol"],"gold_loss":0},{"damage_healed":0,"gold_gain":0,"player_choice":"Fight","damage_taken":0,"max_hp_gain":0,"max_hp_loss":0,"event_name":"MindBloom","floor":44,"gold_loss":0}],"is_beta":false,"boss_relics":[{"not_picked":["Ectoplasm","Empty Cage"],"picked":"Pandora\u0027s Box"},{"not_picked":["Lizard Tail","WristBlade"],"picked":"Calling Bell"}],"items_purged_floors":[20,25,36,39,47],"is_endless":false,"potions_floor_spawned":[1,4,7,13,18,27,30,31,33,35,44,45,46],"ascension_level":1}