{"gold_per_floor":[110,110,110,127,146,146,175,175,250,78,96,96,107,126,126,226,226,239,239,40,55,69,69,87,87,87,106,106,118,43,43,43,43],"floor_reached":33,"playtime":1632,"items_purged":[],"score":274,"play_id":"6580ab8a-83a7-46bf-b9a1-f7856f873b38","local_time":"20190702105800","is_ascension_mode":false,"campfire_choices":[{"data":"Bludgeon","floor":6,"key":"SMITH"},{"floor":8,"key":"RECALL"},{"data":"Body Slam","floor":15,"key":"SMITH"},{"data":"Metallicize","floor":23,"key":"SMITH"},{"data":"Impervious","floor":25,"key":"SMITH"},{"data":"Disarm","floor":28,"key":"SMITH"},{"data":"Offering","floor":32,"key":"SMITH"}],"neow_cost":"NONE","seed_source_timestamp":521664408584500,"circlet_count":0,"master_deck":["Defend_R","Defend_R","Bash","Shrug It Off","Bludgeon+1","Shrug It Off","Disarm+1","Body Slam+1","Impervious+1","Spot Weakness","Metallicize+1","Offering+1","Reckless Charge+1","Exhume+1","Clash+1","Armaments+1","Shrug It Off","Armaments+1","Uppercut+1","Bite","Bite","Bite","Bite","Bite"],"relics":["Burning Blood","NeowsBlessing","Strawberry","Astrolabe","Membership Card","Lantern"],"potions_floor_usage":[18,29,33],"damage_taken":[{"damage":0,"enemies":"Cultist","floor":1,"turns":1},{"damage":0,"enemies":"Small Slimes","floor":4,"turns":1},{"damage":0,"enemies":"Jaw Worm","floor":5,"turns":1},{"damage":32,"enemies":"Lagavulin","floor":7,"turns":7},{"damage":14,"enemies":"Lots of Slimes","floor":11,"turns":7},{"damage":1,"enemies":"Large Slime","floor":13,"turns":5},{"damage":21,"enemies":"Gremlin Gang","floor":14,"turns":6},{"damage":21,"enemies":"Hexaghost","floor":16,"turns":13},{"damage":12,"enemies":"Spheric Guardian","floor":18,"turns":4},{"damage":4,"enemies":"Shell Parasite","floor":21,"turns":7},{"damage":21,"enemies":"3 Cultists","floor":22,"turns":8},{"damage":8,"enemies":"Cultist and Chosen","floor":24,"turns":6},{"damage":15,"enemies":"Snake Plant","floor":27,"turns":5},{"damage":10,"enemies":"Snecko","floor":29,"turns":6},{"damage":120,"enemies":"Automaton","floor":33,"turns":12}],"seed_played":"6613583584483002007","potions_obtained":[{"floor":7,"key":"EntropicBrew"},{"floor":11,"key":"SteroidPotion"},{"floor":13,"key":"Block Potion"},{"floor":21,"key":"Energy Potion"},{"floor":24,"key":"Regen Potion"}],"is_trial":false,"path_per_floor":["M","?","?","M","M","R","E","R","T","$","M","$","M","M","R","B",null,"M","?","$","M","M","R","M","R","T","M","R","M","?","?","R","B"],"character_chosen":"IRONCLAD","items_purchased":["Body Slam","Impervious","Membership Card"],"campfire_rested":0,"item_purchase_floors":[10,10,20],"current_hp_per_floor":[80,80,73,79,80,80,61,61,61,61,53,53,58,43,43,28,87,81,81,81,83,68,68,66,66,66,57,57,53,53,53,53,0],"gold":43,"neow_bonus":"THREE_ENEMY_KILL","is_prod":false,"is_daily":false,"chose_seed":false,"campfire_upgraded":6,"win_rate":0,"timestamp":1562032680,"path_taken":["M","?","?","M","M","R","E","R","T","?","M","$","?","M","R","BOSS","M","?","$","?","M","R","M","R","T","M","R","M","?","?","R","BOSS"],"build_version":"2019-07-01","purchased_purges":0,"victory":false,"max_hp_per_floor":[80,80,80,80,80,80,87,87,87,87,87,87,87,87,87,87,87,87,87,87,87,87,87,87,87,87,87,87,87,87,60,60,60],"card_choices":[{"not_picked":["Armaments","True Grit"],"picked":"Shrug It Off","floor":1},{"not_picked":["Iron Wave","Perfected Strike"],"picked":"Shrug It Off","floor":4},{"not_picked":["Rupture","Pummel","Havoc"],"picked":"SKIP","floor":5},{"not_picked":["Hemokinesis","Iron Wave"],"picked":"Disarm","floor":7},{"not_picked":["Headbutt","Hemokinesis"],"picked":"Spot Weakness","floor":11},{"not_picked":["Reckless Charge","True Grit","Twin Strike"],"picked":"SKIP","floor":13},{"not_picked":["Anger","True Grit"],"picked":"Metallicize","floor":14},{"not_picked":["Double Tap","Dark Embrace"],"picked":"Offering","floor":16},{"not_picked":["Shrug It Off","Dropkick+1"],"picked":"Armaments+1","floor":18},{"not_picked":["Iron Wave","Thunderclap"],"picked":"Shrug It Off","floor":21},{"not_picked":["Pommel Strike","Spot Weakness"],"picked":"Armaments+1","floor":22},{"not_picked":["Anger","Twin Strike+1","Rampage+1"],"picked":"SKIP","floor":24},{"not_picked":["Armaments+1","Second Wind"],"picked":"Uppercut+1","floor":27},{"not_picked":["Pommel Strike","Dropkick","Iron Wave"],"picked":"SKIP","floor":29}],"player_experience":106412,"relics_obtained":[{"floor":7,"key":"Strawberry"},{"floor":26,"key":"Lantern"}],"event_choices":[{"damage_healed":0,"gold_gain":0,"cards_transformed":["Strike_R"],"player_choice":"Change","damage_taken":0,"max_hp_gain":0,"max_hp_loss":0,"event_name":"Living Wall","floor":2,"gold_loss":0,"cards_obtained":["Bludgeon"]},{"cards_removed":["Defend_R"],"damage_healed":0,"gold_gain":0,"player_choice":"Card Removal","damage_taken":7,"max_hp_gain":0,"max_hp_loss":0,"event_name":"Golden Wing","floor":3,"gold_loss":0},{"damage_healed":0,"gold_gain":0,"player_choice":"Ignored","damage_taken":0,"max_hp_gain":0,"max_hp_loss":0,"event_name":"NoteForYourself","floor":19,"gold_loss":0},{"cards_removed":["Defend_R"],"damage_healed":0,"gold_gain":0,"player_choice":"Gave Gold","damage_taken":0,"max_hp_gain":0,"max_hp_loss":0,"event_name":"Beggar","floor":30,"gold_loss":75},{"damage_healed":0,"gold_gain":0,"player_choice":"Became a vampire","damage_taken":0,"max_hp_gain":0,"max_hp_loss":27,"event_name":"Vampires","floor":31,"gold_loss":0,"cards_obtained":["Bite","Bite","Bite","Bite","Bite"]}],"is_beta":false,"boss_relics":[{"not_picked":["Runic Cube","Coffee Dripper"],"picked":"Astrolabe"}],"items_purged_floors":[],"is_endless":false,"potions_floor_spawned":[7,11,13,21,24],"killed_by":"Automaton","ascension_level":0}