{"gold_per_floor":[110,185,200,200,200,200,229,229,229,244,244,255,52,84,84,159,159,169,169,169,219,219,219,54,66,66,100,100,112,140,168,180,270,282,311,341,353,378,125,159,159,187,187,198,226,281,309,309,309,309],"floor_reached":50,"playtime":2142,"items_purged":["Strike_R"],"score":1258,"play_id":"b31bd747-eb80-4b9c-a459-d6d49454ae98","local_time":"20190522213810","is_ascension_mode":true,"campfire_choices":[{"data":"Bash","floor":6.0,"key":"SMITH"},{"data":"Twin Strike","floor":8.0,"key":"SMITH"},{"data":"Disarm","floor":15.0,"key":"SMITH"},{"data":"Inflame","floor":23.0,"key":"SMITH"},{"data":"True Grit","floor":28.0,"key":"SMITH"},{"data":"Offering","floor":32.0,"key":"SMITH"},{"data":"Limit Break","floor":41.0,"key":"SMITH"},{"floor":49,"key":"RECALL"}],"neow_cost":"NONE","seed_source_timestamp":0,"circlet_count":0,"master_deck":["AscendersBane","Strike_R","Strike_R","Strike_R","Strike_R","Defend_R+1","Defend_R+1","Defend_R","Defend_R","Bash+1","Twin Strike+1","Twin Strike","Anger","Disarm+1","Inflame+1","Thunderclap","Offering+1","Armaments+1","True Grit+1","Exhume","Clothesline+1","Limit Break+1","Burning Pact","Inflame+1","Impervious","Pommel Strike+1","Writhe","Shrug It Off+1","Fiend Fire"],"special_seed":0,"relics":["Burning Blood","Red Skull","Oddly Smooth Stone","Magic Flower","Dream Catcher","Meat on the Bone","War Paint","Bottled Lightning","Cursed Key","PreservedInsect","Unceasing Top","MawBank","White Beast Statue","Membership Card","Bronze Scales","The Courier","Smiling Mask","Girya","Omamori"],"potions_floor_usage":[44,46,47,50],"damage_taken":[{"damage":5.0,"enemies":"Small Slimes","floor":1.0,"turns":5.0},{"damage":4.0,"enemies":"2 Louse","floor":3.0,"turns":4.0},{"damage":32.0,"enemies":"Gremlin Nob","floor":7.0,"turns":4.0},{"damage":0.0,"enemies":"Cultist","floor":10.0,"turns":2.0},{"damage":8.0,"enemies":"3 Louse","floor":12.0,"turns":3.0},{"damage":12.0,"enemies":"Lagavulin","floor":14.0,"turns":6.0},{"damage":29.0,"enemies":"Hexaghost","floor":16.0,"turns":9.0},{"damage":15.0,"enemies":"Shell Parasite","floor":18.0,"turns":3.0},{"damage":6.0,"enemies":"Chosen","floor":25.0,"turns":2.0},{"damage":14.0,"enemies":"Book of Stabbing","floor":27.0,"turns":4.0},{"damage":8.0,"enemies":"3 Cultists","floor":29.0,"turns":5.0},{"damage":45.0,"enemies":"Slavers","floor":30.0,"turns":5.0},{"damage":6.0,"enemies":"Snake Plant","floor":31.0,"turns":3.0},{"damage":61.0,"enemies":"Collector","floor":33.0,"turns":7.0},{"damage":30.0,"enemies":"3 Darklings","floor":35.0,"turns":4.0},{"damage":14.0,"enemies":"3 Shapes","floor":36.0,"turns":18.0},{"damage":41.0,"enemies":"Maw","floor":38.0,"turns":9.0},{"damage":18.0,"enemies":"Reptomancer","floor":40.0,"turns":5.0},{"damage":45.0,"enemies":"Nemesis","floor":42.0,"turns":3.0},{"damage":23,"enemies":"3 Darklings","floor":44,"turns":4},{"damage":39,"enemies":"Giant Head","floor":45,"turns":6},{"damage":27,"enemies":"2 Orb Walkers","floor":46,"turns":2},{"damage":6,"enemies":"Nemesis","floor":47,"turns":7},{"damage":63,"enemies":"Awakened One","floor":50,"turns":7}],"seed_played":"-2633426701964687867","potions_obtained":[{"floor":3.0,"key":"Strength Potion"},{"floor":10.0,"key":"EssenceOfSteel"},{"floor":14.0,"key":"EssenceOfSteel"},{"floor":25.0,"key":"AttackPotion"},{"floor":30.0,"key":"Strength Potion"},{"floor":33.0,"key":"SpeedPotion"},{"floor":35.0,"key":"AttackPotion"},{"floor":37.0,"key":"SteroidPotion"},{"floor":40.0,"key":"FearPotion"},{"floor":42.0,"key":"SteroidPotion"},{"floor":44,"key":"GamblersBrew"},{"floor":46,"key":"BloodPotion"},{"floor":47,"key":"FearPotion"}],"is_trial":false,"path_per_floor":["M","?","M","?","?","R","E","R","T","M","T","M","$","E","R","B",null,"M","?","?","?","T","R","$","M","T","E","R","M","E","M","R","B",null,"M","M","?","M","$","E","R","E","T","M","E","?","E","?","R","B"],"character_chosen":"IRONCLAD","items_purchased":["Inflame","War Paint","PreservedInsect","Membership Card"],"campfire_rested":0,"item_purchase_floors":[13,13,24,39],"current_hp_per_floor":[69,58,60,60,42,42,16,16,16,25,25,44,44,59,59,57,71,65,65,44,44,44,44,44,65,65,60,60,61,43,64,64,30,68,65,60,60,46,46,55,55,37,37,41,29,29,62,62,62,0],"gold":309,"neow_bonus":"RANDOM_COMMON_RELIC","is_prod":false,"is_daily":false,"chose_seed":false,"campfire_upgraded":7,"win_rate":0,"timestamp":1558557490,"path_taken":["M","?","M","?","?","R","E","R","T","M","?","?","$","E","R","BOSS","M","?","?","?","?","R","?","M","T","E","R","M","E","M","R","BOSS","M","M","?","?","$","E","R","E","T","M","E","?","E","?","R","BOSS"],"build_version":"2019-05-07","purchased_purges":1,"victory":false,"max_hp_per_floor":[75,75,75,75,75,75,75,75,75,75,75,75,75,75,75,75,75,75,75,80,80,80,80,80,80,80,80,80,80,80,80,80,80,80,80,80,80,80,80,80,80,80,80,80,80,80,80,80,80,80],"card_choices":[{"not_picked":["Sentinel","Iron Wave"],"picked":"Twin Strike","floor":1.0},{"not_picked":["Reckless Charge","Wild Strike"],"picked":"Twin Strike","floor":3.0},{"not_picked":["Headbutt","Heavy Blade"],"picked":"Anger","floor":7.0},{"not_picked":["Heavy Blade","Flex","Havoc"],"picked":"SKIP","floor":10.0},{"not_picked":["Havoc","Rampage"],"picked":"Disarm","floor":12.0},{"not_picked":["Iron Wave","Pommel Strike"],"picked":"Thunderclap","floor":14.0},{"not_picked":["Impervious","Exhume"],"picked":"Offering","floor":16.0},{"not_picked":["Wild Strike","Iron Wave","Body Slam"],"picked":"SKIP","floor":18.0},{"not_picked":["Flex+1","Burning Pact"],"picked":"Armaments+1","floor":25.0},{"not_picked":["Hemokinesis","Bloodletting+1"],"picked":"True Grit","floor":27.0},{"not_picked":["Flex","Sever Soul","Twin Strike"],"picked":"SKIP","floor":29.0},{"not_picked":["Twin Strike","Hemokinesis"],"picked":"Exhume","floor":30.0},{"not_picked":["Anger+1","Warcry"],"picked":"Clothesline+1","floor":31.0},{"not_picked":["Fiend Fire","Brutality"],"picked":"Limit Break","floor":33.0},{"not_picked":["Rampage","Armaments","Thunderclap+1"],"picked":"SKIP","floor":35.0},{"not_picked":["Iron Wave+1","Clothesline"],"picked":"Burning Pact","floor":36.0},{"not_picked":["Sentinel","Sword Boomerang"],"picked":"Inflame+1","floor":38.0},{"not_picked":["Rage+1","Ghostly Armor"],"picked":"Impervious","floor":40.0},{"not_picked":["Sword Boomerang","Warcry"],"picked":"Pommel Strike+1","floor":42.0},{"not_picked":["Wild Strike+1","Bloodletting+1"],"picked":"Shrug It Off+1","floor":44},{"not_picked":["Headbutt","Entrench+1"],"picked":"Fiend Fire","floor":45},{"not_picked":["Clothesline","Hemokinesis","Uppercut"],"picked":"SKIP","floor":47}],"player_experience":2062451,"relics_obtained":[{"floor":7.0,"key":"Magic Flower"},{"floor":9.0,"key":"Dream Catcher"},{"floor":11.0,"key":"Meat on the Bone"},{"floor":14.0,"key":"Bottled Lightning"},{"floor":27.0,"key":"Unceasing Top"},{"floor":30.0,"key":"MawBank"},{"floor":40.0,"key":"Bronze Scales"},{"floor":42.0,"key":"The Courier"},{"floor":45,"key":"Smiling Mask"},{"floor":46,"key":"Girya"},{"floor":47,"key":"Omamori"}],"event_choices":[{"damage_healed":0.0,"max_hp_gain":0.0,"max_hp_loss":0.0,"gold_gain":75.0,"event_name":"World of Goop","player_choice":"Gather Gold","floor":2.0,"gold_loss":0.0,"damage_taken":11.0},{"damage_healed":0.0,"max_hp_gain":0.0,"max_hp_loss":0.0,"gold_gain":0.0,"event_name":"Liars Game","player_choice":"Ignored","floor":4.0,"gold_loss":0.0,"damage_taken":0.0},{"damage_healed":0.0,"max_hp_gain":0.0,"max_hp_loss":0.0,"gold_gain":0.0,"event_name":"Scrap Ooze","player_choice":"Success","floor":5.0,"gold_loss":0.0,"damage_taken":18.0,"relics_obtained":["Oddly Smooth Stone"]},{"damage_healed":0.0,"max_hp_gain":0.0,"max_hp_loss":0.0,"gold_gain":0.0,"event_name":"Ghosts","player_choice":"Ignored","floor":19.0,"gold_loss":0.0,"damage_taken":0.0},{"damage_healed":0.0,"max_hp_gain":5.0,"max_hp_loss":0.0,"gold_gain":0.0,"event_name":"Forgotten Altar","player_choice":"Shed Blood","floor":20.0,"gold_loss":0.0,"damage_taken":26.0},{"damage_healed":0.0,"max_hp_gain":0.0,"max_hp_loss":0.0,"gold_gain":50.0,"event_name":"Nest","player_choice":"Stole From Cult","floor":21.0,"gold_loss":0.0,"damage_taken":0.0},{"damage_healed":0.0,"max_hp_gain":0.0,"max_hp_loss":0.0,"gold_gain":0.0,"event_name":"Lab","player_choice":"Got Potions","floor":37.0,"gold_loss":0.0,"damage_taken":0.0},{"damage_healed":0,"gold_gain":0,"player_choice":"Fight","damage_taken":0,"max_hp_gain":0,"max_hp_loss":0,"event_name":"Mysterious Sphere","floor":46,"gold_loss":0},{"damage_healed":0,"gold_gain":0,"player_choice":"Ignored","damage_taken":0,"max_hp_gain":0,"max_hp_loss":0,"event_name":"Tomb of Lord Red Mask","floor":48,"gold_loss":0}],"is_beta":true,"boss_relics":[{"not_picked":["Fusion Hammer","Philosopher\u0027s Stone"],"picked":"Cursed Key"},{"not_picked":["Sozu","Eternal Feather"],"picked":"White Beast Statue"}],"items_purged_floors":[39],"is_endless":false,"potions_floor_spawned":[3,10,14,25,30,31,33,35,36,38,40,42,44,45,46,47],"killed_by":"Awakened One","ascension_level":20}