{"gold_per_floor":[114,64,78,78,78,113,113,144,144,144,163,163,163,180,180,284,284,299,224,224,236,236,236,270,270,294,323,176,176,191,290,290,388,388,403,449,449,466,466,492,504,533,571,583],"floor_reached":44,"playtime":2627,"items_purged":["Writhe"],"score":556,"play_id":"d8f55309-c691-4648-8291-9afb97d08ff4","local_time":"20190725223134","is_ascension_mode":true,"campfire_choices":[{"floor":7,"key":"RECALL"},{"data":"Immolate","floor":10,"key":"SMITH"},{"data":"Armaments","floor":12,"key":"SMITH"},{"data":"Metallicize","floor":15,"key":"SMITH"},{"data":"Barricade","floor":23,"key":"SMITH"},{"data":"Offering","floor":25,"key":"SMITH"},{"floor":32,"key":"REST"},{"floor":41,"key":"REST"}],"neow_cost":"NONE","seed_source_timestamp":1243336935232320,"circlet_count":0,"master_deck":["Bash+1","Armaments+1","Rage","Immolate+1","Flex","Cleave","Metallicize+1","Barricade+1","Impervious","Combust","Perfected Strike+1","Seeing Red","Infernal Blade","Offering+1","Bludgeon","Iron Wave","Heavy Blade+1","Double Tap","Ghostly Armor","Rupture","J.A.X.","Rampage+1","Immolate","Rupture+1","Offering+1","Madness"],"relics":["Burning Blood","NeowsBlessing","Question Card","Ice Cream","Centennial Puzzle","Paper Frog","Pandora\u0027s Box","Pantograph","Dodecahedron","Whetstone","Oddly Smooth Stone","Black Star","Shovel","MawBank","Ancient Tea Set","Regal Pillow"],"potions_floor_usage":[24,27,30,30,42,44],"damage_taken":[{"damage":0,"enemies":"2 Louse","floor":1,"turns":1},{"damage":0,"enemies":"Jaw Worm","floor":3,"turns":1},{"damage":0,"enemies":"Gremlin Nob","floor":6,"turns":1},{"damage":16,"enemies":"3 Sentries","floor":8,"turns":4},{"damage":0,"enemies":"Small Slimes","floor":11,"turns":2},{"damage":3,"enemies":"Exordium Wildlife","floor":14,"turns":2},{"damage":43,"enemies":"Hexaghost","floor":16,"turns":11},{"damage":7,"enemies":"2 Thieves","floor":18,"turns":2},{"damage":9,"enemies":"Spheric Guardian","floor":21,"turns":3},{"damage":34,"enemies":"Book of Stabbing","floor":24,"turns":4},{"damage":50,"enemies":"Gremlin Leader","floor":27,"turns":7},{"damage":18,"enemies":"Chosen and Byrds","floor":30,"turns":4},{"damage":26,"enemies":"Collector","floor":33,"turns":7},{"damage":3,"enemies":"Orb Walker","floor":35,"turns":3},{"damage":22,"enemies":"2 Orb Walkers","floor":36,"turns":3},{"damage":19,"enemies":"3 Shapes","floor":38,"turns":3},{"damage":35,"enemies":"Nemesis","floor":40,"turns":5},{"damage":36,"enemies":"Maw","floor":42,"turns":9},{"damage":26,"enemies":"Jaw Worm Horde","floor":44,"turns":2}],"seed_played":"-2663582994139017288","potions_obtained":[{"floor":3,"key":"Dexterity Potion"},{"floor":11,"key":"Regen Potion"},{"floor":16,"key":"FearPotion"},{"floor":24,"key":"PowerPotion"},{"floor":33,"key":"Ancient Potion"},{"floor":36,"key":"Swift Potion"},{"floor":38,"key":"EssenceOfSteel"}],"is_trial":false,"path_per_floor":["M","?","M","$","?","E","R","E","T","R","M","R","?","M","R","B",null,"M","?","?","M","?","R","E","R","T","E","$","?","M","?","R","B",null,"M","?","?","M","?","E","R","M","T","M"],"character_chosen":"IRONCLAD","items_purchased":["BloodPotion"],"campfire_rested":2,"item_purchase_floors":[28],"current_hp_per_floor":[80,80,80,80,73,79,79,69,69,69,75,75,59,62,62,25,80,79,79,79,76,76,76,48,48,48,16,16,16,24,24,48,53,80,80,64,64,51,51,22,46,16,16,0],"gold":583,"neow_bonus":"THREE_ENEMY_KILL","is_prod":false,"is_daily":false,"chose_seed":false,"campfire_upgraded":5,"win_rate":0,"timestamp":1564083094,"path_taken":["M","?","M","$","?","E","R","E","T","R","M","R","?","M","R","BOSS","M","?","?","?","?","R","E","R","T","E","?","?","M","?","R","BOSS","M","?","?","?","?","E","R","M","T","M"],"build_version":"2019-07-17","purchased_purges":1,"victory":false,"max_hp_per_floor":[80,80,80,80,80,80,80,80,80,80,80,80,80,80,80,80,80,80,80,80,80,80,80,80,80,80,80,80,80,80,80,80,80,80,80,80,80,80,80,80,80,80,80,80],"card_choices":[{"not_picked":["Perfected Strike","Headbutt"],"picked":"Armaments","floor":1},{"not_picked":["Carnage","Shrug It Off"],"picked":"Rage","floor":3},{"not_picked":["Cleave","Wild Strike","Seeing Red"],"picked":"Immolate","floor":6},{"not_picked":["Flame Barrier","Rage","Whirlwind"],"picked":"Flex","floor":8},{"not_picked":["Clash","Combust","Pommel Strike"],"picked":"Cleave","floor":11},{"not_picked":["Body Slam","Juggernaut","Cleave"],"picked":"Metallicize","floor":14},{"not_picked":["Bludgeon","Impervious","Fiend Fire"],"picked":"Barricade","floor":16},{"not_picked":["Flex","Twin Strike","Entrench"],"picked":"Iron Wave","floor":18},{"not_picked":["Flex","Body Slam","Intimidate"],"picked":"Heavy Blade+1","floor":21},{"not_picked":["Blood for Blood+1","Entrench","Clash+1"],"picked":"Ghostly Armor","floor":24},{"not_picked":["Infernal Blade","Feed","Pommel Strike"],"picked":"Rupture","floor":27},{"not_picked":["Armaments","Sword Boomerang","Twin Strike"],"picked":"Rampage+1","floor":30},{"not_picked":["Bludgeon","Berserk","Barricade"],"picked":"Immolate","floor":33},{"not_picked":["Body Slam","Seeing Red","Rampage+1","Pummel+1"],"picked":"SKIP","floor":35},{"not_picked":["Headbutt","Clash+1","Flex"],"picked":"Rupture+1","floor":36},{"not_picked":["Anger","Carnage","Twin Strike","Clothesline+1"],"picked":"SKIP","floor":38},{"not_picked":["Bandage Up","Flash of Steel","Mind Blast"],"picked":"Madness","floor":39},{"not_picked":["Power Through","Flex","Metallicize","Bludgeon"],"picked":"SKIP","floor":40},{"not_picked":["Clash","Feel No Pain","Warcry","Carnage+1"],"picked":"SKIP","floor":42}],"player_experience":122468,"relics_obtained":[{"floor":6,"key":"Ice Cream"},{"floor":8,"key":"Centennial Puzzle"},{"floor":9,"key":"Paper Frog"},{"floor":24,"key":"Dodecahedron"},{"floor":26,"key":"Whetstone"},{"floor":27,"key":"Oddly Smooth Stone"},{"floor":36,"key":"Shovel"},{"floor":40,"key":"MawBank"},{"floor":40,"key":"Ancient Tea Set"},{"floor":43,"key":"Regal Pillow"}],"event_choices":[{"cards_removed":["Defend_R"],"damage_healed":0,"gold_gain":0,"player_choice":"Card Removal","damage_taken":0,"max_hp_gain":0,"max_hp_loss":0,"event_name":"The Cleric","floor":2,"gold_loss":50},{"damage_healed":0,"gold_gain":0,"player_choice":"Success","damage_taken":7,"relics_obtained":["Question Card"],"max_hp_gain":0,"max_hp_loss":0,"event_name":"Scrap Ooze","floor":5,"gold_loss":0},{"damage_healed":0,"gold_gain":0,"player_choice":"Entered Light","damage_taken":16,"max_hp_gain":0,"max_hp_loss":0,"event_name":"Shining Light","floor":13,"gold_loss":0,"cards_upgraded":["Defend_R","Strike_R"]},{"cards_removed":["Blood for Blood"],"damage_healed":0,"gold_gain":0,"player_choice":"Gave Gold","damage_taken":0,"max_hp_gain":0,"max_hp_loss":0,"event_name":"Beggar","floor":19,"gold_loss":75},{"damage_healed":0,"gold_gain":0,"player_choice":"Opened","damage_taken":0,"relics_obtained":["Pantograph"],"max_hp_gain":0,"max_hp_loss":0,"event_name":"The Mausoleum","floor":20,"gold_loss":0,"cards_obtained":["Writhe"]},{"damage_healed":0,"gold_gain":0,"player_choice":"Read","damage_taken":0,"max_hp_gain":0,"max_hp_loss":0,"event_name":"The Library","floor":22,"gold_loss":0,"cards_obtained":["Double Tap"]},{"damage_healed":0,"gold_gain":0,"player_choice":"Obtain J.A.X.","damage_taken":0,"max_hp_gain":0,"max_hp_loss":0,"event_name":"Drug Dealer","floor":29,"gold_loss":0,"cards_obtained":["J.A.X."]},{"damage_healed":0,"gold_gain":99,"player_choice":"Stole From Cult","damage_taken":0,"max_hp_gain":0,"max_hp_loss":0,"event_name":"Nest","floor":31,"gold_loss":0},{"damage_healed":0,"gold_gain":0,"player_choice":"Fight","damage_taken":0,"max_hp_gain":0,"max_hp_loss":0,"event_name":"Mysterious Sphere","floor":36,"gold_loss":0},{"damage_healed":0,"gold_gain":0,"player_choice":"Copied","damage_taken":0,"max_hp_gain":0,"max_hp_loss":0,"event_name":"Duplicator","floor":37,"gold_loss":0,"cards_obtained":["Offering"]},{"damage_healed":0,"gold_gain":0,"player_choice":"Memory 1","damage_taken":0,"max_hp_gain":0,"max_hp_loss":0,"event_name":"SensoryStone","floor":39,"gold_loss":0}],"is_beta":false,"boss_relics":[{"not_picked":["Eternal Feather","Sozu"],"picked":"Pandora\u0027s Box"},{"not_picked":["Velvet Choker","Lizard Tail"],"picked":"Black Star"}],"items_purged_floors":[28],"is_endless":false,"potions_floor_spawned":[3,11,16,24,33,36,38],"killed_by":"Jaw Worm Horde","ascension_level":2}