{"gold_per_floor":[214,231,231,231,70,70,97,97,97,55,87,87,118,182,182,257,257,269,34,114,131,149,149],"floor_reached":23,"playtime":1090,"items_purged":["Gash"],"score":414,"play_id":"eb592bb5-397b-4bce-b1c9-de0262532011","local_time":"20181102143055","is_ascension_mode":true,"campfire_choices":[{"data":"Strike_B","floor":6,"key":"SMITH"},{"floor":8,"key":"REST"},{"floor":12,"key":"REST"},{"floor":15,"key":"REST"}],"neow_cost":"NONE","seed_source_timestamp":172083230942851,"circlet_count":0,"master_deck":["AscendersBane","Strike_B","Strike_B","Strike_B","Strike_B+1","Defend_B","Defend_B+1","Defend_B+1","Defend_B","Zap+1","Dualcast+1","Cold Snap","Defragment","Darkness","Reinforced Body","Hyperbeam+1","Sunder+1","Sunder+1","Cold Snap+1"],"relics":["Cracked Core","SsserpentHead","Bronze Scales","Kunai","Molten Egg 2","War Paint","Matryoshka","Snecko Eye","Vajra","Red Mask"],"potions_floor_usage":[7,11,16,23,23],"damage_taken":[{"damage":2,"enemies":"Cultist","floor":1,"turns":4},{"damage":19,"enemies":"Jaw Worm","floor":2,"turns":4},{"damage":22,"enemies":"Lagavulin","floor":7,"turns":6},{"damage":27,"enemies":"Gremlin Nob","floor":11,"turns":4},{"damage":21,"enemies":"3 Sentries","floor":13,"turns":6},{"damage":1,"enemies":"Small Slimes","floor":14,"turns":3},{"damage":4,"enemies":"Slime Boss","floor":16,"turns":8},{"damage":1,"enemies":"3 Byrds","floor":18,"turns":2},{"damage":0,"enemies":"Masked Bandits","floor":20,"turns":2},{"damage":16,"enemies":"2 Thieves","floor":21,"turns":2},{"damage":5,"enemies":"Chosen and Byrds","floor":22,"turns":4},{"damage":38,"enemies":"Book of Stabbing","floor":23,"turns":2}],"seed_played":"-1738873024011990097","potions_obtained":[{"floor":1,"key":"Ancient Potion"},{"floor":2,"key":"Regen Potion"},{"floor":7,"key":"PowerPotion"},{"floor":14,"key":"SkillPotion"},{"floor":16,"key":"EssenceOfSteel"},{"floor":18,"key":"PowerPotion"}],"is_trial":false,"path_per_floor":["M","M","?","?","$","R","E","R","T","$","E","R","E","M","R","B",null,"M","$","?","M","M","E"],"character_chosen":"DEFECT","items_purchased":["Bronze Scales","Defragment","Vajra"],"campfire_rested":3,"item_purchase_floors":[5,10,19],"current_hp_per_floor":[62,43,22,22,22,22,15,36,36,36,9,30,9,8,29,25,60,59,59,59,43,38,0],"gold":149,"neow_bonus":"HUNDRED_GOLD","is_prod":false,"is_daily":false,"chose_seed":false,"campfire_upgraded":1,"win_rate":0,"timestamp":1541169055,"path_taken":["M","M","?","?","$","R","E","R","T","$","E","R","E","?","R","BOSS","M","$","?","M","M","E"],"build_version":"2018-11-01v2","purchased_purges":1,"victory":false,"max_hp_per_floor":[71,71,71,71,71,71,71,71,71,71,71,71,71,71,71,71,71,71,71,71,71,71,71],"card_choices":[{"not_picked":["Scrape","Aggregate"],"picked":"Gash","floor":1},{"not_picked":["Leap","Conserve Battery","Auto Shields"],"picked":"SKIP","floor":2},{"not_picked":["Barrage","Auto Shields"],"picked":"Cold Snap","floor":7},{"not_picked":["BootSequence","Coolheaded"],"picked":"Darkness","floor":11},{"not_picked":["Tempest","Blizzard+1","Rebound+1"],"picked":"SKIP","floor":13},{"not_picked":["Fusion","Leap"],"picked":"Reinforced Body","floor":14},{"not_picked":["Creative AI","Meteor Strike+1"],"picked":"Hyperbeam+1","floor":16},{"not_picked":["Doom and Gloom+1","Recycle"],"picked":"Sunder+1","floor":18},{"not_picked":["Reprogram","Fusion"],"picked":"Sunder+1","floor":20},{"not_picked":["Steam+1","Gash+1"],"picked":"Cold Snap+1","floor":21},{"not_picked":["Chaos","Beam Cell+1","BootSequence"],"picked":"SKIP","floor":22}],"player_experience":1606584,"relics_obtained":[{"floor":7,"key":"Kunai"},{"floor":9,"key":"Molten Egg 2"},{"floor":11,"key":"War Paint"},{"floor":13,"key":"Matryoshka"},{"floor":20,"key":"Red Mask"}],"event_choices":[{"damage_healed":0,"gold_gain":0,"player_choice":"Entered Light","damage_taken":21,"max_hp_gain":0,"max_hp_loss":0,"event_name":"Shining Light","floor":3,"gold_loss":0,"cards_upgraded":["Zap","Defend_B"]},{"damage_healed":0,"gold_gain":0,"player_choice":"Trade","damage_taken":0,"relics_obtained":["SsserpentHead"],"max_hp_gain":0,"max_hp_loss":0,"event_name":"FaceTrader","floor":4,"gold_loss":0},{"damage_healed":0,"gold_gain":0,"player_choice":"Fought Bandits","damage_taken":0,"max_hp_gain":0,"max_hp_loss":0,"event_name":"Masked Bandits","floor":20,"gold_loss":0}],"is_beta":true,"boss_relics":[{"not_picked":["Coffee Dripper","Busted Crown"],"picked":"Snecko Eye"}],"items_purged_floors":[19],"is_endless":false,"potions_floor_spawned":[1,2,7,14,16,18,21],"killed_by":"Book of Stabbing","ascension_level":20}