{"gold_per_floor":[111,70,90,107,127,162,162,162,162,162,181,181,193,218,218,218],"floor_reached":16,"playtime":731,"items_purged":[],"score":112,"play_id":"6f8bfa3a-2f00-46c6-9d88-6310a5ffa73d","local_time":"20190630024042","is_ascension_mode":false,"campfire_choices":[{"data":"Thunder Strike","floor":10,"key":"SMITH"},{"floor":12,"key":"RECALL"},{"data":"White Noise","floor":15,"key":"SMITH"}],"neow_cost":"CURSE","seed_source_timestamp":319929188102700,"circlet_count":0,"master_deck":["Strike_B","Strike_B","Strike_B","Defend_B","Defend_B","Defend_B","Defend_B","Zap","Dualcast","Injury","Thunder Strike+1","Coolheaded","Reinforced Body","Coolheaded","Auto Shields","Ball Lightning","Melter","Core Surge","Glacier","Glacier","White Noise+1"],"relics":["Cracked Core","Letter Opener","Mummified Hand","Question Card"],"potions_floor_usage":[6,6,13,14],"damage_taken":[{"damage":1,"enemies":"2 Louse","floor":1,"turns":2},{"damage":0,"enemies":"Small Slimes","floor":3,"turns":4},{"damage":7,"enemies":"Cultist","floor":4,"turns":4},{"damage":6,"enemies":"2 Fungi Beasts","floor":5,"turns":4},{"damage":14,"enemies":"Gremlin Nob","floor":6,"turns":4},{"damage":0,"enemies":"3 Louse","floor":11,"turns":3},{"damage":2,"enemies":"Blue Slaver","floor":13,"turns":2},{"damage":11,"enemies":"Lagavulin","floor":14,"turns":10},{"damage":34,"enemies":"Slime Boss","floor":16,"turns":12}],"seed_played":"-4462969580318754759","potions_obtained":[{"floor":1,"key":"Explosive Potion"},{"floor":3,"key":"Block Potion"},{"floor":4,"key":"Poison Potion"},{"floor":6,"key":"SteroidPotion"}],"is_trial":false,"path_per_floor":["M","$","M","M","M","E","?","?","T","R","M","R","M","E","R","B"],"character_chosen":"DEFECT","items_purchased":["Reinforced Body"],"campfire_rested":0,"item_purchase_floors":[2],"current_hp_per_floor":[74,74,74,67,61,47,47,47,47,47,47,47,45,34,34,0],"gold":218,"neow_bonus":"THREE_RARE_CARDS","is_prod":false,"is_daily":false,"chose_seed":false,"campfire_upgraded":2,"win_rate":0,"timestamp":1561830042,"path_taken":["M","$","M","M","M","E","?","?","T","R","M","R","M","E","R","BOSS"],"build_version":"2019-01-23","purchased_purges":0,"victory":false,"max_hp_per_floor":[75,75,75,75,75,75,75,75,75,75,75,75,75,75,75,75],"card_choices":[{"not_picked":["Electrodynamics","Hyperbeam"],"picked":"Thunder Strike","floor":0},{"not_picked":["Tempest","Rebound"],"picked":"Coolheaded","floor":1},{"not_picked":["Loop","Aggregate"],"picked":"Coolheaded","floor":3},{"not_picked":["Undo","Beam Cell"],"picked":"Auto Shields","floor":4},{"not_picked":["Force Field","Gash"],"picked":"Ball Lightning","floor":5},{"not_picked":["Rip and Tear","Gash"],"picked":"Melter","floor":6},{"not_picked":["Steam","Barrage"],"picked":"Glacier","floor":11},{"not_picked":["Stack","Go for the Eyes"],"picked":"Glacier","floor":13},{"not_picked":["Turbo","Fusion"],"picked":"White Noise","floor":14}],"player_experience":70669,"relics_obtained":[{"floor":6,"key":"Letter Opener"},{"floor":9,"key":"Mummified Hand"},{"floor":14,"key":"Question Card"}],"event_choices":[{"damage_healed":0,"gold_gain":0,"cards_transformed":["Strike_B"],"player_choice":"Change","damage_taken":0,"max_hp_gain":0,"max_hp_loss":0,"event_name":"Living Wall","floor":7,"gold_loss":0,"cards_obtained":["Core Surge"]},{"damage_healed":0,"gold_gain":0,"player_choice":"Bought 0 Potions","damage_taken":0,"max_hp_gain":0,"max_hp_loss":0,"event_name":"The Woman in Blue","floor":8,"gold_loss":0}],"is_beta":false,"boss_relics":[],"items_purged_floors":[],"is_endless":false,"potions_floor_spawned":[1,3,4,6],"killed_by":"Slime Boss","ascension_level":0}