{"gold_per_floor":[115,66,78,78,78,413,413,413,413,434,447,491,509,509,509,509],"floor_reached":16,"playtime":468,"items_purged":[],"score":216,"play_id":"4bdf39aa-b913-4bba-bfa7-28af36f73f27","local_time":"20190822150617","is_ascension_mode":true,"campfire_choices":[{"data":"Bash","floor":7,"key":"SMITH"},{"floor":15,"key":"REST"}],"neow_cost":"NONE","seed_source_timestamp":37662269759300,"circlet_count":0,"master_deck":["AscendersBane","Strike_R","Strike_R","Strike_R","Strike_R","Strike_R","Defend_R+1","Defend_R","Defend_R","Defend_R","Bash+1","Flame Barrier","Shrug It Off+1","Disarm","Regret","Flame Barrier","Havoc","Shockwave"],"relics":["Burning Blood","NeowsBlessing","Golden Idol","Charon\u0027s Ashes","Old Coin","Darkstone Periapt","Turnip","Kunai"],"potions_floor_usage":[16,16],"damage_taken":[{"damage":0,"enemies":"Jaw Worm","floor":1,"turns":1},{"damage":0,"enemies":"2 Louse","floor":3,"turns":1},{"damage":0,"enemies":"Lagavulin","floor":6,"turns":1},{"damage":9,"enemies":"Cultist","floor":10,"turns":4},{"damage":13,"enemies":"2 Fungi Beasts","floor":11,"turns":4},{"damage":26,"enemies":"Gremlin Nob","floor":12,"turns":5},{"damage":7,"enemies":"Large Slime","floor":13,"turns":8},{"damage":44,"enemies":"Hexaghost","floor":16,"turns":12}],"seed_played":"-8519494960764658228","potions_obtained":[{"floor":1,"key":"GamblersBrew"},{"floor":11,"key":"Swift Potion"},{"floor":12,"key":"Dexterity Potion"}],"is_trial":false,"path_per_floor":["M","$","M","?","?","E","R","T","T","M","M","E","M","?","R","B"],"character_chosen":"IRONCLAD","items_purchased":["Shrug It Off"],"campfire_rested":1,"item_purchase_floors":[2],"current_hp_per_floor":[78,78,80,60,60,66,66,66,66,63,56,36,35,19,43,0],"gold":509,"neow_bonus":"THREE_ENEMY_KILL","is_prod":false,"is_daily":false,"chose_seed":false,"campfire_upgraded":1,"win_rate":0,"timestamp":1566453977,"path_taken":["M","$","M","?","?","E","R","?","T","M","M","E","?","?","R","BOSS"],"build_version":"2019-07-17","purchased_purges":0,"victory":false,"max_hp_per_floor":[80,80,80,80,80,80,80,80,80,80,80,80,80,80,80,80],"card_choices":[{"not_picked":["Sentinel","Iron Wave"],"picked":"Flame Barrier","floor":1},{"not_picked":["Clash","Warcry"],"picked":"Disarm","floor":3},{"not_picked":["Twin Strike","Bloodletting"],"picked":"Flame Barrier","floor":6},{"not_picked":["Clothesline","Anger"],"picked":"Havoc","floor":10},{"not_picked":["Body Slam","Metallicize"],"picked":"Shockwave","floor":11},{"not_picked":["Rupture","Dual Wield","Iron Wave"],"picked":"SKIP","floor":12},{"not_picked":["Clothesline","True Grit","Wild Strike"],"picked":"SKIP","floor":13}],"player_experience":170473,"relics_obtained":[{"floor":6,"key":"Old Coin"},{"floor":8,"key":"Darkstone Periapt"},{"floor":9,"key":"Turnip"},{"floor":12,"key":"Kunai"}],"event_choices":[{"damage_healed":0,"gold_gain":0,"player_choice":"Take Damage","damage_taken":20,"relics_obtained":["Golden Idol"],"max_hp_gain":0,"max_hp_loss":0,"event_name":"Golden Idol","floor":4,"gold_loss":0},{"damage_healed":0,"gold_gain":0,"player_choice":"Box","damage_taken":0,"relics_obtained":["Charon\u0027s Ashes"],"max_hp_gain":0,"max_hp_loss":0,"event_name":"Big Fish","floor":5,"gold_loss":0,"cards_obtained":["Regret"]},{"damage_healed":0,"gold_gain":0,"player_choice":"Entered Light","damage_taken":16,"max_hp_gain":0,"max_hp_loss":0,"event_name":"Shining Light","floor":14,"gold_loss":0,"cards_upgraded":["Defend_R","Shrug It Off"]}],"is_beta":false,"boss_relics":[],"items_purged_floors":[],"is_endless":false,"potions_floor_spawned":[1,11,12,13],"killed_by":"Hexaghost","ascension_level":12}