{"gold_per_floor":[11,11,29,49,67,67,105,105,105,155,173,207,223,261,261,351,351,375,425,425,177,6,37,37,61,61,61,61,61,97,97,97,97],"floor_reached":33,"playtime":1112,"items_purged":["Strike_B+1"],"score":602,"play_id":"7a32a202-f504-439b-bae9-adc95f0458cd","local_time":"20190720131827","is_ascension_mode":true,"campfire_choices":[{"data":"Zap","floor":6.0,"key":"SMITH"},{"floor":8.0,"key":"REST"},{"data":"Sweeping Beam","floor":15.0,"key":"SMITH"},{"floor":24.0,"key":"REST"},{"data":"Hyperbeam","floor":27.0,"key":"SMITH"},{"data":"Coolheaded","floor":29.0,"key":"SMITH"},{"floor":32.0,"key":"REST"}],"neow_cost":"NO_GOLD","seed_source_timestamp":0,"circlet_count":0,"master_deck":["AscendersBane","Strike_B+1","Strike_B+1","Strike_B+1","Defend_B+1","Defend_B+1","Defend_B+1","Defend_B+1","Zap+1","Dualcast","Ball Lightning","Coolheaded+1","Sweeping Beam+1","Glacier","Ball Lightning","Chaos+1","Glacier+1","Hyperbeam+1","Electrodynamics","Genetic Algorithm+1","Recycle+1","Gash","Necronomicurse"],"special_seed":0,"relics":["Cracked Core","StoneCalendar","Golden Idol","Vajra","Toxic Egg 2","Pocketwatch","Art of War","Nuclear Battery","Membership Card","Anchor","Ornamental Fan","Sundial","Prayer Wheel","Necronomicon"],"potions_floor_usage":[33,33],"damage_taken":[{"damage":0.0,"enemies":"Small Slimes","floor":1.0,"turns":2.0},{"damage":7.0,"enemies":"Jaw Worm","floor":3.0,"turns":4.0},{"damage":0.0,"enemies":"Cultist","floor":4.0,"turns":3.0},{"damage":1.0,"enemies":"2 Fungi Beasts","floor":5.0,"turns":3.0},{"damage":38.0,"enemies":"Gremlin Nob","floor":7.0,"turns":5.0},{"damage":2.0,"enemies":"Exordium Wildlife","floor":11.0,"turns":3.0},{"damage":8.0,"enemies":"3 Sentries","floor":12.0,"turns":4.0},{"damage":0.0,"enemies":"Blue Slaver","floor":13.0,"turns":3.0},{"damage":8.0,"enemies":"Gremlin Nob","floor":14.0,"turns":3.0},{"damage":9.0,"enemies":"Slime Boss","floor":16.0,"turns":6.0},{"damage":6.0,"enemies":"Shell Parasite","floor":18.0,"turns":4.0},{"damage":11.0,"enemies":"Slavers","floor":23.0,"turns":2.0},{"damage":0.0,"enemies":"Chosen","floor":25.0,"turns":3.0},{"damage":25.0,"enemies":"Book of Stabbing","floor":30.0,"turns":7.0},{"damage":28,"enemies":"Champ","floor":33,"turns":14}],"seed_played":"-5483002833984071455","potions_obtained":[{"floor":1.0,"key":"EssenceOfSteel"},{"floor":4.0,"key":"Block Potion"},{"floor":7.0,"key":"GamblersBrew"},{"floor":11.0,"key":"Explosive Potion"},{"floor":14.0,"key":"Dexterity Potion"},{"floor":30.0,"key":"Dexterity Potion"}],"is_trial":false,"path_per_floor":["M","?","M","M","M","R","E","R","T","?","M","E","M","E","R","B",null,"M","?","?","$","$","E","R","M","T","R","T","R","E","?","R","B"],"character_chosen":"DEFECT","items_purchased":["Membership Card","Electrodynamics","Anchor"],"campfire_rested":3,"item_purchase_floors":[21,22,22],"current_hp_per_floor":[64,64,57,57,56,56,18,37,37,37,35,27,27,19,19,10,51,45,45,45,45,45,34,53,53,53,53,53,53,28,7,26,0],"gold":97,"neow_bonus":"ONE_RARE_RELIC","is_prod":false,"is_daily":false,"chose_seed":false,"campfire_upgraded":4,"win_rate":0,"timestamp":1563625107,"path_taken":["M","?","M","M","M","R","E","R","T","?","?","E","M","E","R","BOSS","M","?","?","?","$","E","R","M","T","R","?","R","E","?","R","BOSS"],"build_version":"2019-07-18","purchased_purges":1,"victory":false,"max_hp_per_floor":[71,64,64,64,64,64,64,64,64,64,64,64,64,64,64,64,64,64,64,64,64,64,64,64,64,64,64,64,64,64,64,64,64],"card_choices":[{"not_picked":["Tempest","Gash"],"picked":"Ball Lightning","floor":1.0},{"not_picked":["Auto Shields","Skim"],"picked":"Coolheaded","floor":3.0},{"not_picked":["Stack","Rebound"],"picked":"Sweeping Beam","floor":4.0},{"not_picked":["Auto Shields","Beam Cell"],"picked":"Glacier","floor":5.0},{"not_picked":["Reboot","Hologram"],"picked":"Ball Lightning","floor":7.0},{"not_picked":["BootSequence+1","Heatsinks","Beam Cell"],"picked":"SKIP","floor":11.0},{"not_picked":["Beam Cell","Cold Snap"],"picked":"Chaos+1","floor":12.0},{"not_picked":["Lockon","Coolheaded+1"],"picked":"Glacier+1","floor":13.0},{"not_picked":["Amplify+1","Static Discharge","Coolheaded+1"],"picked":"SKIP","floor":14.0},{"not_picked":["Machine Learning","Meteor Strike"],"picked":"Hyperbeam","floor":16.0},{"not_picked":["Rebound","Melter","Sweeping Beam"],"picked":"SKIP","floor":18.0},{"not_picked":["Self Repair","Beam Cell"],"picked":"Genetic Algorithm+1","floor":23.0},{"not_picked":["Beam Cell","Auto Shields+1"],"picked":"Recycle+1","floor":25.0},{"not_picked":["Beam Cell","Static Discharge"],"picked":"Gash","floor":30.0}],"player_experience":2223438,"relics_obtained":[{"floor":7.0,"key":"Vajra"},{"floor":9.0,"key":"Toxic Egg 2"},{"floor":12.0,"key":"Pocketwatch"},{"floor":14.0,"key":"Art of War"},{"floor":23.0,"key":"Ornamental Fan"},{"floor":28.0,"key":"Sundial"},{"floor":30.0,"key":"Prayer Wheel"},{"floor":31.0,"key":"Necronomicon"}],"event_choices":[{"damage_healed":0.0,"max_hp_gain":0.0,"max_hp_loss":7.0,"gold_gain":0.0,"event_name":"Golden Idol","player_choice":"Lose Max HP","floor":2.0,"gold_loss":0.0,"damage_taken":0.0,"relics_obtained":["Golden Idol"]},{"damage_healed":0.0,"max_hp_gain":0.0,"max_hp_loss":0.0,"gold_gain":50.0,"event_name":"Golden Shrine","player_choice":"Pray","floor":10.0,"gold_loss":0.0,"damage_taken":0.0},{"damage_healed":0.0,"max_hp_gain":0.0,"max_hp_loss":0.0,"gold_gain":50.0,"event_name":"Nest","player_choice":"Stole From Cult","floor":19.0,"gold_loss":0.0,"damage_taken":0.0},{"damage_healed":0.0,"max_hp_gain":0.0,"max_hp_loss":0.0,"gold_gain":0.0,"event_name":"Back to Basics","player_choice":"Simplicity","floor":20.0,"gold_loss":0.0,"damage_taken":0.0,"cards_upgraded":["Strike_B","Strike_B","Strike_B","Strike_B","Defend_B","Defend_B","Defend_B","Defend_B"]},{"damage_healed":0.0,"max_hp_gain":0.0,"max_hp_loss":0.0,"gold_gain":0.0,"event_name":"Cursed Tome","player_choice":"Obtained Book","floor":31.0,"gold_loss":0.0,"damage_taken":21.0}],"is_beta":true,"boss_relics":[{"not_picked":["Runic Pyramid","Tiny House"],"picked":"Nuclear Battery"}],"items_purged_floors":[21],"is_endless":false,"potions_floor_spawned":[1,4,7,11,14,30],"killed_by":"Champ","ascension_level":20}