{"gold_per_floor":[117,42,42,53,70,70,81,94,119,135,67,67,67,84,84,185,185,199,24,24,39,58,58,58,58,139,157,189,189,207,220,220,324,324,339,739,757,770,333,333,350,350,374,406,406,406,422,438,438,438,438,438,49,79,79],"floor_reached":55,"playtime":10801,"items_purged":["Shame","Strike_R","Strike_R","Writhe"],"score":738,"play_id":"be4de73f-8f5d-4b5d-9ba2-999adb457449","local_time":"20190820235101","is_ascension_mode":false,"campfire_choices":[{"data":"Demon Form","floor":6.0,"key":"SMITH"},{"data":"Seeing Red","floor":12.0,"key":"SMITH"},{"data":"Sword Boomerang","floor":15.0,"key":"SMITH"},{"data":"Heavy Blade","floor":23.0,"key":"SMITH"},{"data":"Hemokinesis","floor":25.0,"key":"SMITH"},{"data":"Rupture","floor":29.0,"key":"SMITH"},{"data":"Rupture","floor":32.0,"key":"SMITH"},{"data":"Spot Weakness","floor":40.0,"key":"SMITH"},{"data":"Shrug It Off","floor":42.0,"key":"SMITH"},{"floor":49.0,"key":"RECALL"},{"data":"Bash","floor":52.0,"key":"SMITH"}],"neow_cost":"CURSE","seed_source_timestamp":0,"circlet_count":0,"master_deck":["Defend_R","Defend_R+1","Defend_R","Defend_R","Bash+1","Hemokinesis+1","Demon Form+1","Ghostly Armor+1","Sword Boomerang+1","Heavy Blade+1","Spot Weakness+1","Shrug It Off+1","Seeing Red+1","Rupture+1","Thunderclap","Immolate","Rupture+1","Shrug It Off+1","Ghostly Armor+1","Intimidate+1","Flex+1","Battle Trance+1","Flex+1","Shrug It Off+1"],"special_seed":0,"relics":["Burning Blood","War Paint","Busted Crown","Toxic Egg 2","Dream Catcher","Coffee Dripper","Old Coin","Lee\u0027s Waffle","Strawberry","Happy Flower","Unceasing Top"],"potions_floor_usage":[],"damage_taken":[{"damage":5.0,"enemies":"2 Louse","floor":1.0,"turns":4.0},{"damage":3.0,"enemies":"Small Slimes","floor":4.0,"turns":4.0},{"damage":1.0,"enemies":"Jaw Worm","floor":5.0,"turns":5.0},{"damage":10.0,"enemies":"Looter","floor":7.0,"turns":3.0},{"damage":15.0,"enemies":"Large Slime","floor":8.0,"turns":7.0},{"damage":0.0,"enemies":"Blue Slaver","floor":10.0,"turns":6.0},{"damage":10.0,"enemies":"2 Fungi Beasts","floor":14.0,"turns":4.0},{"damage":49.0,"enemies":"Hexaghost","floor":16.0,"turns":8.0},{"damage":22.0,"enemies":"Spheric Guardian","floor":18.0,"turns":4.0},{"damage":3.0,"enemies":"3 Byrds","floor":21.0,"turns":4.0},{"damage":16.0,"enemies":"3 Cultists","floor":22.0,"turns":4.0},{"damage":3.0,"enemies":"Snake Plant","floor":27.0,"turns":4.0},{"damage":35.0,"enemies":"Gremlin Leader","floor":28.0,"turns":5.0},{"damage":6.0,"enemies":"Centurion and Healer","floor":30.0,"turns":5.0},{"damage":6.0,"enemies":"3 Cultists","floor":31.0,"turns":5.0},{"damage":14.0,"enemies":"Automaton","floor":33.0,"turns":6.0},{"damage":10.0,"enemies":"3 Darklings","floor":35.0,"turns":4.0},{"damage":36.0,"enemies":"Mind Bloom Boss Battle","floor":36.0,"turns":7.0},{"damage":5.0,"enemies":"3 Shapes","floor":37.0,"turns":6.0},{"damage":8.0,"enemies":"Spire Growth","floor":38.0,"turns":3.0},{"damage":7.0,"enemies":"Maw","floor":41.0,"turns":6.0},{"damage":45.0,"enemies":"Reptomancer","floor":44.0,"turns":5.0},{"damage":2.0,"enemies":"3 Darklings","floor":47.0,"turns":8.0},{"damage":16.0,"enemies":"Transient","floor":48.0,"turns":5.0},{"damage":73.0,"enemies":"Awakened One","floor":50.0,"turns":14.0},{"damage":79.0,"enemies":"Shield and Spear","floor":54.0,"turns":5.0},{"damage":27,"enemies":"The Heart","floor":55,"turns":2}],"seed_played":"-4099090167242590811","potions_obtained":[{"floor":4.0,"key":"Energy Potion"},{"floor":8.0,"key":"Fruit Juice"},{"floor":10.0,"key":"FearPotion"},{"floor":16.0,"key":"SkillPotion"},{"floor":22.0,"key":"Block Potion"},{"floor":28.0,"key":"Regen Potion"},{"floor":33.0,"key":"Dexterity Potion"},{"floor":37.0,"key":"PowerPotion"},{"floor":38.0,"key":"Explosive Potion"},{"floor":41.0,"key":"Fire Potion"},{"floor":44.0,"key":"Fire Potion"},{"floor":47.0,"key":"FearPotion"}],"is_trial":false,"path_per_floor":["M","$","?","M","M","R","M","M","T","M","$","R","$","M","R","B",null,"M","$","?","M","M","R","?","R","T","M","E","R","M","M","R","B",null,"M","?","M","M","$","R","M","R","T","E","?","?","M","M","R","B",null,"R","$","E","B"],"character_chosen":"IRONCLAD","items_purchased":["Rupture","Rupture","Lee\u0027s Waffle","Intimidate+1","Flex+1","Happy Flower","Flex+1","Shrug It Off+1"],"campfire_rested":0,"item_purchase_floors":[11,19,39,39,39,53,53,53],"current_hp_per_floor":[80,80,73,76,80,80,76,72,72,78,78,78,78,74,74,31,85,69,69,69,72,62,62,85,85,85,85,56,56,56,70,70,62,85,81,51,52,50,92,92,91,91,91,59,84,84,88,78,78,11,99,99,99,26,0],"gold":79,"neow_bonus":"TRANSFORM_TWO_CARDS","is_prod":false,"is_daily":false,"chose_seed":false,"campfire_upgraded":10,"win_rate":0,"timestamp":1566337861,"path_taken":["M","$","?","M","M","R","M","M","T","M","$","R","$","M","R","BOSS","M","$","?","M","M","R","?","R","T","M","E","R","M","M","R","BOSS","M","?","M","M","$","R","M","R","T","E","?","?","M","?","R","BOSS","R","$","E","BOSS"],"build_version":"2019-01-23","purchased_purges":4,"victory":false,"max_hp_per_floor":[80,80,80,80,80,80,80,85,85,85,85,85,85,85,85,85,85,85,85,85,85,85,85,85,85,85,85,85,85,85,85,85,85,85,85,85,85,85,92,92,92,92,92,99,99,99,99,99,99,99,99,99,99,99,99],"card_choices":[{"not_picked":["Perfected Strike","Corruption"],"picked":"Ghostly Armor","floor":1.0},{"not_picked":["Blood for Blood","Headbutt"],"picked":"Sword Boomerang","floor":4.0},{"not_picked":["Whirlwind","Clash"],"picked":"Heavy Blade","floor":5.0},{"not_picked":["Havoc","Heavy Blade"],"picked":"Spot Weakness","floor":7.0},{"not_picked":["Blood for Blood","Havoc"],"picked":"Shrug It Off","floor":8.0},{"not_picked":["Power Through","Clash"],"picked":"Seeing Red","floor":10.0},{"not_picked":["Twin Strike","Dark Embrace"],"picked":"Thunderclap","floor":14.0},{"not_picked":["Impervious","Berserk"],"picked":"Immolate","floor":16.0},{"not_picked":["Body Slam"],"picked":"SKIP","floor":18.0},{"not_picked":["Metallicize"],"picked":"SKIP","floor":21.0},{"not_picked":["Clash"],"picked":"SKIP","floor":22.0},{"not_picked":["Rampage"],"picked":"SKIP","floor":27.0},{"not_picked":["Hemokinesis"],"picked":"SKIP","floor":28.0},{"not_picked":[],"picked":"Shrug It Off+1","floor":30.0},{"not_picked":["Sever Soul"],"picked":"SKIP","floor":31.0},{"not_picked":["True Grit+1"],"picked":"SKIP","floor":35.0},{"not_picked":[],"picked":"Ghostly Armor+1","floor":37.0},{"not_picked":["Corruption"],"picked":"SKIP","floor":38.0},{"not_picked":["Uppercut+1"],"picked":"SKIP","floor":41.0},{"not_picked":["Pummel"],"picked":"SKIP","floor":44.0},{"not_picked":["True Grit+1"],"picked":"SKIP","floor":47.0},{"not_picked":["True Grit+1"],"picked":"SKIP","floor":47.0},{"not_picked":[],"picked":"Battle Trance+1","floor":48.0},{"not_picked":["Metallicize+1"],"picked":"SKIP","floor":54.0}],"player_experience":273447,"relics_obtained":[{"floor":9.0,"key":"War Paint"},{"floor":26.0,"key":"Toxic Egg 2"},{"floor":28.0,"key":"Dream Catcher"},{"floor":36.0,"key":"Old Coin"},{"floor":44.0,"key":"Strawberry"},{"floor":54.0,"key":"Unceasing Top"}],"event_choices":[{"cards_removed":["Strike_R"],"damage_healed":0.0,"max_hp_gain":0.0,"max_hp_loss":0.0,"gold_gain":0.0,"event_name":"Golden Wing","player_choice":"Card Removal","floor":3.0,"gold_loss":0.0,"damage_taken":7.0},{"damage_healed":0.0,"max_hp_gain":0.0,"max_hp_loss":0.0,"gold_gain":0.0,"event_name":"Ghosts","player_choice":"Ignored","floor":20.0,"gold_loss":0.0,"damage_taken":0.0},{"damage_healed":28.0,"max_hp_gain":0.0,"max_hp_loss":0.0,"gold_gain":0.0,"event_name":"The Library","player_choice":"Heal","floor":24.0,"gold_loss":0.0,"damage_taken":0.0},{"damage_healed":0.0,"max_hp_gain":0.0,"max_hp_loss":0.0,"gold_gain":0.0,"event_name":"MindBloom","player_choice":"Fight","floor":36.0,"gold_loss":0.0,"damage_taken":0.0},{"damage_healed":25.0,"max_hp_gain":0.0,"max_hp_loss":0.0,"gold_gain":0.0,"event_name":"Winding Halls","player_choice":"Writhe","floor":45.0,"gold_loss":0.0,"damage_taken":0.0,"cards_obtained":["Writhe"]},{"damage_healed":0.0,"max_hp_gain":0.0,"max_hp_loss":0.0,"gold_gain":0.0,"event_name":"Tomb of Lord Red Mask","player_choice":"Ignored","floor":46.0,"gold_loss":0.0,"damage_taken":0.0}],"is_beta":false,"boss_relics":[{"not_picked":["Lizard Tail","Runic Pyramid"],"picked":"Busted Crown"},{"not_picked":["Snecko Eye","Velvet Choker"],"picked":"Coffee Dripper"}],"items_purged_floors":[2,19,39,53],"is_endless":false,"potions_floor_spawned":[4,8,10,16,22,28,33,37,38,41,44,47],"killed_by":"The Heart","ascension_level":0}