{"gold_per_floor":[363,5,5,21,31,31,57,74,74,84,84,84,100,126,126,203,203,213,233,250,165,179,179,210,210,210,245,245,265,265,292,292,368,368,387,35,45,63,78,112,112,140,216,216,229,229,555,68,68,68,68,68,68,26,57,57],"floor_reached":56,"playtime":3036,"items_purged":["Strike_R","Strike_R"],"score":2164,"play_id":"b37aa6f9-fbe8-4523-9988-16a4ea03339d","local_time":"20190717155532","is_ascension_mode":true,"campfire_choices":[{"data":"Bash","floor":6.0,"key":"SMITH"},{"data":"Spot Weakness","floor":12.0,"key":"SMITH"},{"data":"Exhume","floor":15.0,"key":"SMITH"},{"data":"Limit Break","floor":23.0,"key":"SMITH"},{"data":"Heavy Blade","floor":25.0,"key":"SMITH"},{"data":"Inflame","floor":28.0,"key":"SMITH"},{"floor":32.0,"key":"RECALL"},{"data":"1","floor":44.0,"key":"LIFT"},{"data":"2","floor":46.0,"key":"LIFT"},{"data":"3","floor":49.0,"key":"LIFT"},{"data":"Feel No Pain","floor":53.0,"key":"SMITH"}],"neow_cost":"TEN_PERCENT_HP_LOSS","seed_source_timestamp":84269619677926,"circlet_count":0,"master_deck":["AscendersBane","Strike_R","Defend_R","Defend_R","Defend_R","Defend_R+1","Bash+1","Spot Weakness+1","Exhume+1","Headbutt","Inflame+1","Battle Trance+1","Shrug It Off","Impervious","Shrug It Off","Battle Trance","Limit Break+1","Battle Trance+1","Heavy Blade+1","Inflame+1","Shrug It Off+1","Reaper","Metallicize","Uppercut+1","Fiend Fire+1","Shrug It Off+1","Parasite","Heavy Blade+1","Sword Boomerang+1","Impervious","Feel No Pain+1"],"special_seed":0,"relics":["Burning Blood","Mercury Hourglass","PreservedInsect","War Paint","Dodecahedron","Velvet Choker","Blue Candle","The Courier","Pear","Orichalcum","Molten Egg 2","Snecko Eye","Girya","Lantern","Bag of Marbles","Old Coin","Medical Kit","Potion Belt","Shuriken"],"potions_floor_usage":[56],"damage_taken":[{"damage":14.0,"enemies":"Jaw Worm","floor":1.0,"turns":5.0},{"damage":2.0,"enemies":"Cultist","floor":4.0,"turns":4.0},{"damage":10.0,"enemies":"Small Slimes","floor":5.0,"turns":3.0},{"damage":25.0,"enemies":"3 Sentries","floor":7.0,"turns":7.0},{"damage":4.0,"enemies":"3 Louse","floor":8.0,"turns":3.0},{"damage":0.0,"enemies":"2 Fungi Beasts","floor":10.0,"turns":3.0},{"damage":3.0,"enemies":"Blue Slaver","floor":13.0,"turns":5.0},{"damage":8.0,"enemies":"Gremlin Nob","floor":14.0,"turns":4.0},{"damage":15.0,"enemies":"The Guardian","floor":16.0,"turns":10.0},{"damage":0.0,"enemies":"Spheric Guardian","floor":18.0,"turns":6.0},{"damage":10.0,"enemies":"Chosen","floor":19.0,"turns":5.0},{"damage":4.0,"enemies":"3 Cultists","floor":20.0,"turns":6.0},{"damage":2.0,"enemies":"Centurion and Healer","floor":22.0,"turns":4.0},{"damage":8.0,"enemies":"Gremlin Leader","floor":24.0,"turns":7.0},{"damage":16.0,"enemies":"Book of Stabbing","floor":27.0,"turns":4.0},{"damage":0.0,"enemies":"Snecko","floor":29.0,"turns":3.0},{"damage":15.0,"enemies":"Slavers","floor":31.0,"turns":4.0},{"damage":13.0,"enemies":"Automaton","floor":33.0,"turns":6.0},{"damage":0.0,"enemies":"3 Shapes","floor":35.0,"turns":4.0},{"damage":0.0,"enemies":"Orb Walker","floor":37.0,"turns":2.0},{"damage":1.0,"enemies":"Writhing Mass","floor":38.0,"turns":3.0},{"damage":19.0,"enemies":"Transient","floor":39.0,"turns":6.0},{"damage":0.0,"enemies":"Reptomancer","floor":40.0,"turns":3.0},{"damage":0.0,"enemies":"Nemesis","floor":42.0,"turns":3.0},{"damage":0.0,"enemies":"Maw","floor":45.0,"turns":4.0},{"damage":7.0,"enemies":"Giant Head","floor":47.0,"turns":3.0},{"damage":55.0,"enemies":"Donu and Deca","floor":50.0,"turns":10.0},{"damage":59.0,"enemies":"Awakened One","floor":51.0,"turns":8.0},{"damage":51.0,"enemies":"Shield and Spear","floor":55.0,"turns":9.0},{"damage":84,"enemies":"The Heart","floor":56,"turns":3}],"seed_played":"-6417082726543520765","potions_obtained":[{"floor":1.0,"key":"GamblersBrew"},{"floor":7.0,"key":"LiquidBronze"},{"floor":10.0,"key":"Swift Potion"},{"floor":24.0,"key":"Energy Potion"},{"floor":31.0,"key":"GamblersBrew"},{"floor":45.0,"key":"SteroidPotion"}],"is_trial":false,"path_per_floor":["M","$","?","M","M","R","E","M","T","M","?","R","M","E","R","B",null,"M","M","M","?","M","R","E","R","T","E","R","M","?","E","R","B",null,"M","$","M","M","M","E","?","E","T","R","M","R","E","$","R","B","B",null,"R","$","E","B"],"character_chosen":"IRONCLAD","items_purchased":["Mercury Hourglass","Girya","Medical Kit","Potion Belt","Feel No Pain","SteroidPotion","GamblersBrew","Swift Potion"],"campfire_rested":0,"item_purchase_floors":[2,36,48,48,48,48,48,54],"current_hp_per_floor":[60,60,60,64,60,60,41,43,43,49,49,49,52,50,50,41,61,67,63,65,65,68,68,66,66,76,66,66,72,72,78,78,78,78,78,78,78,78,78,78,78,78,78,78,78,78,78,78,78,76,51,71,71,71,78,0],"gold":57,"neow_bonus":"TWO_FIFTY_GOLD","is_prod":false,"is_daily":false,"chose_seed":false,"campfire_upgraded":7,"win_rate":0,"timestamp":1563375332,"path_taken":["M","$","?","M","?","R","E","M","T","M","?","R","M","E","R","BOSS","M","M","M","?","M","R","E","R","T","E","R","M","?","E","R","BOSS","M","$","M","M","M","E","?","E","T","R","M","R","E","$","R","BOSS","BOSS","R","$","E","BOSS"],"build_version":"2019-07-10","purchased_purges":2,"victory":false,"max_hp_per_floor":[68,68,68,68,68,68,68,68,68,68,68,68,68,68,68,68,68,68,68,68,68,68,68,68,68,78,78,78,78,78,78,78,78,78,78,78,78,78,78,78,78,78,78,78,78,78,78,78,78,78,78,78,78,78,78,78],"card_choices":[{"not_picked":["Rupture","Whirlwind"],"picked":"Spot Weakness","floor":1.0},{"not_picked":["Anger","Twin Strike"],"picked":"Headbutt","floor":4.0},{"not_picked":["Reckless Charge","Pommel Strike"],"picked":"Inflame","floor":5.0},{"not_picked":["Burning Pact","Warcry"],"picked":"Battle Trance","floor":7.0},{"not_picked":["Bloodletting","Warcry"],"picked":"Shrug It Off","floor":8.0},{"not_picked":["Burning Pact","Armaments"],"picked":"Impervious","floor":10.0},{"not_picked":["Thunderclap","Havoc"],"picked":"Shrug It Off","floor":13.0},{"not_picked":["Havoc","Thunderclap"],"picked":"Battle Trance","floor":14.0},{"not_picked":["Exhume","Impervious"],"picked":"Limit Break","floor":16.0},{"not_picked":["Evolve","Flex"],"picked":"Battle Trance+1","floor":18.0},{"not_picked":["Hemokinesis+1","Rupture","Sentinel"],"picked":"SKIP","floor":19.0},{"not_picked":["Searing Blow","Warcry"],"picked":"Heavy Blade","floor":20.0},{"not_picked":["Searing Blow","Evolve","Headbutt"],"picked":"SKIP","floor":22.0},{"not_picked":["Warcry","Cleave"],"picked":"Inflame","floor":24.0},{"not_picked":["Pommel Strike","Cleave"],"picked":"Shrug It Off+1","floor":27.0},{"not_picked":["Searing Blow","Combust","Inflame"],"picked":"SKIP","floor":29.0},{"not_picked":["Reckless Charge","Fire Breathing"],"picked":"Uppercut+1","floor":31.0},{"not_picked":["Brutality","Berserk"],"picked":"Fiend Fire+1","floor":33.0},{"not_picked":["Pommel Strike+1","Dropkick+1"],"picked":"Shrug It Off+1","floor":35.0},{"not_picked":["Sever Soul+1","Uppercut+1","Body Slam+1"],"picked":"SKIP","floor":37.0},{"not_picked":["Entrench","Pommel Strike+1"],"picked":"Heavy Blade+1","floor":38.0},{"not_picked":["Warcry","Second Wind"],"picked":"Sword Boomerang+1","floor":39.0},{"not_picked":["Blood for Blood+1","Clash+1","Flex+1"],"picked":"SKIP","floor":40.0},{"not_picked":["Perfected Strike+1","Seeing Red","Rage+1"],"picked":"SKIP","floor":42.0},{"not_picked":["Clash+1","Anger+1","Havoc"],"picked":"SKIP","floor":45.0},{"not_picked":["Headbutt+1","Body Slam+1"],"picked":"Impervious","floor":47.0},{"not_picked":["Intimidate","Pommel Strike+1","Rage"],"picked":"SKIP","floor":55.0}],"player_experience":2207649,"relics_obtained":[{"floor":7.0,"key":"PreservedInsect"},{"floor":9.0,"key":"War Paint"},{"floor":14.0,"key":"Dodecahedron"},{"floor":24.0,"key":"The Courier"},{"floor":26.0,"key":"Pear"},{"floor":27.0,"key":"Orichalcum"},{"floor":31.0,"key":"Molten Egg 2"},{"floor":40.0,"key":"Lantern"},{"floor":42.0,"key":"Bag of Marbles"},{"floor":47.0,"key":"Old Coin"},{"floor":55.0,"key":"Shuriken"}],"event_choices":[{"damage_healed":0.0,"max_hp_gain":0.0,"max_hp_loss":0.0,"gold_gain":0.0,"event_name":"Match and Keep!","player_choice":"1 cards matched","floor":3.0,"gold_loss":0.0,"damage_taken":0.0,"cards_obtained":["Exhume"]},{"damage_healed":0.0,"max_hp_gain":0.0,"max_hp_loss":0.0,"gold_gain":0.0,"event_name":"Living Wall","player_choice":"Grow","floor":11.0,"gold_loss":0.0,"damage_taken":0.0,"cards_upgraded":["Inflame"]},{"damage_healed":0.0,"max_hp_gain":0.0,"max_hp_loss":0.0,"gold_gain":0.0,"event_name":"Addict","player_choice":"Obtained Relic","floor":21.0,"gold_loss":85.0,"damage_taken":0.0,"relics_obtained":["Blue Candle"]},{"damage_healed":0.0,"max_hp_gain":0.0,"max_hp_loss":0.0,"gold_gain":0.0,"cards_transformed":["Strike_R","Strike_R"],"event_name":"Drug Dealer","player_choice":"Became Test Subject","floor":30.0,"gold_loss":0.0,"damage_taken":0.0,"cards_obtained":["Reaper","Metallicize"]},{"damage_healed":0.0,"max_hp_gain":0.0,"max_hp_loss":0.0,"gold_gain":0.0,"event_name":"SensoryStone","player_choice":"Memory 1","floor":41.0,"gold_loss":0.0,"damage_taken":0.0}],"is_beta":true,"boss_relics":[{"not_picked":["Empty Cage","Fusion Hammer"],"picked":"Velvet Choker"},{"not_picked":["Black Blood","Runic Cube"],"picked":"Snecko Eye"}],"items_purged_floors":[2,36],"is_endless":false,"potions_floor_spawned":[1,7,10,14,16,18,24,31,35,38,40,45],"killed_by":"The Heart","ascension_level":20}