{"gold_per_floor":[118,193,1,1,17,49,65,85,142,155,155,155,169,184,184,282,282,296,311,311,311,336,336,138,172,227,227,246,246,279,279,279,377,377,389,403,403,403,403,403,415,430,430,430,187,219,219,231,231,231],"floor_reached":51,"playtime":1794,"items_purged":[],"score":932,"play_id":"e71aa663-f6fa-4698-b072-6d9b2dc9a98b","local_time":"20190702082757","is_ascension_mode":true,"campfire_choices":[{"data":"Blade Dance","floor":15,"key":"SMITH"},{"data":"Double Tap","floor":23,"key":"SMITH"},{"data":"Adrenaline","floor":27,"key":"SMITH"},{"data":"Mayhem","floor":29,"key":"SMITH"},{"floor":32,"key":"REST"},{"data":"Inflame","floor":40,"key":"SMITH"},{"data":"Shockwave","floor":44,"key":"SMITH"},{"data":"Reinforced Body","floor":49,"key":"SMITH"}],"neow_cost":"NONE","seed_source_timestamp":512484192082100,"circlet_count":0,"master_deck":["Strike_R+1","Strike_R","Strike_R","Strike_R","Defend_R","Defend_R","Defend_R","Defend_R","Bash+1","Iron Wave","Inflame+1","Blade Dance+1","Twin Strike+1","Reinforced Body+1","Battle Trance","Adrenaline+1","Cloak And Dagger+1","Double Tap+1","Mayhem+1","Die Die Die","Flex+1","FTL+1","Shockwave+1"],"relics":["Black Blood","Lantern","PrismaticShard","Pen Nib","Tiny Chest","Mark of Pain","Strawberry","Brimstone","Whetstone","Orichalcum","Pocketwatch","Pear","Pantograph","Mummified Hand","Bottled Tornado","Sundial","Question Card"],"potions_floor_usage":[33,50],"damage_taken":[{"damage":6,"enemies":"Jaw Worm","floor":1,"turns":5},{"damage":1,"enemies":"Cultist","floor":5,"turns":4},{"damage":36,"enemies":"Gremlin Nob","floor":6,"turns":5},{"damage":5,"enemies":"Small Slimes","floor":7,"turns":3},{"damage":5,"enemies":"2 Fungi Beasts","floor":8,"turns":3},{"damage":11,"enemies":"Blue Slaver","floor":10,"turns":4},{"damage":0,"enemies":"Exordium Wildlife","floor":13,"turns":2},{"damage":1,"enemies":"2 Fungi Beasts","floor":14,"turns":3},{"damage":37,"enemies":"Slime Boss","floor":16,"turns":9},{"damage":9,"enemies":"2 Thieves","floor":18,"turns":4},{"damage":0,"enemies":"Chosen","floor":19,"turns":3},{"damage":15,"enemies":"Gremlin Leader","floor":25,"turns":3},{"damage":7,"enemies":"Snake Plant","floor":28,"turns":2},{"damage":34,"enemies":"Slavers","floor":30,"turns":4},{"damage":25,"enemies":"Automaton","floor":33,"turns":6},{"damage":12,"enemies":"3 Shapes","floor":35,"turns":1},{"damage":30,"enemies":"3 Darklings","floor":36,"turns":3},{"damage":1,"enemies":"Maw","floor":41,"turns":4},{"damage":29,"enemies":"4 Shapes","floor":42,"turns":4},{"damage":6,"enemies":"Giant Head","floor":46,"turns":4},{"damage":0,"enemies":"3 Darklings","floor":48,"turns":2},{"damage":79,"enemies":"Awakened One","floor":50,"turns":7}],"seed_played":"8765940588669643208","potions_obtained":[{"floor":6,"key":"LiquidBronze"},{"floor":7,"key":"Energy Potion"},{"floor":13,"key":"Poison Potion"},{"floor":19,"key":"SmokeBomb"},{"floor":30,"key":"FearPotion"},{"floor":36,"key":"Swift Potion"}],"is_trial":false,"path_per_floor":["M","?","$","?","M","E","M","M","T","M","$","?","M","M","R","B",null,"M","M","?","?","T","R","$","E","T","R","M","R","E","?","R","B",null,"M","M","T","T","?","R","M","M","T","R","$","E","T","M","R","B",null],"character_chosen":"IRONCLAD","items_purchased":["PrismaticShard","Brimstone","Bottled Tornado"],"campfire_rested":1,"item_purchase_floors":[3,24,45],"current_hp_per_floor":[80,69,69,69,74,44,45,46,46,41,41,41,47,52,52,21,80,77,80,64,64,71,71,71,62,62,62,61,61,33,33,59,40,87,85,65,75,75,75,75,84,65,65,65,65,69,69,79,79,28],"gold":231,"neow_bonus":"RANDOM_COMMON_RELIC","is_prod":false,"is_daily":false,"chose_seed":false,"campfire_upgraded":7,"win_rate":0,"timestamp":1562023677,"path_taken":["M","?","$","?","?","E","M","?","T","M","?","?","?","M","R","BOSS","M","M","?","?","?","R","$","E","T","R","?","R","E","?","R","BOSS","M","?","?","?","?","R","M","M","T","R","$","E","?","M","R","BOSS"],"build_version":"2019-07-01","purchased_purges":0,"victory":true,"max_hp_per_floor":[80,80,80,80,80,80,80,80,80,80,80,80,80,80,80,80,80,80,80,80,80,87,87,87,87,87,87,87,87,87,87,87,87,87,87,87,97,97,97,97,97,97,97,97,97,97,97,97,97,97],"card_choices":[{"not_picked":["Twin Strike","Havoc"],"picked":"Iron Wave","floor":1},{"not_picked":["Dagger Throw","Acrobatics","Hologram"],"picked":"SKIP","floor":5},{"not_picked":["Dodge and Roll","Dual Wield"],"picked":"Inflame","floor":6},{"not_picked":["Dagger Throw","PiercingWail"],"picked":"Blade Dance","floor":7},{"not_picked":["Clash","Doppelganger","Fire Breathing"],"picked":"SKIP","floor":8},{"not_picked":["Tactician","Underhanded Strike"],"picked":"Twin Strike","floor":10},{"not_picked":["Stack","Chill"],"picked":"Reinforced Body","floor":13},{"not_picked":["Perfected Strike","Outmaneuver"],"picked":"Battle Trance","floor":14},{"not_picked":["Hyperbeam","Dark Embrace"],"picked":"Adrenaline","floor":16},{"not_picked":["Poisoned Stab+1","Twin Strike"],"picked":"Cloak And Dagger+1","floor":18},{"not_picked":["Capacitor+1","Slice"],"picked":"Double Tap","floor":19},{"not_picked":["Endless Agony+1","Cold Snap+1"],"picked":"Mayhem","floor":25},{"not_picked":["Sucker Punch","Ball Lightning","Bane"],"picked":"SKIP","floor":28},{"not_picked":["Poisoned Stab+1","Rebound","Acrobatics"],"picked":"SKIP","floor":30},{"not_picked":["Fission","Multi-Cast"],"picked":"Die Die Die","floor":33},{"not_picked":["Leap+1","Outmaneuver"],"picked":"Flex+1","floor":35},{"not_picked":["Auto Shields","Scrape+1"],"picked":"FTL+1","floor":36},{"not_picked":["Seeing Red+1","Rebound","Prepared"],"picked":"SKIP","floor":41},{"not_picked":["Turbo","Cleave"],"picked":"Shockwave","floor":42},{"not_picked":["Go for the Eyes","Sword Boomerang","True Grit+1"],"picked":"SKIP","floor":46},{"not_picked":["Fire Breathing+1","Perfected Strike+1","Wild Strike","Recycle+1"],"picked":"SKIP","floor":48}],"player_experience":99002,"relics_obtained":[{"floor":6,"key":"Pen Nib"},{"floor":9,"key":"Tiny Chest"},{"floor":22,"key":"Strawberry"},{"floor":25,"key":"Whetstone"},{"floor":26,"key":"Orichalcum"},{"floor":30,"key":"Pocketwatch"},{"floor":37,"key":"Pear"},{"floor":38,"key":"Pantograph"},{"floor":43,"key":"Mummified Hand"},{"floor":46,"key":"Sundial"},{"floor":47,"key":"Question Card"}],"event_choices":[{"damage_healed":0,"gold_gain":75,"player_choice":"Gather Gold","damage_taken":11,"max_hp_gain":0,"max_hp_loss":0,"event_name":"World of Goop","floor":2,"gold_loss":0},{"damage_healed":0,"gold_gain":0,"player_choice":"Forge","damage_taken":0,"max_hp_gain":0,"max_hp_loss":0,"event_name":"Accursed Blacksmith","floor":4,"gold_loss":0,"cards_upgraded":["Bash"]},{"cards_removed":["Strike_R"],"damage_healed":0,"gold_gain":0,"player_choice":"Offered Basic","damage_taken":0,"max_hp_gain":0,"max_hp_loss":0,"event_name":"Bonfire Elementals","floor":12,"gold_loss":0},{"damage_healed":0,"gold_gain":0,"player_choice":"Obtained Book","damage_taken":16,"max_hp_gain":0,"max_hp_loss":0,"event_name":"Cursed Tome","floor":20,"gold_loss":0},{"damage_healed":0,"gold_gain":0,"player_choice":"Ignored","damage_taken":0,"max_hp_gain":0,"max_hp_loss":0,"event_name":"Ghosts","floor":21,"gold_loss":0},{"damage_healed":0,"gold_gain":0,"player_choice":"0 cards matched","damage_taken":0,"max_hp_gain":0,"max_hp_loss":0,"event_name":"Match and Keep!","floor":31,"gold_loss":0,"cards_obtained":[]},{"damage_healed":0,"gold_gain":0,"player_choice":"Ignored","damage_taken":0,"max_hp_gain":0,"max_hp_loss":0,"event_name":"Tomb of Lord Red Mask","floor":39,"gold_loss":0}],"is_beta":false,"boss_relics":[{"not_picked":["Snecko Eye","Eternal Feather"],"picked":"Mark of Pain"},{"not_picked":["Fusion Hammer","Velvet Choker"],"picked":"Black Blood"}],"items_purged_floors":[],"is_endless":false,"potions_floor_spawned":[6,7,13,19,30,36,41],"ascension_level":2}