{"gold_per_floor":[359,359,378,32,45,45,80,80,134,54,85,102,102,117,117,188,188,199,210,224,124,143,169,182,182,250,285,285],"floor_reached":28,"playtime":888,"items_purged":["Strike_B","Strike_B"],"score":640,"play_id":"7b65bce1-c073-45f8-a17b-b382c69847e9","local_time":"20190813193246","is_ascension_mode":true,"campfire_choices":[{"data":"Defragment","floor":6.0,"key":"SMITH"},{"data":"Zap","floor":8.0,"key":"SMITH"},{"floor":13,"key":"REST"},{"floor":15,"key":"REST"},{"floor":25,"key":"REST"}],"neow_cost":"TEN_PERCENT_HP_LOSS","seed_source_timestamp":397446999792800,"circlet_count":0,"master_deck":["AscendersBane","Strike_B","Strike_B","Defend_B","Defend_B","Defend_B","Defend_B","Zap+1","Dualcast","Defragment+1","Ball Lightning+1","Beam Cell+1","Static Discharge","Electrodynamics","Compile Driver+1","Compile Driver+1","Thunder Strike+1","Glacier","Leap","Genetic Algorithm","Doom and Gloom+1","Cold Snap+1","Coolheaded"],"special_seed":0,"relics":["Cracked Core","FaceOfCleric","Molten Egg 2","Orichalcum","Anchor","Centennial Puzzle","Velvet Choker","Shovel","Ornamental Fan","Smiling Mask"],"potions_floor_usage":[12,18,19,27,28],"damage_taken":[{"damage":5.0,"enemies":"2 Louse","floor":1.0,"turns":2.0},{"damage":1.0,"enemies":"Cultist","floor":3.0,"turns":3.0},{"damage":7.0,"enemies":"Jaw Worm","floor":5.0,"turns":3.0},{"damage":30.0,"enemies":"3 Sentries","floor":7.0,"turns":6.0},{"damage":18.0,"enemies":"Lagavulin","floor":11.0,"turns":6.0},{"damage":3,"enemies":"Blue Slaver","floor":12,"turns":2},{"damage":0,"enemies":"3 Louse","floor":14,"turns":2},{"damage":0,"enemies":"Slime Boss","floor":16,"turns":5},{"damage":6,"enemies":"Shell Parasite","floor":18,"turns":3},{"damage":1,"enemies":"3 Byrds","floor":19,"turns":3},{"damage":3,"enemies":"3 Cultists","floor":20,"turns":3},{"damage":13,"enemies":"Shelled Parasite and Fungi","floor":22,"turns":4},{"damage":23,"enemies":"Slavers","floor":23,"turns":3},{"damage":21,"enemies":"Sentry and Sphere","floor":24,"turns":4},{"damage":23,"enemies":"Book of Stabbing","floor":27,"turns":5},{"damage":12,"enemies":"Colosseum Slavers","floor":28,"turns":1}],"seed_played":"2471154013126011361","potions_obtained":[{"floor":7.0,"key":"Weak Potion"},{"floor":11.0,"key":"Energy Potion"},{"floor":12,"key":"SkillPotion"},{"floor":16,"key":"Block Potion"},{"floor":20,"key":"FearPotion"},{"floor":22,"key":"SpeedPotion"},{"floor":23,"key":"PowerPotion"}],"is_trial":false,"path_per_floor":["M","?","M","$","M","R","E","R","T","$","E","M","R","M","R","B",null,"M","M","M","$","M","E","M","R","T","E","?"],"character_chosen":"DEFECT","items_purchased":["Molten Egg 2","Static Discharge"],"campfire_rested":3,"item_purchase_floors":[4,10],"current_hp_per_floor":[59,59,59,59,53,53,24,24,24,24,7,5,25,26,47,48,65,60,60,58,58,46,24,4,27,27,5,0],"gold":285,"neow_bonus":"TWO_FIFTY_GOLD","is_prod":false,"is_daily":false,"chose_seed":false,"campfire_upgraded":2,"win_rate":0,"timestamp":1565721166,"path_taken":["M","?","M","$","M","R","E","R","T","?","E","M","R","?","R","BOSS","M","M","M","$","M","E","M","R","T","E","?"],"build_version":"2019-07-18","purchased_purges":2,"victory":false,"max_hp_per_floor":[64,64,65,65,66,66,67,67,67,67,68,69,69,70,70,71,71,72,73,74,74,75,76,77,77,77,78,78],"card_choices":[{"not_picked":["Ball Lightning","Conserve Battery"],"picked":"Defragment","floor":1.0},{"not_picked":["Turbo","Blizzard","Rebound"],"picked":"SKIP","floor":3.0},{"not_picked":["Streamline+1","Self Repair"],"picked":"Ball Lightning+1","floor":5.0},{"not_picked":["Force Field","Recycle"],"picked":"Beam Cell+1","floor":7.0},{"not_picked":["Consume","Streamline+1"],"picked":"Electrodynamics","floor":11.0},{"not_picked":["Storm","Go for the Eyes+1"],"picked":"Compile Driver+1","floor":12},{"not_picked":["Force Field","Beam Cell+1"],"picked":"Compile Driver+1","floor":14},{"not_picked":["Amplify","Creative AI"],"picked":"Thunder Strike+1","floor":16},{"not_picked":["Chaos","Streamline+1","Gash+1"],"picked":"SKIP","floor":18},{"not_picked":["Fusion+1","Sweeping Beam+1"],"picked":"Glacier","floor":19},{"not_picked":["Redo","Streamline+1"],"picked":"Leap","floor":20},{"not_picked":["Stack","Auto Shields"],"picked":"Genetic Algorithm","floor":22},{"not_picked":["Rip and Tear+1","Double Energy+1"],"picked":"Doom and Gloom+1","floor":23},{"not_picked":["Turbo+1","Fission"],"picked":"Cold Snap+1","floor":24},{"not_picked":["Redo","Fusion"],"picked":"Coolheaded","floor":27}],"player_experience":2313652,"relics_obtained":[{"floor":7.0,"key":"Orichalcum"},{"floor":9.0,"key":"Anchor"},{"floor":11.0,"key":"Centennial Puzzle"},{"floor":23,"key":"Shovel"},{"floor":26,"key":"Ornamental Fan"},{"floor":27,"key":"Smiling Mask"}],"event_choices":[{"damage_healed":0.0,"max_hp_gain":0.0,"max_hp_loss":0.0,"gold_gain":0.0,"event_name":"FaceTrader","player_choice":"Trade","floor":2.0,"gold_loss":0.0,"damage_taken":0.0,"relics_obtained":["FaceOfCleric"]},{"damage_healed":0,"gold_gain":0,"player_choice":"Fight","damage_taken":0,"max_hp_gain":0,"max_hp_loss":0,"event_name":"Colosseum","floor":28,"gold_loss":0}],"is_beta":true,"boss_relics":[{"not_picked":["Philosopher\u0027s Stone","Nuclear Battery"],"picked":"Velvet Choker"}],"items_purged_floors":[4,21],"is_endless":false,"potions_floor_spawned":[7,11,12,16,20,22,23],"killed_by":"Colosseum Slavers","ascension_level":20}