{"gold_per_floor":[110,122,122,122,138,138,5,37,37,72,22,37,37,52,52,126,126,141,7,7,21,21,55,55,55,55,55,71,71,101,51,51,130,130,145,66,66,78,98,130,144,177,226,254,254,254,254,270,270,270,270,270,270,5,37,37],"floor_reached":57,"playtime":2983,"items_purged":["Strike_G","Strike_G","Strike_G","Choke","Doppelganger","Clumsy"],"score":3022,"play_id":"ff980da9-3130-4e03-8a6d-df1baee27a36","local_time":"20190308143722","is_ascension_mode":true,"campfire_choices":[{"data":"Corpse Explosion","floor":6.0,"key":"SMITH"},{"floor":13.0,"key":"REST"},{"data":"Neutralize","floor":15.0,"key":"SMITH"},{"floor":24.0,"key":"REST"},{"floor":27.0,"key":"REST"},{"floor":29.0,"key":"REST"},{"data":"Catalyst","floor":32.0,"key":"SMITH"},{"floor":45,"key":"RECALL"},{"data":"Noxious Fumes","floor":47,"key":"SMITH"},{"data":"Footwork","floor":49,"key":"SMITH"},{"data":"Footwork","floor":53,"key":"SMITH"}],"neow_cost":"NONE","seed_source_timestamp":0,"circlet_count":0,"master_deck":["AscendersBane","Defend_G","Defend_G","Defend_G","Defend_G","Survivor","Neutralize+1","Dagger Spray","Quick Slash","Corpse Explosion+1","Noxious Fumes+1","Footwork+1","Footwork+1","PiercingWail","Catalyst+1","Concentrate+1","Backflip","Footwork","Footwork","Crippling Poison","Leg Sweep","Backflip","Dodge and Roll+1","Dodge and Roll","Leg Sweep"],"special_seed":0,"relics":["Ring of the Snake","Mercury Hourglass","Smiling Mask","Pear","Paper Crane","Bottled Flame","Cursed Key","Strawberry","Oddly Smooth Stone","Runic Pyramid","Nunchaku","Gremlin Horn","Molten Egg 2","Snake Skull","Bag of Preparation"],"potions_floor_usage":[55,56],"damage_taken":[{"damage":0.0,"enemies":"Small Slimes","floor":1.0,"turns":5.0},{"damage":1.0,"enemies":"Cultist","floor":2.0,"turns":4.0},{"damage":0.0,"enemies":"2 Louse","floor":5.0,"turns":2.0},{"damage":22.0,"enemies":"Gremlin Nob","floor":8.0,"turns":4.0},{"damage":15.0,"enemies":"Lagavulin","floor":10.0,"turns":6.0},{"damage":6.0,"enemies":"Large Slime","floor":12.0,"turns":5.0},{"damage":0.0,"enemies":"3 Louse","floor":14.0,"turns":3.0},{"damage":5.0,"enemies":"Hexaghost","floor":16.0,"turns":9.0},{"damage":19.0,"enemies":"Spheric Guardian","floor":18.0,"turns":6.0},{"damage":8.0,"enemies":"Shell Parasite","floor":21.0,"turns":6.0},{"damage":56.0,"enemies":"Book of Stabbing","floor":23.0,"turns":7.0},{"damage":0.0,"enemies":"3 Cultists","floor":28.0,"turns":3.0},{"damage":10.0,"enemies":"Gremlin Leader","floor":30.0,"turns":6.0},{"damage":0.0,"enemies":"Automaton","floor":33.0,"turns":9.0},{"damage":1.0,"enemies":"Orb Walker","floor":35.0,"turns":3.0},{"damage":0.0,"enemies":"3 Shapes","floor":38.0,"turns":4.0},{"damage":4.0,"enemies":"Sphere and 2 Shapes","floor":39.0,"turns":5.0},{"damage":12,"enemies":"Reptomancer","floor":40,"turns":8},{"damage":6,"enemies":"Writhing Mass","floor":41,"turns":6},{"damage":9,"enemies":"Nemesis","floor":42,"turns":9},{"damage":3,"enemies":"Giant Head","floor":44,"turns":11},{"damage":0,"enemies":"Maw","floor":48,"turns":8},{"damage":24,"enemies":"Donu and Deca","floor":50,"turns":10},{"damage":0,"enemies":"Time Eater","floor":51,"turns":16},{"damage":15,"enemies":"Shield and Spear","floor":55,"turns":9},{"damage":16,"enemies":"The Heart","floor":56,"turns":12}],"seed_played":"-8301657298581644148","potions_obtained":[{"floor":1.0,"key":"SneckoOil"},{"floor":8.0,"key":"SteroidPotion"},{"floor":12.0,"key":"Explosive Potion"},{"floor":16.0,"key":"Regen Potion"},{"floor":23.0,"key":"LiquidBronze"},{"floor":33.0,"key":"GamblersBrew"},{"floor":40,"key":"Swift Potion"}],"is_trial":false,"path_per_floor":["M","M","?","?","M","R","$","E","T","E","$","M","R","M","R","B",null,"M","$","?","M","?","E","R","?","T","R","M","R","E","$","R","B",null,"M","$","?","M","M","E","M","E","T","E","R","?","R","M","R","B","B",null,"R","$","E","B",null],"character_chosen":"THE_SILENT","items_purchased":["Noxious Fumes","Footwork","Backflip","Snake Skull","Dodge and Roll"],"campfire_rested":4,"item_purchase_floors":[7,19,36,54,54],"current_hp_per_floor":[65,64,46,46,46,46,46,34,34,19,19,13,37,37,37,32,70,51,51,51,58,58,9,35,9,9,37,37,65,55,55,55,55,84,83,83,83,83,79,67,61,52,52,49,49,104,104,104,104,80,80,98,98,98,83,67],"gold":37,"neow_bonus":"TEN_PERCENT_HP_BONUS","is_prod":false,"is_daily":false,"chose_seed":false,"campfire_upgraded":6,"win_rate":0,"timestamp":1552055842,"path_taken":["M","M","?","?","?","R","?","E","T","E","$","M","R","M","R","BOSS","M","$","?","M","?","E","R","?","T","R","M","R","E","?","R","BOSS","M","$","?","?","M","E","?","E","T","E","R","?","R","?","R","BOSS","BOSS","R","$","E","BOSS"],"build_version":"2019-02-06","purchased_purges":6,"victory":true,"max_hp_per_floor":[72,72,72,72,72,72,72,82,82,82,82,82,82,82,82,82,82,82,82,82,82,82,89,89,94,94,94,94,94,94,94,94,94,94,94,94,94,94,94,94,94,94,94,94,94,104,104,104,104,104,104,104,104,104,104,104],"card_choices":[{"not_picked":["Backflip","Prepared"],"picked":"Dagger Spray","floor":1.0},{"not_picked":["All Out Attack","Terror"],"picked":"Quick Slash","floor":2.0},{"not_picked":["Deflect","Calculated Gamble"],"picked":"Corpse Explosion","floor":5.0},{"not_picked":["Flying Knee","Bane","Concentrate"],"picked":"SKIP","floor":8.0},{"not_picked":["Dodge and Roll","Bane"],"picked":"Footwork","floor":10.0},{"not_picked":["Cloak And Dagger","Slice","Outmaneuver"],"picked":"SKIP","floor":12.0},{"not_picked":["Flechettes","Endless Agony","Eviscerate"],"picked":"SKIP","floor":14.0},{"not_picked":["Tools of the Trade","A Thousand Cuts"],"picked":"Die Die Die","floor":16.0},{"not_picked":["Dagger Spray","Distraction","Choke"],"picked":"SKIP","floor":18.0},{"not_picked":["Acrobatics","All Out Attack","Dagger Throw"],"picked":"SKIP","floor":21.0},{"not_picked":["Masterful Stab","Setup"],"picked":"PiercingWail","floor":23.0},{"not_picked":["Expertise","Acrobatics","Dagger Throw"],"picked":"SKIP","floor":28.0},{"not_picked":["Choke","Bane"],"picked":"Catalyst","floor":30.0},{"not_picked":["Footwork+1","Expertise+1"],"picked":"Concentrate+1","floor":35.0},{"not_picked":["Outmaneuver+1","Infinite Blades"],"picked":"Footwork","floor":38.0},{"not_picked":["Finisher","Well Laid Plans"],"picked":"Footwork","floor":39.0},{"not_picked":["Acrobatics","Dagger Throw"],"picked":"Crippling Poison","floor":40},{"not_picked":["Skewer","Flying Knee","Setup"],"picked":"SKIP","floor":41},{"not_picked":["Caltrops+1","Flying Knee+1"],"picked":"Leg Sweep","floor":42},{"not_picked":["Prepared","Flying Knee+1"],"picked":"Backflip","floor":44},{"not_picked":["Concentrate","Backflip"],"picked":"Dodge and Roll+1","floor":48},{"not_picked":["Tactician","Sucker Punch+1"],"picked":"Leg Sweep","floor":55}],"player_experience":1890555,"relics_obtained":[{"floor":8.0,"key":"Pear"},{"floor":9.0,"key":"Paper Crane"},{"floor":10.0,"key":"Bottled Flame"},{"floor":23.0,"key":"Strawberry"},{"floor":30.0,"key":"Oddly Smooth Stone"},{"floor":40,"key":"Nunchaku"},{"floor":42,"key":"Gremlin Horn"},{"floor":44,"key":"Molten Egg 2"},{"floor":55,"key":"Bag of Preparation"}],"event_choices":[{"damage_healed":0.0,"max_hp_gain":0.0,"max_hp_loss":0.0,"gold_gain":0.0,"event_name":"Scrap Ooze","player_choice":"Success","floor":3.0,"gold_loss":0.0,"damage_taken":18.0,"relics_obtained":["Mercury Hourglass"]},{"damage_healed":0.0,"max_hp_gain":0.0,"max_hp_loss":0.0,"gold_gain":0.0,"event_name":"WeMeetAgain","player_choice":"Gave Potion","floor":4.0,"gold_loss":0.0,"damage_taken":0.0,"relics_obtained":["Smiling Mask"]},{"damage_healed":0.0,"max_hp_gain":0.0,"max_hp_loss":0.0,"gold_gain":0.0,"cards_transformed":["Strike_G","Strike_G"],"event_name":"Drug Dealer","player_choice":"Became Test Subject","floor":20.0,"gold_loss":0.0,"damage_taken":0.0,"cards_obtained":["Choke","Doppelganger"]},{"damage_healed":0.0,"max_hp_gain":0.0,"max_hp_loss":0.0,"gold_gain":0.0,"event_name":"The Mausoleum","player_choice":"Ignored","floor":22.0,"gold_loss":0.0,"damage_taken":0.0},{"damage_healed":0.0,"max_hp_gain":5.0,"max_hp_loss":0.0,"gold_gain":0.0,"event_name":"Forgotten Altar","player_choice":"Shed Blood","floor":25.0,"gold_loss":0.0,"damage_taken":31.0},{"cards_removed":["Defend_G"],"damage_healed":0.0,"max_hp_gain":0.0,"max_hp_loss":0.0,"gold_gain":0.0,"event_name":"Purifier","player_choice":"Purged","floor":37.0,"gold_loss":0.0,"damage_taken":0.0},{"cards_removed":["Die Die Die"],"damage_healed":45,"gold_gain":0,"player_choice":"Offered Rare","damage_taken":0,"max_hp_gain":10,"max_hp_loss":0,"event_name":"Bonfire Elementals","floor":46,"gold_loss":0}],"is_beta":true,"boss_relics":[{"not_picked":["Coffee Dripper","Busted Crown"],"picked":"Cursed Key"},{"not_picked":["Pandora\u0027s Box","Eternal Feather"],"picked":"Runic Pyramid"}],"items_purged_floors":[7,11,19,31,36,54],"is_endless":false,"potions_floor_spawned":[1,8,12,16,23,33,40,48],"ascension_level":20}