{"gold_per_floor":[112,128,142,142,142,142,173,173,173,188,198,218,39,65,65,136,186,206,224,224,224,224,224,243,53,353,367,381,11,11,31,31,103,103,119,119,119,119,137,137,185,212,264,27,41,51,51,66,66,66],"floor_reached":50,"playtime":2835,"items_purged":["Perfected Strike","Writhe","Strike_R"],"score":1056,"play_id":"5473aab2-4f31-4a34-8a0b-5d86e0f7e0b1","local_time":"20180820230026","is_ascension_mode":true,"campfire_choices":[{"data":"Anger","floor":6.0,"key":"SMITH"},{"data":"Perfected Strike","floor":8.0,"key":"SMITH"},{"floor":15.0,"key":"REST"},{"data":"True Grit","floor":23.0,"key":"SMITH"},{"data":"Armaments","floor":30,"key":"SMITH"},{"data":"Limit Break","floor":32,"key":"SMITH"},{"floor":40,"key":"REST"},{"floor":47,"key":"REST"},{"floor":49,"key":"REST"}],"neow_cost":"PERCENT_DAMAGE","seed_source_timestamp":0,"circlet_count":0,"master_deck":["Strike_R","Strike_R","Strike_R","Defend_R","Defend_R","Defend_R","Defend_R","Bash+1","AscendersBane","Perfected Strike+1","Anger+1","Armaments+1","Shrug It Off","Rampage+1","Limit Break+1","True Grit+1","Disarm","Battle Trance","Clothesline","Ghostly Armor","Metallicize","Offering","Iron Wave","Immolate","Power Through","Spot Weakness","True Grit","Disarm+1","Ghostly Armor","Shockwave"],"special_seed":0,"relics":["Burning Blood","Gambling Chip","Gremlin Horn","Darkstone Periapt","Tiny House","Dream Catcher","Mercury Hourglass","Old Coin","Lee\u0027s Waffle","Runic Dome","Charon\u0027s Ashes","Shuriken","Bronze Scales","Paper Frog","Lantern"],"potions_floor_usage":[28,33,42,45,48,49,50],"damage_taken":[{"damage":1.0,"enemies":"Small Slimes","floor":1.0,"turns":4.0},{"damage":1.0,"enemies":"Cultist","floor":2.0,"turns":3.0},{"damage":4.0,"enemies":"2 Louse","floor":3.0,"turns":3.0},{"damage":35.0,"enemies":"Lagavulin","floor":7.0,"turns":6.0},{"damage":23.0,"enemies":"Large Slime","floor":10.0,"turns":5.0},{"damage":11.0,"enemies":"Blue Slaver","floor":11.0,"turns":4.0},{"damage":0.0,"enemies":"2 Fungi Beasts","floor":12.0,"turns":2.0},{"damage":7.0,"enemies":"3 Sentries","floor":14.0,"turns":7.0},{"damage":0.0,"enemies":"Slime Boss","floor":16.0,"turns":5.0},{"damage":19.0,"enemies":"Chosen","floor":18.0,"turns":6.0},{"damage":26.0,"enemies":"3 Byrds","floor":19.0,"turns":7.0},{"damage":23.0,"enemies":"Centurion and Healer","floor":24.0,"turns":7.0},{"damage":21.0,"enemies":"Snake Plant","floor":27.0,"turns":9.0},{"damage":32,"enemies":"3 Cultists","floor":28,"turns":5},{"damage":18,"enemies":"Cultist and Chosen","floor":31,"turns":7},{"damage":35,"enemies":"Champ","floor":33,"turns":19},{"damage":10,"enemies":"Orb Walker","floor":35,"turns":3},{"damage":14,"floor":36,"turns":8},{"damage":45,"enemies":"3 Darklings","floor":39,"turns":5},{"damage":52,"enemies":"2 Orb Walkers","floor":42,"turns":5},{"damage":43,"enemies":"Transient","floor":45,"turns":5},{"damage":0,"enemies":"4 Shapes","floor":46,"turns":5},{"damage":31,"enemies":"Spire Growth","floor":48,"turns":6},{"damage":63,"enemies":"Awakened One","floor":50,"turns":10}],"seed_played":"2612391850246302590","potions_obtained":[{"floor":2.0,"key":"Fire Potion"},{"floor":10.0,"key":"Weak Potion"},{"floor":14.0,"key":"AttackPotion"},{"floor":16.0,"key":"Strength Potion"},{"floor":17.0,"key":"Regen Potion"},{"floor":28,"key":"AttackPotion"},{"floor":33,"key":"Regen Potion"},{"floor":46,"key":"Swift Potion"},{"floor":48,"key":"Fruit Juice"}],"is_trial":false,"path_per_floor":["M","M","M","?","?","R","E","R","T","M","M","M","$","E","R","B",null,"M","M","?","?","T","R","M","$","T","M","M","$","R","M","R","B",null,"M","?","T","?","M","R","T","E","T","$","M","M","R","M","R"],"character_chosen":"IRONCLAD","items_purchased":["Shrug It Off","Rampage","Ghostly Armor","Lee\u0027s Waffle","Offering","Iron Wave","True Grit","Strength Potion"],"campfire_rested":4,"item_purchase_floors":[13,13,25,29,29,29,44,44],"current_hp_per_floor":[63,68,70,70,63,63,34,34,34,17,12,18,18,17,43,49,84,71,51,57,57,57,57,40,40,40,25,13,107,107,95,95,66,97,93,85,85,85,46,78,78,32,32,32,10,16,48,23,61,0],"gold":66,"neow_bonus":"TWENTY_PERCENT_HP_BONUS","is_prod":false,"is_daily":false,"chose_seed":false,"campfire_upgraded":5,"win_rate":0,"timestamp":1534802426,"path_taken":["M","M","M","?","?","R","E","R","T","?","?","M","?","E","R","BOSS","M","M","?","?","?","R","M","$","T","M","M","$","R","M","R","BOSS","M","?","?","?","?","R","?","E","T","?","M","M","R","M","R","BOSS"],"build_version":"2018-08-16","purchased_purges":3,"victory":false,"max_hp_per_floor":[89,89,89,89,89,89,89,89,89,89,89,89,89,89,89,89,94,94,94,100,100,100,100,100,100,100,100,100,107,107,107,107,107,107,107,107,107,107,107,107,107,107,107,107,107,107,107,107,112,112],"card_choices":[{"not_picked":["Entrench","Corruption"],"picked":"Perfected Strike","floor":1.0},{"not_picked":["Power Through","Flex"],"picked":"Perfected Strike","floor":2.0},{"not_picked":["Flex","Sever Soul"],"picked":"Anger","floor":3.0},{"not_picked":["Dark Embrace","Bloodletting","Headbutt"],"picked":"SKIP","floor":7.0},{"not_picked":["Reckless Charge","Twin Strike","Rupture"],"picked":"SKIP","floor":10.0},{"not_picked":["Cleave","Evolve"],"picked":"Armaments","floor":11.0},{"not_picked":["Burning Pact","Heavy Blade","Anger"],"picked":"SKIP","floor":12.0},{"not_picked":["Double Tap","Intimidate","Infernal Blade"],"picked":"SKIP","floor":14.0},{"not_picked":["Reaper","Fiend Fire"],"picked":"Limit Break","floor":16.0},{"not_picked":["Flex","Entrench"],"picked":"True Grit","floor":18.0},{"not_picked":["Sever Soul","Thunderclap"],"picked":"Disarm","floor":19.0},{"not_picked":["Twin Strike+1","Sword Boomerang"],"picked":"Clothesline","floor":24.0},{"not_picked":["Pommel Strike","Twin Strike","Cleave"],"picked":"SKIP","floor":27.0},{"not_picked":["Disarm","Flex"],"picked":"Metallicize","floor":28},{"not_picked":["Headbutt","Wild Strike","Cleave"],"picked":"SKIP","floor":31},{"not_picked":["Bludgeon","Double Tap"],"picked":"Immolate","floor":33},{"not_picked":["Havoc","Body Slam","Perfected Strike"],"picked":"SKIP","floor":35},{"not_picked":["Fire Breathing","Evolve"],"picked":"Power Through","floor":36},{"not_picked":["Headbutt+1","True Grit","Sword Boomerang"],"picked":"SKIP","floor":39},{"not_picked":["Searing Blow","Uppercut"],"picked":"Spot Weakness","floor":40},{"not_picked":["Sword Boomerang","True Grit","Blood for Blood+1"],"picked":"SKIP","floor":42},{"not_picked":["Barricade","Armaments","Combust"],"picked":"SKIP","floor":45},{"not_picked":["Body Slam","Seeing Red"],"picked":"Disarm+1","floor":46},{"not_picked":["Entrench","Iron Wave"],"picked":"Ghostly Armor","floor":47},{"not_picked":["Havoc","True Grit"],"picked":"Shockwave","floor":48}],"player_experience":1176694,"relics_obtained":[{"floor":7.0,"key":"Gambling Chip"},{"floor":9.0,"key":"Gremlin Horn"},{"floor":14.0,"key":"Darkstone Periapt"},{"floor":22.0,"key":"Mercury Hourglass"},{"floor":26.0,"key":"Old Coin"},{"floor":36,"key":"Charon\u0027s Ashes"},{"floor":37,"key":"Shuriken"},{"floor":41,"key":"Bronze Scales"},{"floor":42,"key":"Paper Frog"},{"floor":43,"key":"Lantern"}],"event_choices":[{"event_name":"Upgrade Shrine","player_choice":"Upgraded","floor":4.0,"damage_taken":0.0},{"event_name":"Golden Wing","player_choice":"Card Removal","floor":5.0,"damage_taken":0.0},{"event_name":"The Mausoleum","player_choice":"Yes","floor":20.0,"damage_taken":0.0},{"event_name":"The Library","player_choice":"Read","floor":21.0,"damage_taken":0.0},{"event_name":"MindBloom","player_choice":"Fight","floor":36,"damage_taken":0},{"event_name":"SecretPortal","player_choice":"Rejected Portal.","floor":38,"damage_taken":0}],"is_beta":true,"boss_relics":[{"not_picked":["Mark of Pain","Calling Bell"],"picked":"Tiny House"},{"not_picked":["Black Star","Orrery"],"picked":"Runic Dome"}],"items_purged_floors":[13,25,44],"is_endless":false,"potions_floor_spawned":[2,10,14,16,18,24,28,33,39,46,48],"killed_by":"Awakened One","ascension_level":16}