{"path_per_floor":["M","M","$","?","M","E","M","M","T","M","E","?","E","M","R"],"character_chosen":"IRONCLAD","items_purchased":["Singing Bowl","Clash"],"gold_per_floor":[216,229,20,20,30,60,75,85,85,101,132,195,228,239,239,239],"floor_reached":16,"campfire_rested":0,"playtime":574,"item_purchase_floors":[3,3],"current_hp_per_floor":[80,80,80,85,85,72,68,69,69,61,41,19,22,23,23,0],"items_purged":[],"gold":239,"score":149,"play_id":"ebb32a80-9b40-4e9e-b80d-14f369930ef1","local_time":"20180609225309","is_prod":false,"is_daily":false,"chose_seed":false,"is_ascension_mode":false,"campfire_upgraded":1,"win_rate":0,"timestamp":1528581189,"campfire_choices":[{"data":"True Grit","floor":15,"key":"SMITH"}],"path_taken":["M","M","$","?","?","E","M","M","T","M","E","?","E","M","R","BOSS"],"build_version":"2018-06-08","seed_source_timestamp":534311600532906,"purchased_purges":0,"victory":false,"master_deck":["Strike_R","Strike_R","Strike_R","Strike_R","Strike_R","Defend_R","Defend_R","Defend_R","Defend_R","Bash","Iron Wave","Clothesline","Clash","Cleave","Perfected Strike","Anger","True Grit+1"],"max_hp_per_floor":[80,80,80,85,87,87,87,89,89,89,89,91,93,95,95,95],"relics":["Burning Blood","Singing Bowl","Boot","Matryoshka","Mercury Hourglass","Dodecahedron","The Courier"],"card_choices":[{"not_picked":["Havoc","Twin Strike"],"picked":"Iron Wave","floor":1},{"not_picked":["Rampage","Armaments"],"picked":"Clothesline","floor":2},{"not_picked":["Dropkick","Havoc","Sword Boomerang"],"picked":"Singing Bowl","floor":5},{"not_picked":["Dual Wield","Twin Strike"],"picked":"Cleave","floor":6},{"not_picked":["Thunderclap","Headbutt"],"picked":"Perfected Strike","floor":7},{"not_picked":["Dropkick","Warcry","Second Wind"],"picked":"Singing Bowl","floor":8},{"not_picked":["Carnage","Juggernaut"],"picked":"Anger","floor":10},{"not_picked":["Searing Blow","Hemokinesis"],"picked":"True Grit","floor":11},{"not_picked":["Sword Boomerang","Blood for Blood","Spot Weakness"],"picked":"Singing Bowl","floor":12},{"not_picked":["Cleave","Dropkick","Disarm"],"picked":"Singing Bowl","floor":13},{"not_picked":["Flex","Blood for Blood","Anger"],"picked":"Singing Bowl","floor":14}],"player_experience":758667,"potions_floor_usage":[10,11,12,16],"damage_taken":[{"damage":2,"enemies":"Small Slimes","floor":1,"turns":4},{"damage":1,"enemies":"Cultist","floor":2,"turns":3},{"damage":8,"enemies":"Jaw Worm","floor":5,"turns":2},{"damage":19,"enemies":"Gremlin Nob","floor":6,"turns":4},{"damage":10,"enemies":"3 Louse","floor":7,"turns":2},{"damage":7,"enemies":"2 Fungi Beasts","floor":8,"turns":2},{"damage":14,"enemies":"Exordium Thugs","floor":10,"turns":4},{"damage":26,"enemies":"Lagavulin","floor":11,"turns":5},{"damage":30,"enemies":"Lagavulin Event","floor":12,"turns":5},{"damage":5,"enemies":"3 Sentries","floor":13,"turns":5},{"damage":7,"enemies":"Blue Slaver","floor":14,"turns":2},{"damage":25,"enemies":"Hexaghost","floor":16,"turns":9}],"relics_obtained":[{"floor":6,"key":"Boot"},{"floor":9,"key":"Matryoshka"},{"floor":11,"key":"Mercury Hourglass"},{"floor":12,"key":"Dodecahedron"},{"floor":13,"key":"The Courier"}],"event_choices":[{"event_name":"Big Fish","player_choice":"Donut","floor":4,"damage_taken":0},{"event_name":"Dead Adventurer","player_choice":"Searched \u00272\u0027 times","floor":12,"damage_taken":0}],"boss_relics":[],"items_purged_floors":[],"potions_floor_spawned":[6,7,8,12,12],"seed_played":"8387389022166852849","killed_by":"Hexaghost","ascension_level":0,"potions_obtained":[{"floor":6,"key":"AttackPotion"},{"floor":7,"key":"Swift Potion"},{"floor":8,"key":"Strength Potion"},{"floor":12,"key":"SmokeBomb"},{"floor":12,"key":"SkillPotion"}],"is_trial":false}