{"gold_per_floor":[218,233,249,34,50,79,79,112,112,143,143,143,143,154,154,225,225,242,252,262,29,46,46],"floor_reached":23,"playtime":1023,"items_purged":["Strike_G","Strike_G"],"score":476,"play_id":"32cde138-c5df-4c11-a137-b3845825fc2f","local_time":"20190804030011","is_ascension_mode":true,"campfire_choices":[{"data":"Corpse Explosion","floor":7,"key":"SMITH"},{"floor":12,"key":"REST"},{"data":"Deadly Poison","floor":15,"key":"SMITH"}],"neow_cost":"NONE","seed_source_timestamp":1595237177156466,"circlet_count":0,"master_deck":["AscendersBane","Strike_G","Strike_G","Defend_G","Defend_G","Defend_G","Defend_G","Defend_G","Survivor","Neutralize","Terror","Deadly Poison+1","Corpse Explosion+1","Well Laid Plans","Well Laid Plans","Backstab","Caltrops","Adrenaline","Malaise","Concentrate"],"relics":["Ring of the Snake","Smiling Mask","Bronze Scales","The Courier","Ice Cream","Runic Pyramid","ClockworkSouvenir"],"potions_floor_usage":[6,8,22,23],"damage_taken":[{"damage":3,"enemies":"Small Slimes","floor":1,"turns":5},{"damage":3,"enemies":"2 Louse","floor":2,"turns":4},{"damage":1,"enemies":"Cultist","floor":3,"turns":4},{"damage":1,"enemies":"Looter","floor":5,"turns":4},{"damage":13,"enemies":"Lagavulin","floor":6,"turns":8},{"damage":7,"enemies":"3 Sentries","floor":8,"turns":5},{"damage":12,"enemies":"Lagavulin","floor":10,"turns":6},{"damage":4,"enemies":"Blue Slaver","floor":14,"turns":2},{"damage":18,"enemies":"The Guardian","floor":16,"turns":10},{"damage":21,"enemies":"2 Thieves","floor":18,"turns":3},{"damage":4,"enemies":"Spheric Guardian","floor":19,"turns":5},{"damage":11,"enemies":"Snecko","floor":20,"turns":7},{"damage":4,"enemies":"Centurion and Healer","floor":22,"turns":6},{"damage":16,"enemies":"Slavers","floor":23,"turns":1}],"seed_played":"7973033433087541648","potions_obtained":[{"floor":1,"key":"SmokeBomb"},{"floor":5,"key":"SteroidPotion"},{"floor":6,"key":"EssenceOfSteel"},{"floor":10,"key":"Dexterity Potion"},{"floor":14,"key":"Strength Potion"}],"is_trial":false,"path_per_floor":["M","M","M","$","M","E","R","E","T","E","?","R","?","M","R","B",null,"M","M","M","$","M","E"],"character_chosen":"THE_SILENT","items_purchased":["Well Laid Plans","SkillPotion","ClockworkSouvenir"],"campfire_rested":1,"item_purchase_floors":[4,4,21],"current_hp_per_floor":[56,53,52,52,51,38,38,31,31,19,19,38,38,34,34,16,54,33,29,18,18,14,0],"gold":46,"neow_bonus":"HUNDRED_GOLD","is_prod":false,"is_daily":false,"chose_seed":false,"campfire_upgraded":2,"win_rate":0,"timestamp":1564884011,"path_taken":["M","M","M","$","M","E","R","E","T","E","?","R","?","?","R","BOSS","M","M","M","$","M","E"],"build_version":"2019-07-18","purchased_purges":2,"victory":false,"max_hp_per_floor":[66,66,66,66,66,66,66,66,66,66,66,66,66,66,66,66,66,66,66,66,66,66,66],"card_choices":[{"not_picked":["Underhanded Strike","Backflip"],"picked":"Terror","floor":1},{"not_picked":["Slice","Backflip"],"picked":"Deadly Poison","floor":2},{"not_picked":["Blur","Well Laid Plans"],"picked":"Corpse Explosion","floor":3},{"not_picked":["Flying Knee","PiercingWail"],"picked":"Well Laid Plans","floor":5},{"not_picked":["Choke","Quick Slash"],"picked":"Backstab","floor":6},{"not_picked":["Outmaneuver","Heel Hook","Sucker Punch"],"picked":"SKIP","floor":8},{"not_picked":["Escape Plan","Acrobatics"],"picked":"Caltrops","floor":10},{"not_picked":["Sucker Punch","Blade Dance","Bouncing Flask"],"picked":"SKIP","floor":14},{"not_picked":["Bullet Time","After Image"],"picked":"Malaise","floor":16},{"not_picked":["All Out Attack","Escape Plan"],"picked":"Concentrate","floor":18},{"not_picked":["Dagger Throw","Outmaneuver","Prepared"],"picked":"SKIP","floor":19},{"not_picked":["Cloak And Dagger","Outmaneuver","Slice"],"picked":"SKIP","floor":20},{"not_picked":["Masterful Stab","Quick Slash","Distraction"],"picked":"SKIP","floor":22}],"player_experience":2283441,"relics_obtained":[{"floor":6,"key":"Smiling Mask"},{"floor":8,"key":"Bronze Scales"},{"floor":9,"key":"The Courier"},{"floor":10,"key":"Ice Cream"}],"event_choices":[{"damage_healed":0,"gold_gain":0,"player_choice":"Ignored","damage_taken":0,"max_hp_gain":0,"max_hp_loss":0,"event_name":"Liars Game","floor":11,"gold_loss":0},{"damage_healed":0,"gold_gain":0,"cards_transformed":["Strike_G"],"player_choice":"Transformed","damage_taken":0,"max_hp_gain":0,"max_hp_loss":0,"event_name":"Transmorgrifier","floor":13,"gold_loss":0,"cards_obtained":["Adrenaline"]}],"is_beta":true,"boss_relics":[{"not_picked":["Velvet Choker","Lizard Tail"],"picked":"Runic Pyramid"}],"items_purged_floors":[4,21],"is_endless":false,"potions_floor_spawned":[1,5,6,10,14,20],"killed_by":"Slavers","ascension_level":20}