{"gold_per_floor":[119,69,144,5,5,5,34,34,34,44,59,72,72],"floor_reached":13,"playtime":428,"items_purged":[],"score":100,"play_id":"c8d07225-006f-4b80-b5a2-20961282a9f4","local_time":"20190702094723","is_ascension_mode":true,"campfire_choices":[{"data":"Inflame","floor":6,"key":"SMITH"}],"neow_cost":"TEN_PERCENT_HP_LOSS","seed_source_timestamp":518632792613700,"circlet_count":0,"master_deck":["Strike_R","Strike_R","Strike_R","Defend_R","Defend_R","Defend_R","Bash","Demon Form","Rage","Battle Trance","Inflame+1","Flame Barrier","Disarm","Entrench","Shrug It Off"],"relics":["Burning Blood","Art of War","Pen Nib"],"potions_floor_usage":[],"damage_taken":[{"damage":9,"enemies":"Cultist","floor":1,"turns":6},{"damage":29,"enemies":"Lagavulin","floor":7,"turns":7},{"damage":0,"enemies":"Small Slimes","floor":10,"turns":4},{"damage":0,"enemies":"Jaw Worm","floor":11,"turns":5},{"damage":0,"enemies":"Large Slime","floor":12,"turns":5},{"damage":59,"enemies":"Gremlin Nob","floor":13,"turns":5}],"seed_played":"4456481561199521961","potions_obtained":[{"floor":7,"key":"Poison Potion"},{"floor":11,"key":"Ancient Potion"}],"is_trial":false,"path_per_floor":["M","?","?","$","?","R","E","$","T","M","M","M","E"],"character_chosen":"IRONCLAD","items_purchased":["Battle Trance","Inflame"],"campfire_rested":0,"item_purchase_floors":[4,4],"current_hp_per_floor":[69,69,58,58,58,58,35,35,35,41,47,53,0],"gold":72,"neow_bonus":"TRANSFORM_TWO_CARDS","is_prod":false,"is_daily":false,"chose_seed":false,"campfire_upgraded":1,"win_rate":0,"timestamp":1562028443,"path_taken":["M","?","?","$","?","R","E","$","T","M","M","M","E"],"build_version":"2019-07-01","purchased_purges":0,"victory":false,"max_hp_per_floor":[72,72,72,72,72,72,72,72,72,72,72,72,72],"card_choices":[{"not_picked":["Thunderclap","Evolve","Corruption"],"picked":"SKIP","floor":1},{"not_picked":["Second Wind","Uppercut"],"picked":"Flame Barrier","floor":7},{"not_picked":["Blood for Blood","Thunderclap"],"picked":"Disarm","floor":10},{"not_picked":["Second Wind","Rupture"],"picked":"Entrench","floor":11},{"not_picked":["Perfected Strike","Bloodletting"],"picked":"Shrug It Off","floor":12}],"player_experience":103762,"relics_obtained":[{"floor":7,"key":"Art of War"},{"floor":9,"key":"Pen Nib"}],"event_choices":[{"cards_removed":["Defend_R"],"damage_healed":0,"gold_gain":0,"player_choice":"Card Removal","damage_taken":0,"max_hp_gain":0,"max_hp_loss":0,"event_name":"The Cleric","floor":2,"gold_loss":50},{"damage_healed":0,"gold_gain":75,"player_choice":"Gather Gold","damage_taken":11,"max_hp_gain":0,"max_hp_loss":0,"event_name":"World of Goop","floor":3,"gold_loss":0},{"damage_healed":0,"gold_gain":0,"player_choice":"0 cards matched","damage_taken":0,"max_hp_gain":0,"max_hp_loss":0,"event_name":"Match and Keep!","floor":5,"gold_loss":0,"cards_obtained":[]}],"is_beta":false,"boss_relics":[],"items_purged_floors":[],"is_endless":false,"potions_floor_spawned":[7,11],"killed_by":"Gremlin Nob","ascension_level":4}