{"gold_per_floor":[129,141,172,184,213,225,272,284,296,321,333],"floor_reached":11,"playtime":317,"items_purged":[],"score":146,"play_id":"da1e2bf7-c198-4311-9101-1bbe0bc54788","local_time":"20190326114721","is_ascension_mode":true,"campfire_choices":[{"data":"Zap","floor":6,"key":"SMITH"}],"neow_cost":"NONE","seed_source_timestamp":1089289874207254,"circlet_count":0,"master_deck":["AscendersBane","Strike_B","Strike_B","Strike_B","Strike_B","Defend_B","Defend_B","Defend_B","Defend_B","Zap+1","Dualcast","Loop+1","Lockon","Sweeping Beam","Hologram","Gash"],"relics":["Cracked Core","MawBank","Unceasing Top","Ornamental Fan","Ginger"],"potions_floor_usage":[],"damage_taken":[{"damage":4,"enemies":"Jaw Worm","floor":1,"turns":3},{"damage":2,"enemies":"2 Louse","floor":3,"turns":2},{"damage":1,"enemies":"Cultist","floor":5,"turns":3},{"damage":39,"enemies":"Gremlin Nob","floor":7,"turns":4},{"damage":3,"enemies":"Blue Slaver","floor":10,"turns":3},{"damage":27,"enemies":"3 Sentries","floor":11,"turns":3}],"seed_played":"4406041655777195756","potions_obtained":[{"floor":3,"key":"Energy Potion"},{"floor":10,"key":"Weak Potion"}],"is_trial":false,"path_per_floor":["M","?","M","?","M","R","E","?","T","M","E"],"character_chosen":"DEFECT","items_purchased":[],"campfire_rested":0,"item_purchase_floors":[],"current_hp_per_floor":[60,65,63,63,62,62,23,23,23,20,0],"gold":333,"neow_bonus":"RANDOM_COMMON_RELIC","is_prod":false,"is_daily":false,"chose_seed":false,"campfire_upgraded":1,"win_rate":0,"timestamp":1553600841,"path_taken":["M","?","M","?","M","R","E","?","T","?","E"],"build_version":"2019-03-15","purchased_purges":0,"victory":false,"max_hp_per_floor":[71,76,76,76,76,76,76,76,76,76,76],"card_choices":[{"not_picked":["Barrage","Redo"],"picked":"Loop","floor":1},{"not_picked":["Leap","Reprogram"],"picked":"Lockon","floor":3},{"not_picked":["Leap","Barrage"],"picked":"Sweeping Beam","floor":5},{"not_picked":["Conserve Battery","BootSequence"],"picked":"Hologram","floor":7},{"not_picked":["Meteor Strike","Blizzard"],"picked":"Gash","floor":10}],"player_experience":1961694,"relics_obtained":[{"floor":7,"key":"Unceasing Top"},{"floor":9,"key":"Ginger"}],"event_choices":[{"damage_healed":0,"gold_gain":0,"player_choice":"Donut","damage_taken":0,"max_hp_gain":5,"max_hp_loss":0,"event_name":"Big Fish","floor":2,"gold_loss":0},{"damage_healed":0,"gold_gain":0,"player_choice":"Grow","damage_taken":0,"max_hp_gain":0,"max_hp_loss":0,"event_name":"Living Wall","floor":4,"gold_loss":0,"cards_upgraded":["Loop"]},{"damage_healed":0,"gold_gain":0,"player_choice":"Gave Potion","damage_taken":0,"relics_obtained":["Ornamental Fan"],"max_hp_gain":0,"max_hp_loss":0,"event_name":"WeMeetAgain","floor":8,"gold_loss":0}],"is_beta":true,"boss_relics":[],"items_purged_floors":[],"is_endless":false,"potions_floor_spawned":[3,10],"killed_by":"3 Sentries","ascension_level":20}