{"gold_per_floor":[116,127,142,217,279,279,310,310,310,310,323,323],"floor_reached":12,"playtime":320,"items_purged":[],"score":152,"play_id":"3b47522a-5d0c-4a60-898b-a84abaf21507","local_time":"20180827213819","is_ascension_mode":true,"campfire_choices":[{"data":"Bash","floor":6,"key":"SMITH"},{"data":"Clothesline","floor":8,"key":"SMITH"}],"neow_cost":"NONE","seed_source_timestamp":861886927911710,"circlet_count":0,"master_deck":["Strike_R","Strike_R","Strike_R","Strike_R","Strike_R","Defend_R","Defend_R","Defend_R","Defend_R","Bash+1","AscendersBane","Anger","Clothesline+1","Feel No Pain","Shrug It Off","Pommel Strike"],"relics":["Burning Blood","Blood Vial","Calipers","The Courier"],"potions_floor_usage":[7,10],"damage_taken":[{"damage":12,"enemies":"Small Slimes","floor":1,"turns":5},{"damage":12,"enemies":"Jaw Worm","floor":2,"turns":3},{"damage":10,"enemies":"2 Louse","floor":3,"turns":3},{"damage":25,"enemies":"Lagavulin","floor":7,"turns":5},{"damage":0,"enemies":"Gremlin Gang","floor":10,"turns":1},{"damage":12,"enemies":"Exordium Thugs","floor":11,"turns":5},{"damage":44,"enemies":"Gremlin Nob","floor":12,"turns":4}],"seed_played":"6450175676162951994","potions_obtained":[{"floor":2,"key":"SteroidPotion"},{"floor":3,"key":"SmokeBomb"}],"is_trial":false,"path_per_floor":["M","M","M","?","?","R","E","R","T","M","M"],"character_chosen":"IRONCLAD","items_purchased":[],"campfire_rested":0,"item_purchase_floors":[],"current_hp_per_floor":[64,60,58,47,47,47,30,30,30,38,34,0],"gold":323,"neow_bonus":"RANDOM_COMMON_RELIC","is_prod":false,"is_daily":false,"chose_seed":false,"campfire_upgraded":2,"win_rate":0,"timestamp":1535402299,"path_taken":["M","M","M","?","?","R","E","R","T","M","M","E"],"build_version":"2018-08-23v2","purchased_purges":0,"victory":false,"max_hp_per_floor":[75,75,75,75,75,75,75,75,75,75,75,75],"card_choices":[{"not_picked":["Wild Strike","Intimidate"],"picked":"Anger","floor":1},{"not_picked":["Iron Wave","Sentinel"],"picked":"Clothesline","floor":2},{"not_picked":["Second Wind","Heavy Blade"],"picked":"Feel No Pain","floor":3},{"not_picked":["Twin Strike","Clothesline"],"picked":"Shrug It Off","floor":7},{"not_picked":["Sword Boomerang","Shrug It Off"],"picked":"Pommel Strike","floor":11}],"player_experience":1195280,"relics_obtained":[{"floor":7,"key":"Calipers"},{"floor":9,"key":"The Courier"}],"event_choices":[{"event_name":"World of Goop","player_choice":"Gather Gold","floor":4,"damage_taken":0},{"event_name":"Golden Wing","player_choice":"Gained Gold","floor":5,"damage_taken":0}],"is_beta":true,"boss_relics":[],"items_purged_floors":[],"is_endless":false,"potions_floor_spawned":[2,3,10],"killed_by":"Gremlin Nob","ascension_level":18}