{"gold_per_floor":[109,120,130,40,5,5,37,51,78,78,107,107,107,107,107,178,178,195,214,226,237,237,237,268,268,293,42,54,54,67,97,97,168,168,188,119,1118,1138,453,453,485,498,498,531,531,531,11,30,30,30,30],"floor_reached":52,"playtime":3484,"items_purged":["Doubt","Normality","Normality"],"score":2066,"play_id":"de7530ed-c25e-40e7-8b4d-fd28ac57f14f","local_time":"20181009224140","is_ascension_mode":true,"campfire_choices":[{"data":"Sunder","floor":6.0,"key":"SMITH"},{"data":"Zap","floor":10.0,"key":"SMITH"},{"data":"Defragment","floor":13.0,"key":"SMITH"},{"data":"Dualcast","floor":15.0,"key":"SMITH"},{"data":"Go for the Eyes","floor":23.0,"key":"SMITH"},{"data":"Doom and Gloom","floor":25.0,"key":"SMITH"},{"floor":32.0,"key":"REST"},{"data":"Defragment","floor":40.0,"key":"SMITH"},{"data":"Coolheaded","floor":45,"key":"SMITH"},{"data":"Defragment","floor":49,"key":"SMITH"}],"neow_cost":"NONE","seed_source_timestamp":1901879864342360,"circlet_count":0,"master_deck":["Strike_B","Strike_B","Strike_B","Defend_B","Defend_B","Defend_B","Defend_B","Zap+1","Dualcast+1","AscendersBane","Sunder+1","Sweeping Beam","Glacier","Doom and Gloom+1","Glacier","Defragment+1","Biased Cognition+1","Hologram+1","Go for the Eyes+1","Compile Driver","Conserve Battery","Defragment+1","All For One","Steam Power","Coolheaded+1","Steam","Master of Strategy","Seek","Parasite","Compile Driver","Defragment+1","Coolheaded"],"special_seed":0,"relics":["Cracked Core","Juzu Bracelet","Happy Flower","Boot","Thread and Needle","Cursed Key","Blue Candle","Centennial Puzzle","Bag of Preparation","Matryoshka","Orrery","Darkstone Periapt","Bronze Scales","Pen Nib","Gambling Chip","Strawberry","Blood Vial","Orichalcum","Lee\u0027s Waffle"],"potions_floor_usage":[44,44,50,51],"damage_taken":[{"damage":7.0,"enemies":"2 Louse","floor":1.0,"turns":3.0},{"damage":0.0,"enemies":"Small Slimes","floor":2.0,"turns":2.0},{"damage":0.0,"enemies":"Cultist","floor":3.0,"turns":3.0},{"damage":24.0,"enemies":"Gremlin Nob","floor":7.0,"turns":4.0},{"damage":0.0,"enemies":"Looter","floor":8.0,"turns":5.0},{"damage":6.0,"enemies":"Lagavulin","floor":11.0,"turns":6.0},{"damage":7.0,"enemies":"The Guardian","floor":16.0,"turns":9.0},{"damage":0.0,"enemies":"Spheric Guardian","floor":18.0,"turns":4.0},{"damage":0.0,"enemies":"2 Thieves","floor":19.0,"turns":3.0},{"damage":0.0,"enemies":"Snecko","floor":20.0,"turns":4.0},{"damage":0.0,"enemies":"3 Cultists","floor":21.0,"turns":5.0},{"damage":0.0,"enemies":"Slavers","floor":24.0,"turns":4.0},{"damage":0.0,"enemies":"Centurion and Healer","floor":28.0,"turns":7.0},{"damage":4.0,"enemies":"Chosen and Byrds","floor":30.0,"turns":6.0},{"damage":54.0,"enemies":"Gremlin Leader","floor":31.0,"turns":5.0},{"damage":1.0,"enemies":"Automaton","floor":33.0,"turns":11.0},{"damage":2.0,"enemies":"Orb Walker","floor":35.0,"turns":4.0},{"damage":1.0,"enemies":"3 Shapes","floor":38.0,"turns":4.0},{"damage":23.0,"enemies":"Nemesis","floor":41.0,"turns":6.0},{"damage":6.0,"enemies":"Jaw Worm Horde","floor":42.0,"turns":3.0},{"damage":20,"enemies":"Giant Head","floor":44,"turns":13},{"damage":0,"enemies":"Sphere and 2 Shapes","floor":48,"turns":3},{"damage":18,"enemies":"Awakened One","floor":50,"turns":29},{"damage":2,"enemies":"Donu and Deca","floor":51,"turns":10}],"seed_played":"1679512419400010165","potions_obtained":[{"floor":3.0,"key":"PowerPotion"},{"floor":7.0,"key":"SkillPotion"},{"floor":8.0,"key":"Explosive Potion"},{"floor":11.0,"key":"Fruit Juice"},{"floor":19.0,"key":"Swift Potion"},{"floor":20.0,"key":"Explosive Potion"},{"floor":21.0,"key":"Strength Potion"},{"floor":28.0,"key":"AttackPotion"},{"floor":30.0,"key":"Swift Potion"},{"floor":33.0,"key":"Ancient Potion"},{"floor":38.0,"key":"Weak Potion"},{"floor":44,"key":"Strength Potion"}],"is_trial":false,"path_per_floor":["M","M","M","$","?","R","E","M","T","R","E","?","R","T","R","B",null,"M","M","M","M","?","R","E","R","T","$","M","$","M","E","R","B",null,"M","?","?","M","$","R","E","M","T","E","R","?","$","M","R","B","B"],"character_chosen":"DEFECT","items_purchased":["Doom and Gloom","Bag of Preparation","Bronze Scales","Master of Strategy","Pen Nib","Lee\u0027s Waffle","Defragment","Coolheaded","Swift Potion"],"campfire_rested":1,"item_purchase_floors":[4,27,39,39,39,47,47,47,47],"current_hp_per_floor":[64,64,64,64,78,78,54,54,54,54,53,53,53,53,53,46,74,74,74,74,74,74,74,74,74,74,74,74,74,70,16,40,39,72,70,70,82,81,81,81,58,52,65,47,47,47,115,115,115,97,97],"gold":30,"neow_bonus":"TEN_PERCENT_HP_BONUS","is_prod":false,"is_daily":false,"chose_seed":false,"campfire_upgraded":9,"win_rate":0,"timestamp":1539121300,"path_taken":["M","M","M","$","?","R","E","M","T","R","E","?","R","?","R","BOSS","M","M","M","M","?","R","E","R","T","$","M","?","M","E","R","BOSS","M","?","?","M","$","R","E","M","T","E","R","?","$","M","R","BOSS","BOSS"],"build_version":"2018-10-08","purchased_purges":3,"victory":true,"max_hp_per_floor":[78,78,78,78,78,78,78,78,78,78,83,83,83,83,83,83,83,83,83,83,83,83,83,83,83,83,83,83,83,83,83,83,83,83,83,83,95,95,95,95,95,95,108,108,108,108,115,115,115,115,115],"card_choices":[{"not_picked":["Steam","Glacier"],"picked":"Sunder","floor":1.0},{"not_picked":["Static Discharge","Chill"],"picked":"Sweeping Beam","floor":2.0},{"not_picked":["Cold Snap","Meteor Strike"],"picked":"Glacier","floor":3.0},{"not_picked":["Sweeping Beam","Hello World"],"picked":"Glacier","floor":7.0},{"not_picked":["Stack","Turbo","Steam"],"picked":"SKIP","floor":8.0},{"not_picked":["Genetic Algorithm","Go for the Eyes"],"picked":"Defragment","floor":11.0},{"not_picked":["Core Surge","Hyperbeam"],"picked":"Biased Cognition","floor":16.0},{"not_picked":["Lockon","Aggregate","Stack"],"picked":"SKIP","floor":18.0},{"not_picked":["Gash","Sweeping Beam"],"picked":"Hologram+1","floor":19.0},{"not_picked":["Coolheaded+1","Streamline"],"picked":"Go for the Eyes","floor":20.0},{"not_picked":["Coolheaded","Scrape"],"picked":"Compile Driver","floor":21.0},{"not_picked":["Steam","Turbo"],"picked":"Conserve Battery","floor":24.0},{"not_picked":["Beam Cell","Sweeping Beam"],"picked":"Defragment","floor":28.0},{"not_picked":["Gash","Consume+1","Melter"],"picked":"SKIP","floor":30.0},{"not_picked":["Fission","Genetic Algorithm","Hello World"],"picked":"SKIP","floor":31.0},{"not_picked":["Meteor Strike","Creative AI"],"picked":"All For One","floor":33.0},{"not_picked":["Redo","Reboot"],"picked":"Steam Power","floor":34.0},{"not_picked":["Lockon","Sweeping Beam"],"picked":"Coolheaded","floor":34.0},{"not_picked":["Sweeping Beam+1","Glacier"],"picked":"Steam","floor":35.0},{"not_picked":["Sweeping Beam+1","Storm","Gash"],"picked":"SKIP","floor":38.0},{"not_picked":["Leap","Sweeping Beam"],"picked":"Seek","floor":41.0},{"not_picked":["Static Discharge","Auto Shields","Rip and Tear"],"picked":"SKIP","floor":42.0},{"not_picked":["Genetic Algorithm","Static Discharge"],"picked":"Compile Driver","floor":44},{"not_picked":["Fusion+1","Barrage","Cold Snap+1"],"picked":"SKIP","floor":48}],"player_experience":1422144,"relics_obtained":[{"floor":7.0,"key":"Juzu Bracelet"},{"floor":9.0,"key":"Happy Flower"},{"floor":11.0,"key":"Boot"},{"floor":14.0,"key":"Thread and Needle"},{"floor":24.0,"key":"Blue Candle"},{"floor":26.0,"key":"Centennial Puzzle"},{"floor":31.0,"key":"Matryoshka"},{"floor":41.0,"key":"Gambling Chip"},{"floor":43.0,"key":"Strawberry"},{"floor":43.0,"key":"Blood Vial"},{"floor":44,"key":"Orichalcum"}],"event_choices":[{"event_name":"The Cleric","player_choice":"Healed","floor":5.0,"damage_taken":0.0},{"event_name":"Wheel of Change","player_choice":"Card Removal","floor":12.0,"damage_taken":0.0},{"event_name":"Upgrade Shrine","player_choice":"Upgraded","floor":22.0,"damage_taken":0.0},{"event_name":"WeMeetAgain","player_choice":"Gold","floor":36.0,"damage_taken":0.0},{"event_name":"MindBloom","player_choice":"Gold","floor":37.0,"damage_taken":0.0},{"event_name":"Tomb of Lord Red Mask","player_choice":"Ignored","floor":46,"damage_taken":0}],"is_beta":true,"boss_relics":[{"not_picked":["Black Star","Pandora\u0027s Box"],"picked":"Cursed Key"},{"not_picked":["Coffee Dripper","FrozenCore"],"picked":"Orrery"}],"items_purged_floors":[27,39,47],"is_endless":false,"potions_floor_spawned":[3,7,8,11,19,20,21,28,30,33,38,42,44,48],"ascension_level":20}