{"gold_per_floor":[216,216,236,252,201,226,244,244,244,274,349,41,41,60,60,158,158,170,170,181,194,194,194,249,249,249,266,300,300,300,319,319,418,418,432,532,532,64,77,77,105,105,176,195,208,239,239,239,239,239],"floor_reached":51,"playtime":3826,"items_purged":["Strike_R","Normality"],"score":929,"play_id":"31687a26-da2b-4ec3-89e5-1b47c11a4b8a","local_time":"20190823163503","is_ascension_mode":true,"campfire_choices":[{"data":"Shockwave","floor":8.0,"key":"SMITH"},{"floor":13.0,"key":"REST"},{"data":"Flame Barrier","floor":15.0,"key":"SMITH"},{"data":"1","floor":23.0,"key":"LIFT"},{"data":"2","floor":25.0,"key":"LIFT"},{"data":"3","floor":30,"key":"LIFT"},{"data":"Ghostly Armor","floor":32,"key":"SMITH"},{"data":"Heavy Blade","floor":40,"key":"SMITH"},{"floor":42,"key":"REST"},{"data":"Metamorphosis","floor":49,"key":"SMITH"}],"neow_cost":"NONE","seed_source_timestamp":0,"circlet_count":0,"master_deck":["Defend_R","Defend_R","Defend_R","Bash","Ghostly Armor+1","Shockwave+1","Heavy Blade+1","Iron Wave+1","Cleave+1","Cleave+1","Anger+1","Shrug It Off","Flame Barrier+1","Bludgeon+1","Iron Wave+1","Corruption","Offering","Bite+1","Bite+1","Bite+1","Bite+1","Bite+1","Iron Wave+1","Reaper+1","Normality","Regret","Shrug It Off+1","Heavy Blade+1","Battle Trance","Metamorphosis+1"],"special_seed":0,"relics":["Burning Blood","Self Forming Clay","The Courier","Molten Egg 2","Gremlin Horn","Bronze Scales","HandDrill","Philosopher\u0027s Stone","Nilry\u0027s Codex","Girya","Tiny Chest","Darkstone Periapt","PreservedInsect","Calling Bell","Omamori","Meat on the Bone","Ginger","Turnip","Pear","Ornamental Fan","Anchor","Bottled Flame","Bird Faced Urn"],"potions_floor_usage":[28,41,41,50,50],"damage_taken":[{"damage":2.0,"enemies":"2 Louse","floor":1.0,"turns":4.0},{"damage":3.0,"enemies":"Small Slimes","floor":3.0,"turns":3.0},{"damage":1.0,"enemies":"Cultist","floor":4.0,"turns":4.0},{"damage":36.0,"enemies":"Lagavulin","floor":6.0,"turns":8.0},{"damage":1.0,"enemies":"2 Fungi Beasts","floor":7.0,"turns":4.0},{"damage":12.0,"enemies":"Gremlin Nob","floor":10.0,"turns":5.0},{"damage":0.0,"enemies":"3 Louse","floor":14.0,"turns":1.0},{"damage":29.0,"enemies":"Slime Boss","floor":16.0,"turns":9.0},{"damage":16.0,"enemies":"3 Byrds","floor":18.0,"turns":3.0},{"damage":10.0,"enemies":"Chosen","floor":20.0,"turns":4.0},{"damage":22.0,"enemies":"Centurion and Healer","floor":21.0,"turns":4.0},{"damage":7.0,"enemies":"Book of Stabbing","floor":24.0,"turns":5.0},{"damage":0.0,"enemies":"Snecko","floor":27.0,"turns":3.0},{"damage":25,"enemies":"Slavers","floor":28,"turns":4},{"damage":2,"enemies":"Cultist and Chosen","floor":31,"turns":4},{"damage":68,"enemies":"Automaton","floor":33,"turns":10},{"damage":10,"enemies":"3 Shapes","floor":35,"turns":6},{"damage":14,"enemies":"Mind Bloom Boss Battle","floor":36,"turns":6},{"damage":11,"enemies":"3 Darklings","floor":39,"turns":4},{"damage":61,"enemies":"Giant Head","floor":41,"turns":8},{"damage":26,"enemies":"Maw","floor":44,"turns":7},{"damage":23,"enemies":"Spire Growth","floor":45,"turns":5},{"damage":14,"enemies":"Reptomancer","floor":46,"turns":3},{"damage":101,"enemies":"Time Eater","floor":50,"turns":11}],"seed_played":"-4447563130837604271","potions_obtained":[{"floor":1.0,"key":"Fire Potion"},{"floor":6.0,"key":"Weak Potion"},{"floor":14.0,"key":"Swift Potion"},{"floor":18.0,"key":"Regen Potion"},{"floor":20.0,"key":"Fire Potion"},{"floor":31,"key":"EntropicBrew"},{"floor":36,"key":"Swift Potion"},{"floor":45,"key":"GamblersBrew"},{"floor":46,"key":"EssenceOfSteel"}],"is_trial":false,"path_per_floor":["M","?","M","M","?","E","M","R","T","E","?","$","R","M","R","B",null,"M","?","M","M","T","R","E","R","T","M","E","?","R","M","R","B",null,"M","?","?","$","M","R","E","R","T","M","M","E","?","?","R","B",null],"character_chosen":"IRONCLAD","items_purchased":["Anger+1","Shrug It Off","HandDrill","Pear","Ornamental Fan"],"campfire_rested":2,"item_purchase_floors":[12,12,12,38,38],"current_hp_per_floor":[80,77,80,80,80,50,55,55,55,49,38,38,62,68,68,45,80,70,54,62,46,46,46,45,45,45,51,32,32,32,48,48,16,74,74,72,70,80,80,80,47,71,71,69,64,80,80,80,80,43],"gold":239,"neow_bonus":"HUNDRED_GOLD","is_prod":false,"is_daily":false,"chose_seed":false,"campfire_upgraded":5,"win_rate":0,"timestamp":1566603303,"path_taken":["M","?","M","M","?","E","?","R","T","E","?","$","R","M","R","BOSS","M","?","M","M","?","R","E","R","T","M","E","?","R","?","R","BOSS","M","?","?","$","M","R","E","R","T","M","M","E","?","?","R","BOSS"],"build_version":"2019-07-17","purchased_purges":2,"victory":true,"max_hp_per_floor":[80,80,80,80,80,80,80,80,80,80,80,80,80,80,80,80,80,80,80,80,80,80,80,80,80,80,80,80,56,56,56,56,56,74,74,74,70,80,80,80,80,80,80,80,80,80,80,80,80,80],"card_choices":[{"not_picked":["Uppercut","Pommel Strike"],"picked":"Ghostly Armor","floor":1.0},{"not_picked":["Havoc","Wild Strike"],"picked":"Shockwave","floor":3.0},{"not_picked":["Sentinel","Headbutt"],"picked":"Heavy Blade","floor":4.0},{"not_picked":["Dual Wield","Body Slam"],"picked":"Iron Wave","floor":6.0},{"not_picked":["Corruption","Clothesline+1"],"picked":"Cleave+1","floor":7.0},{"not_picked":["Flex","Hemokinesis+1"],"picked":"Cleave+1","floor":10.0},{"not_picked":["Flex","Burning Pact"],"picked":"Flame Barrier","floor":14.0},{"not_picked":["Offering","Juggernaut"],"picked":"Bludgeon+1","floor":16.0},{"not_picked":["True Grit","Thunderclap+1","Wild Strike+1"],"picked":"SKIP","floor":18.0},{"not_picked":["Thunderclap+1","Clash+1","Hemokinesis+1"],"picked":"SKIP","floor":20.0},{"not_picked":["Burning Pact","Cleave+1"],"picked":"Iron Wave+1","floor":21.0},{"not_picked":["Flex","Berserk"],"picked":"Corruption","floor":24.0},{"not_picked":["Headbutt+1","Intimidate+1","Thunderclap+1"],"picked":"SKIP","floor":27.0},{"not_picked":["Cleave+1","Wild Strike+1"],"picked":"Offering","floor":28},{"not_picked":["Headbutt+1","Shrug It Off"],"picked":"Iron Wave+1","floor":31},{"not_picked":["Juggernaut","Offering"],"picked":"Reaper+1","floor":33},{"not_picked":["Twin Strike+1","Evolve+1","Reckless Charge+1"],"picked":"SKIP","floor":35},{"not_picked":["Cleave+1","Headbutt+1","Reckless Charge+1"],"picked":"SKIP","floor":39},{"not_picked":["Thunderclap+1","Rage"],"picked":"Shrug It Off+1","floor":41},{"not_picked":["True Grit","Uppercut+1","Sword Boomerang+1"],"picked":"SKIP","floor":44},{"not_picked":["Rampage+1","Warcry+1"],"picked":"Heavy Blade+1","floor":45},{"not_picked":["Cleave+1","Shrug It Off"],"picked":"Battle Trance","floor":46},{"not_picked":["Blind","Thinking Ahead"],"picked":"Metamorphosis","floor":47}],"player_experience":222127,"relics_obtained":[{"floor":6.0,"key":"Molten Egg 2"},{"floor":9.0,"key":"Gremlin Horn"},{"floor":10.0,"key":"Bronze Scales"},{"floor":19.0,"key":"Nilry\u0027s Codex"},{"floor":22.0,"key":"Girya"},{"floor":24.0,"key":"Tiny Chest"},{"floor":26.0,"key":"Darkstone Periapt"},{"floor":28,"key":"PreservedInsect"},{"floor":34,"key":"Omamori"},{"floor":34,"key":"Meat on the Bone"},{"floor":34,"key":"Ginger"},{"floor":36,"key":"Turnip"},{"floor":41,"key":"Anchor"},{"floor":43,"key":"Bottled Flame"},{"floor":46,"key":"Bird Faced Urn"}],"event_choices":[{"damage_healed":0.0,"max_hp_gain":0.0,"max_hp_loss":0.0,"gold_gain":0.0,"event_name":"Scrap Ooze","player_choice":"Success","floor":2.0,"gold_loss":0.0,"damage_taken":3.0,"relics_obtained":["Self Forming Clay"]},{"damage_healed":0.0,"max_hp_gain":0.0,"max_hp_loss":0.0,"gold_gain":0.0,"event_name":"WeMeetAgain","player_choice":"Paid Gold","floor":5.0,"gold_loss":51.0,"damage_taken":0.0,"relics_obtained":["The Courier"]},{"damage_healed":0.0,"max_hp_gain":0.0,"max_hp_loss":0.0,"gold_gain":75.0,"event_name":"World of Goop","player_choice":"Gather Gold","floor":11.0,"gold_loss":0.0,"damage_taken":11.0},{"damage_healed":0.0,"max_hp_gain":0.0,"max_hp_loss":0.0,"gold_gain":0.0,"event_name":"Cursed Tome","player_choice":"Obtained Book","floor":19.0,"gold_loss":0.0,"damage_taken":16.0},{"damage_healed":0,"gold_gain":0,"player_choice":"Became a vampire","damage_taken":0,"max_hp_gain":0,"max_hp_loss":24,"event_name":"Vampires","floor":29,"gold_loss":0,"cards_obtained":["Bite","Bite","Bite","Bite","Bite"]},{"damage_healed":0,"gold_gain":0,"player_choice":"Fight","damage_taken":0,"max_hp_gain":0,"max_hp_loss":0,"event_name":"MindBloom","floor":36,"gold_loss":0},{"damage_healed":0,"gold_gain":0,"player_choice":"Max HP","damage_taken":0,"max_hp_gain":0,"max_hp_loss":4,"event_name":"Winding Halls","floor":37,"gold_loss":0},{"damage_healed":0,"gold_gain":0,"player_choice":"Memory 1","damage_taken":0,"max_hp_gain":0,"max_hp_loss":0,"event_name":"SensoryStone","floor":47,"gold_loss":0},{"cards_removed":["Defend_R"],"damage_healed":0,"gold_gain":0,"player_choice":"Removed Skill","damage_taken":0,"max_hp_gain":0,"max_hp_loss":0,"event_name":"Falling","floor":48,"gold_loss":0}],"is_beta":false,"boss_relics":[{"not_picked":["Astrolabe","White Beast Statue"],"picked":"Philosopher\u0027s Stone"},{"not_picked":["Pandora\u0027s Box","Empty Cage"],"picked":"Calling Bell"}],"items_purged_floors":[12,38],"is_endless":false,"potions_floor_spawned":[1,6,14,18,20,31,36,45,46],"ascension_level":4}