{"gold_per_floor":[360,374,385,27,47,47,76,89,89,89],"floor_reached":10,"playtime":417,"items_purged":["Strike_G"],"score":140,"play_id":"ed1b3d7e-2ae5-4d67-9ba9-82e63304f074","local_time":"20181229010337","is_ascension_mode":true,"campfire_choices":[{"floor":6,"key":"REST"}],"neow_cost":"PERCENT_DAMAGE","seed_source_timestamp":189776041596533,"circlet_count":0,"master_deck":["AscendersBane","Defend_G","Defend_G","Defend_G","Defend_G","Defend_G","Strike_G","Strike_G","Strike_G","Strike_G","Survivor","Neutralize","Poisoned Stab","Deadly Poison","Adrenaline","Dagger Spray","Footwork"],"relics":["Ring of the Snake","Pantograph","Bird Faced Urn","Orichalcum"],"potions_floor_usage":[10],"damage_taken":[{"damage":3,"enemies":"Cultist","floor":1,"turns":5},{"damage":0,"enemies":"Small Slimes","floor":2,"turns":3},{"damage":0,"enemies":"Jaw Worm","floor":3,"turns":3},{"damage":26,"enemies":"Exordium Thugs","floor":5,"turns":7},{"damage":24,"enemies":"Gremlin Nob","floor":7,"turns":4},{"damage":9,"enemies":"Lots of Slimes","floor":8,"turns":4},{"damage":4,"enemies":"3 Sentries","floor":10,"turns":3}],"seed_played":"-7545398570308185767","potions_obtained":[{"floor":7,"key":"Ancient Potion"},{"floor":8,"key":"Swift Potion"}],"is_trial":false,"path_per_floor":["M","M","M","$","M","R","E","M","T","E"],"character_chosen":"THE_SILENT","items_purchased":["Pantograph"],"campfire_rested":1,"item_purchase_floors":[4],"current_hp_per_floor":[41,41,41,41,15,34,10,1,1,0],"gold":89,"neow_bonus":"TWO_FIFTY_GOLD","is_prod":false,"is_daily":false,"chose_seed":false,"campfire_upgraded":0,"win_rate":0,"timestamp":1546045417,"path_taken":["M","M","?","$","M","R","E","?","T","E"],"build_version":"2018-12-25","purchased_purges":1,"victory":false,"max_hp_per_floor":[66,66,66,66,66,66,66,66,66,66],"card_choices":[{"not_picked":["Cloak And Dagger","Deflect"],"picked":"Poisoned Stab","floor":1},{"not_picked":["Heel Hook","Blur"],"picked":"Deadly Poison","floor":2},{"not_picked":["Skewer","Sucker Punch","Flying Knee"],"picked":"SKIP","floor":3},{"not_picked":["Poisoned Stab","Acrobatics"],"picked":"Adrenaline","floor":5},{"not_picked":["Deadly Poison","Skewer"],"picked":"Dagger Spray","floor":7},{"not_picked":["PiercingWail","Choke"],"picked":"Footwork","floor":8}],"player_experience":1721392,"relics_obtained":[{"floor":7,"key":"Bird Faced Urn"},{"floor":9,"key":"Orichalcum"}],"event_choices":[],"is_beta":true,"boss_relics":[],"items_purged_floors":[4],"is_endless":false,"potions_floor_spawned":[7,8],"killed_by":"3 Sentries","ascension_level":20}