{"gold_per_floor":[116,136,146,163,174,174,174,200,200,233,248,263,263],"floor_reached":13,"playtime":538,"items_purged":[],"score":198,"play_id":"893dbd9e-c100-47c7-bf21-c6af80545118","local_time":"20190127172354","is_ascension_mode":true,"campfire_choices":[{"data":"Poisoned Stab","floor":6,"key":"SMITH"}],"neow_cost":"NONE","seed_source_timestamp":84199449250176,"circlet_count":0,"master_deck":["AscendersBane","Defend_G","Defend_G","Defend_G","Defend_G","Defend_G","Strike_G","Strike_G","Strike_G","Strike_G","Strike_G","Survivor","Neutralize","Quick Slash","Poisoned Stab+1","Deadly Poison","Dagger Spray","Footwork","Dodge and Roll","Masterful Stab","Noxious Fumes","Deflect"],"special_seed":0,"relics":["Ring of the Snake","Torii","Smiling Mask","Pen Nib"],"potions_floor_usage":[5,8,10],"damage_taken":[{"damage":0.0,"enemies":"Cultist","floor":1.0,"turns":3.0},{"damage":2.0,"enemies":"Jaw Worm","floor":2.0,"turns":5.0},{"damage":1.0,"enemies":"Small Slimes","floor":3.0,"turns":3.0},{"damage":12,"enemies":"3 Louse","floor":4,"turns":3},{"damage":0,"enemies":"Looter","floor":5,"turns":3},{"damage":5,"enemies":"Gremlin Nob","floor":8,"turns":4},{"damage":24,"enemies":"Lagavulin","floor":10,"turns":8},{"damage":0,"enemies":"Large Slime","floor":11,"turns":4},{"damage":0,"enemies":"2 Fungi Beasts","floor":12,"turns":2},{"damage":39,"enemies":"Gremlin Nob","floor":13,"turns":3}],"seed_played":"126515014397267476","potions_obtained":[{"floor":1.0,"key":"GhostInAJar"},{"floor":3.0,"key":"EssenceOfSteel"},{"floor":8,"key":"FearPotion"}],"is_trial":false,"path_per_floor":["M","M","M","M","M","R","?","E","T","E","M","M","E"],"character_chosen":"THE_SILENT","items_purchased":[],"campfire_rested":0,"item_purchase_floors":[],"current_hp_per_floor":[59,57,56,44,44,44,44,39,39,15,15,15,0],"gold":263,"neow_bonus":"THREE_CARDS","is_prod":false,"is_daily":false,"chose_seed":false,"campfire_upgraded":1,"win_rate":0,"timestamp":1548609834,"path_taken":["M","M","?","M","?","R","?","E","T","E","M","M","E"],"build_version":"2019-01-23","purchased_purges":0,"victory":false,"max_hp_per_floor":[66,66,66,66,66,66,66,66,66,66,66,66,66],"card_choices":[{"not_picked":["Deflect","Flying Knee"],"picked":"Quick Slash","floor":0.0},{"not_picked":["Eviscerate","PiercingWail"],"picked":"Poisoned Stab","floor":1.0},{"not_picked":["Quick Slash","Expertise"],"picked":"Deadly Poison","floor":2.0},{"not_picked":["Outmaneuver","Dodge and Roll"],"picked":"Dagger Spray","floor":3.0},{"not_picked":["Caltrops","Endless Agony"],"picked":"Footwork","floor":4},{"not_picked":["Flying Knee","Dagger Spray"],"picked":"Dodge and Roll","floor":5},{"not_picked":["Accuracy","Sucker Punch","Endless Agony"],"picked":"SKIP","floor":8},{"not_picked":["Infinite Blades","Deadly Poison"],"picked":"Noxious Fumes","floor":10},{"not_picked":["Prepared","Reflex","All Out Attack"],"picked":"SKIP","floor":11},{"not_picked":["Outmaneuver","Underhanded Strike"],"picked":"Deflect","floor":12}],"player_experience":1784637,"relics_obtained":[{"floor":8,"key":"Torii"},{"floor":9,"key":"Smiling Mask"},{"floor":10,"key":"Pen Nib"}],"event_choices":[{"damage_healed":0,"gold_gain":0,"player_choice":"1 cards matched","damage_taken":0,"max_hp_gain":0,"max_hp_loss":0,"event_name":"Match and Keep!","floor":7,"gold_loss":0,"cards_obtained":["Masterful Stab"]}],"is_beta":true,"boss_relics":[],"items_purged_floors":[],"is_endless":false,"potions_floor_spawned":[1,3,4,8],"killed_by":"Gremlin Nob","ascension_level":20}