{"gold_per_floor":[118,118,136,156,81,81,99,126,126,158,158,183,213,223,223,302,302,318,328,328,328,347,379,398,398,398,398,414,438,438,438,438,512,512,531,549,549,370,370,370],"floor_reached":40,"playtime":5461,"items_purged":["Strike_G","Writhe"],"score":848,"play_id":"bed33d02-2772-4e84-b060-470e85fc92cb","local_time":"20190130222049","is_ascension_mode":true,"campfire_choices":[{"data":"Dagger Spray","floor":6,"key":"SMITH"},{"data":"Poisoned Stab","floor":11,"key":"SMITH"},{"data":"Neutralize","floor":15,"key":"SMITH"},{"floor":25,"key":"REST"},{"data":"Noxious Fumes","floor":27,"key":"SMITH"},{"floor":30,"key":"REST"},{"floor":32,"key":"REST"}],"neow_cost":"NONE","seed_source_timestamp":356419190256050,"circlet_count":0,"master_deck":["AscendersBane","Defend_G+1","Defend_G+1","Defend_G+1","Defend_G+1","Defend_G+1","Survivor","Neutralize+1","Dagger Spray+1","Backstab","Die Die Die","Poisoned Stab+1","Noxious Fumes+1","Die Die Die","Quick Slash","PiercingWail","Deflect","PiercingWail+1","Bouncing Flask","Malaise","Infinite Blades+1","Die Die Die+1","Caltrops+1","Backflip","PiercingWail","Catalyst"],"relics":["Ring of the Snake","Snake Skull","Strawberry","Pantograph","Gambling Chip","Art of War","Sozu","Pen Nib","Dream Catcher","Singing Bowl","Astrolabe"],"potions_floor_usage":[8,12,23,24],"damage_taken":[{"damage":1,"enemies":"Small Slimes","floor":1,"turns":4},{"damage":0,"enemies":"Cultist","floor":3,"turns":5},{"damage":0,"enemies":"2 Louse","floor":4,"turns":2},{"damage":0,"enemies":"Blue Slaver","floor":7,"turns":4},{"damage":28,"enemies":"Gremlin Nob","floor":8,"turns":4},{"damage":2,"enemies":"3 Sentries","floor":10,"turns":4},{"damage":29,"enemies":"Gremlin Nob","floor":12,"turns":4},{"damage":0,"enemies":"2 Fungi Beasts","floor":14,"turns":1},{"damage":15,"enemies":"Hexaghost","floor":16,"turns":9},{"damage":3,"enemies":"2 Thieves","floor":18,"turns":2},{"damage":4,"enemies":"Chosen","floor":19,"turns":3},{"damage":4,"enemies":"Snecko","floor":22,"turns":4},{"damage":49,"enemies":"Book of Stabbing","floor":23,"turns":6},{"damage":0,"enemies":"Snake Plant","floor":24,"turns":4},{"damage":22,"enemies":"Shelled Parasite and Fungi","floor":28,"turns":4},{"damage":65,"enemies":"Automaton","floor":33,"turns":11},{"damage":0,"enemies":"3 Shapes","floor":35,"turns":1},{"damage":3,"enemies":"Orb Walker","floor":36,"turns":3},{"damage":59,"enemies":"Giant Head","floor":40,"turns":6}],"seed_played":"-6803204432902371935","potions_obtained":[{"floor":3,"key":"SteroidPotion"},{"floor":8,"key":"Fruit Juice"},{"floor":10,"key":"Dexterity Potion"},{"floor":14,"key":"GamblersBrew"}],"is_trial":false,"path_per_floor":["M","?","M","M","$","R","M","E","T","E","R","E","?","M","R","B",null,"M","M","?","?","M","E","M","R","T","R","M","T","R","?","R","B",null,"M","M","?","$","?","E"],"character_chosen":"THE_SILENT","items_purchased":["Catalyst"],"campfire_rested":3,"item_purchase_floors":[38],"current_hp_per_floor":[58,58,58,58,58,58,58,37,37,35,35,11,11,11,11,21,64,61,57,57,57,53,4,4,27,27,27,5,5,28,28,51,11,61,61,58,58,58,58,0],"gold":370,"neow_bonus":"RANDOM_COMMON_RELIC","is_prod":false,"is_daily":false,"chose_seed":false,"campfire_upgraded":4,"win_rate":0,"timestamp":1548886849,"path_taken":["M","?","?","M","$","R","M","E","T","E","R","E","?","M","R","BOSS","M","M","?","?","M","E","M","R","T","R","?","?","R","?","R","BOSS","M","M","?","$","?","E"],"build_version":"2019-01-23","purchased_purges":2,"victory":false,"max_hp_per_floor":[66,66,66,66,66,66,66,73,73,73,73,78,78,78,78,78,78,78,78,78,78,78,78,78,78,78,78,78,78,78,78,78,78,78,78,78,78,78,78,78],"card_choices":[{"not_picked":["Bane","Prepared"],"picked":"Infinite Blades","floor":1},{"not_picked":["Outmaneuver","Endless Agony"],"picked":"Dagger Spray","floor":3},{"not_picked":["Dodge and Roll","Blade Dance"],"picked":"Backstab","floor":4},{"not_picked":["Underhanded Strike","Eviscerate"],"picked":"Die Die Die","floor":7},{"not_picked":["Dodge and Roll","Cloak And Dagger","Endless Agony"],"picked":"SKIP","floor":8},{"not_picked":["Quick Slash","Predator"],"picked":"Poisoned Stab","floor":10},{"not_picked":["PiercingWail","Footwork"],"picked":"Noxious Fumes","floor":12},{"not_picked":["Prepared","Cloak And Dagger","Choke"],"picked":"SKIP","floor":14},{"not_picked":["A Thousand Cuts","Grand Finale"],"picked":"Die Die Die","floor":16},{"not_picked":["Heel Hook","Dagger Throw","Calculated Gamble"],"picked":"SKIP","floor":18},{"not_picked":["Prepared","Slice","Flying Knee"],"picked":"SKIP","floor":19},{"not_picked":["Blur","Blade Dance"],"picked":"PiercingWail","floor":22},{"not_picked":["Quick Slash","Blade Dance","Cloak And Dagger"],"picked":"SKIP","floor":23},{"not_picked":["Skewer","Poisoned Stab"],"picked":"Deflect","floor":24},{"not_picked":["Poisoned Stab","Bullet Time","Cloak And Dagger"],"picked":"SKIP","floor":28},{"not_picked":["Caltrops","Deflect"],"picked":"PiercingWail+1","floor":30},{"not_picked":["Endless Agony","PiercingWail"],"picked":"Bouncing Flask","floor":32},{"not_picked":["Night Terror","Unload"],"picked":"Malaise","floor":33},{"not_picked":["Dagger Spray+1","Slice"],"picked":"Backflip","floor":35},{"not_picked":["Deadly Poison","Tools of the Trade"],"picked":"PiercingWail","floor":36}],"player_experience":1794503,"relics_obtained":[{"floor":8,"key":"Strawberry"},{"floor":9,"key":"Pantograph"},{"floor":10,"key":"Gambling Chip"},{"floor":12,"key":"Art of War"},{"floor":23,"key":"Pen Nib"},{"floor":29,"key":"Dream Catcher"}],"event_choices":[{"cards_removed":["Strike_G"],"damage_healed":0,"gold_gain":0,"player_choice":"Offered Basic","damage_taken":0,"max_hp_gain":0,"max_hp_loss":0,"event_name":"Bonfire Elementals","floor":2,"gold_loss":0},{"damage_healed":0,"gold_gain":30,"player_choice":"Searched \u00271\u0027 times","damage_taken":0,"max_hp_gain":0,"max_hp_loss":0,"event_name":"Dead Adventurer","floor":13,"gold_loss":0},{"damage_healed":0,"gold_gain":0,"player_choice":"Simplicity","damage_taken":0,"max_hp_gain":0,"max_hp_loss":0,"event_name":"Back to Basics","floor":20,"gold_loss":0,"cards_upgraded":["Defend_G","Defend_G","Defend_G","Defend_G","Defend_G","Strike_G","Strike_G","Strike_G"]},{"damage_healed":0,"gold_gain":0,"cards_transformed":["Infinite Blades"],"player_choice":"Transformed","damage_taken":0,"max_hp_gain":0,"max_hp_loss":0,"event_name":"Transmorgrifier","floor":21,"gold_loss":0,"cards_obtained":["Quick Slash"]},{"damage_healed":0,"gold_gain":0,"player_choice":"Opened","damage_taken":0,"relics_obtained":["Singing Bowl"],"max_hp_gain":0,"max_hp_loss":0,"event_name":"The Mausoleum","floor":31,"gold_loss":0,"cards_obtained":["Writhe"]},{"damage_healed":0,"gold_gain":0,"player_choice":"Ignored","damage_taken":0,"max_hp_gain":0,"max_hp_loss":0,"event_name":"Tomb of Lord Red Mask","floor":37,"gold_loss":0},{"damage_healed":0,"gold_gain":0,"player_choice":"Got Potions","damage_taken":0,"max_hp_gain":0,"max_hp_loss":0,"event_name":"Lab","floor":39,"gold_loss":0}],"is_beta":true,"boss_relics":[{"not_picked":["Runic Dome","Orrery"],"picked":"Sozu"},{"not_picked":["Pandora\u0027s Box","Cursed Key"],"picked":"Astrolabe"}],"items_purged_floors":[5,38],"is_endless":false,"potions_floor_spawned":[3,8,10,14,19,22,28],"killed_by":"Giant Head","ascension_level":20}