{"gold_per_floor":[109,123,48,62,62,93,93,106,188,188,27,62,62,92,92,166,166,178,103,46,46,78,111,111,140,140,140,1,21,21,36,36,112,112,127,145,245,264,283,297,297,13,38,38,65,83,83,93,93,93,93,93,93,36,70,70],"floor_reached":56,"playtime":3444,"items_purged":["Strike_B","Dualcast"],"score":2126,"play_id":"803299c6-e413-4c5c-acbf-ab5aec5df927","local_time":"20181101222035","is_ascension_mode":true,"campfire_choices":[{"data":"Zap","floor":7,"key":"SMITH"},{"data":"Coolheaded","floor":10,"key":"SMITH"},{"floor":13,"key":"REST"},{"data":"White Noise","floor":15,"key":"SMITH"},{"floor":24,"key":"REST"},{"floor":27,"key":"REST"},{"data":"Fission","floor":30,"key":"SMITH"},{"data":"Defragment","floor":32,"key":"SMITH"},{"floor":44,"key":"RECALL"},{"floor":47,"key":"REST"},{"data":"Biased Cognition","floor":49,"key":"SMITH"},{"data":"Recycle","floor":53,"key":"SMITH"}],"neow_cost":"NONE","seed_source_timestamp":111144165718827,"circlet_count":0,"master_deck":["AscendersBane","Defend_B","Defend_B","Defend_B","Defend_B","Zap+1","White Noise+1","Coolheaded+1","Ball Lightning","Gash","Cold Snap","Compile Driver","Hologram","Steam","Gash","Fission+1","Melter","Compile Driver","Go for the Eyes","Coolheaded","Glacier","Compile Driver","Gash","Defragment+1","Cold Snap","Compile Driver","Sweeping Beam","Compile Driver+1","Static Discharge+1","Stack","Pain","Biased Cognition+1","Recycle+1","Core Surge","Coolheaded+1"],"special_seed":0,"relics":["Cracked Core","Incense Burner","Shuriken","Potion Belt","FossilizedHelix","Cursed Key","Red Mask","Dream Catcher","Pen Nib","Lizard Tail","Bird Faced Urn","Symbiotic Virus","Pocketwatch","Unceasing Top"],"potions_floor_usage":[8,8,12,22,23,33,45,46,56,56,56],"damage_taken":[{"damage":0.0,"enemies":"2 Louse","floor":1.0,"turns":1.0},{"damage":4.0,"enemies":"Small Slimes","floor":2.0,"turns":3.0},{"damage":2,"enemies":"Jaw Worm","floor":4,"turns":4},{"damage":26,"enemies":"Lagavulin","floor":6,"turns":7},{"damage":0,"enemies":"Gremlin Gang","floor":8,"turns":1},{"damage":20,"enemies":"3 Sentries","floor":12,"turns":7},{"damage":27,"enemies":"Gremlin Nob","floor":14,"turns":5},{"damage":0,"enemies":"Slime Boss","floor":16,"turns":10},{"damage":0,"enemies":"Chosen","floor":18,"turns":5},{"damage":19,"enemies":"Masked Bandits","floor":22,"turns":5},{"damage":16,"enemies":"Slavers","floor":23,"turns":5},{"damage":37,"enemies":"Book of Stabbing","floor":25,"turns":7},{"damage":0,"enemies":"3 Byrds","floor":29,"turns":4},{"damage":0,"enemies":"3 Cultists","floor":31,"turns":4},{"damage":0,"enemies":"Champ","floor":33,"turns":7},{"damage":6,"enemies":"3 Darklings","floor":35,"turns":5},{"damage":0,"enemies":"3 Shapes","floor":36,"turns":5},{"damage":0,"enemies":"Mind Bloom Boss Battle","floor":37,"turns":4},{"damage":54,"enemies":"Jaw Worm Horde","floor":38,"turns":27},{"damage":0,"enemies":"3 Darklings","floor":39,"turns":4},{"damage":0,"enemies":"Maw","floor":40,"turns":6},{"damage":63,"enemies":"Reptomancer","floor":45,"turns":10},{"damage":8,"enemies":"Spire Growth","floor":46,"turns":4},{"damage":33,"enemies":"3 Darklings","floor":48,"turns":20},{"damage":33,"enemies":"Awakened One","floor":50,"turns":11},{"damage":42,"enemies":"Donu and Deca","floor":51,"turns":9},{"damage":135,"enemies":"Shield and Spear","floor":55,"turns":8},{"damage":28,"enemies":"The Heart","floor":56,"turns":2}],"seed_played":"2584741630451446536","potions_obtained":[{"floor":1.0,"key":"Ancient Potion"},{"floor":6,"key":"SneckoOil"},{"floor":8,"key":"SkillPotion"},{"floor":14,"key":"Ancient Potion"},{"floor":22,"key":"Swift Potion"},{"floor":31,"key":"Regen Potion"},{"floor":35,"key":"FairyPotion"},{"floor":36,"key":"Ancient Potion"},{"floor":39,"key":"FocusPotion"},{"floor":40,"key":"Weak Potion"},{"floor":48,"key":"SteroidPotion"},{"floor":55,"key":"EssenceOfSteel"}],"is_trial":false,"path_per_floor":["M","M","M","?","M","?","E","R","M","T","R","$","E","R","E","R","B",null,"M","?","$","?","?","E","R","E","T","R","$","M","R","M","R","B",null,"M","M","?","M","M","M","?","$","T","R","E","M","R","M","R","B","B",null,"R","$","E","B"],"character_chosen":"DEFECT","items_purchased":["Compile Driver","Hologram","Compile Driver","Defragment","Symbiotic Virus","Strength Potion"],"campfire_rested":4,"item_purchase_floors":[11,11,20,28,42,54],"current_hp_per_floor":[64,60,60,58,63,37,37,37,37,37,37,17,39,12,12,12,60,60,60,60,60,41,25,47,10,10,32,32,32,32,32,32,47,69,63,63,63,76,76,76,86,86,86,86,25,25,50,86,86,59,25,71,71,71,23,0],"gold":70,"neow_bonus":"REMOVE_CARD","is_prod":false,"is_daily":false,"chose_seed":false,"campfire_upgraded":7,"win_rate":0,"timestamp":1541110835,"path_taken":["M","M","?","M","?","E","R","M","T","R","$","E","R","E","R","BOSS","M","?","$","?","?","E","R","E","T","R","?","M","R","M","R","BOSS","M","?","?","M","M","M","?","$","T","R","E","M","R","M","R","BOSS","BOSS","R","$","E","BOSS"],"build_version":"2018-11-01","purchased_purges":2,"victory":false,"max_hp_per_floor":[71,71,71,71,76,76,76,76,76,76,76,76,76,76,76,76,76,76,76,76,76,76,76,76,76,76,76,76,76,76,76,76,76,76,76,76,76,76,76,76,86,86,86,86,86,86,86,86,86,86,86,86,86,86,86,86],"card_choices":[{"not_picked":["Steam Power","Blizzard"],"picked":"White Noise","floor":1.0},{"not_picked":["Fusion","Barrage"],"picked":"Coolheaded","floor":2},{"not_picked":["Coolheaded","Chill"],"picked":"Ball Lightning","floor":4},{"not_picked":["Streamline","Steam"],"picked":"Gash","floor":6},{"not_picked":["Leap","Stack"],"picked":"Cold Snap","floor":8},{"not_picked":["Coolheaded","Recycle"],"picked":"Steam","floor":12},{"not_picked":["Doom and Gloom","Static Discharge"],"picked":"Gash","floor":14},{"not_picked":["Rainbow","Hyperbeam"],"picked":"Fission","floor":16},{"not_picked":["Consume+1","BootSequence"],"picked":"Melter","floor":18},{"not_picked":["Conserve Battery","Leap"],"picked":"Coolheaded","floor":22},{"not_picked":["Self Repair","Machine Learning","Go for the Eyes"],"picked":"SKIP","floor":23},{"not_picked":["Barrage","Blizzard"],"picked":"Glacier","floor":24},{"not_picked":["Rip and Tear+1","Rebound"],"picked":"Compile Driver","floor":25},{"not_picked":["Skim","Meteor Strike"],"picked":"Gash","floor":27},{"not_picked":["Coolheaded+1","Force Field"],"picked":"Cold Snap","floor":29},{"not_picked":["BootSequence","Turbo","Undo"],"picked":"SKIP","floor":31},{"not_picked":["Machine Learning","Hyperbeam"],"picked":"Rainbow","floor":33},{"not_picked":["Beam Cell","Rip and Tear+1"],"picked":"Compile Driver","floor":35},{"not_picked":["Stack","Barrage+1"],"picked":"Sweeping Beam","floor":36},{"not_picked":["Tempest+1","Go for the Eyes+1"],"picked":"Compile Driver+1","floor":38},{"not_picked":["Go for the Eyes+1","Genetic Algorithm"],"picked":"Static Discharge+1","floor":39},{"not_picked":["Melter","Static Discharge+1"],"picked":"Stack","floor":40},{"not_picked":["Rebound","Hologram"],"picked":"Biased Cognition","floor":45},{"not_picked":["Cold Snap","Streamline+1"],"picked":"Recycle","floor":46},{"not_picked":["Cold Snap","Static Discharge"],"picked":"Core Surge","floor":48},{"not_picked":["Barrage","Compile Driver"],"picked":"Coolheaded+1","floor":55}],"player_experience":1597019,"relics_obtained":[{"floor":6,"key":"Incense Burner"},{"floor":9,"key":"Shuriken"},{"floor":12,"key":"Potion Belt"},{"floor":14,"key":"FossilizedHelix"},{"floor":22,"key":"Red Mask"},{"floor":23,"key":"Dream Catcher"},{"floor":25,"key":"Pen Nib"},{"floor":37,"key":"Bird Faced Urn"},{"floor":45,"key":"Pocketwatch"},{"floor":55,"key":"Unceasing Top"}],"event_choices":[{"cards_removed":["Strike_B"],"damage_healed":0,"gold_gain":0,"player_choice":"Card Removal","damage_taken":0,"max_hp_gain":0,"max_hp_loss":0,"event_name":"The Cleric","floor":3,"gold_loss":75},{"damage_healed":0,"gold_gain":0,"player_choice":"Donut","damage_taken":0,"max_hp_gain":5,"max_hp_loss":0,"event_name":"Big Fish","floor":5,"gold_loss":0},{"cards_removed":["Strike_B"],"damage_healed":0,"gold_gain":0,"player_choice":"Gave Gold","damage_taken":0,"max_hp_gain":0,"max_hp_loss":0,"event_name":"Beggar","floor":19,"gold_loss":75},{"damage_healed":0,"gold_gain":0,"player_choice":"Read","damage_taken":0,"max_hp_gain":0,"max_hp_loss":0,"event_name":"The Library","floor":21,"gold_loss":0,"cards_obtained":["Go for the Eyes"]},{"damage_healed":0,"gold_gain":0,"player_choice":"Fought Bandits","damage_taken":0,"max_hp_gain":0,"max_hp_loss":0,"event_name":"Masked Bandits","floor":22,"gold_loss":0},{"damage_healed":0,"gold_gain":0,"player_choice":"Fight","damage_taken":0,"max_hp_gain":0,"max_hp_loss":0,"event_name":"MindBloom","floor":37,"gold_loss":0},{"cards_removed":["Rainbow"],"damage_healed":0,"gold_gain":0,"player_choice":"Offered Rare","damage_taken":0,"max_hp_gain":10,"max_hp_loss":0,"event_name":"Bonfire Elementals","floor":41,"gold_loss":0}],"is_beta":true,"boss_relics":[{"not_picked":["White Beast Statue","Runic Pyramid"],"picked":"Cursed Key"},{"not_picked":["Calling Bell","Eternal Feather"],"picked":"Lizard Tail"}],"items_purged_floors":[11,28],"is_endless":false,"potions_floor_spawned":[1,6,8,14,22,31,35,36,39,40,48,55],"killed_by":"The Heart","ascension_level":20}