{"gold_per_floor":[112,112,126,143,163,198,198,227,227,227,305,340,353,369,369,444,444,457,474,474],"floor_reached":20,"playtime":790,"items_purged":[],"score":392,"play_id":"5c72b061-4e31-4afa-9877-8449e43eca16","local_time":"20190730165050","is_ascension_mode":true,"campfire_choices":[{"data":"Armaments","floor":7.0,"key":"SMITH"},{"data":"Bash","floor":10.0,"key":"SMITH"},{"data":"Juggernaut","floor":15.0,"key":"SMITH"}],"neow_cost":"NONE","seed_source_timestamp":1213210656513719,"circlet_count":0,"master_deck":["AscendersBane","Strike_R","Strike_R","Strike_R","Strike_R","Strike_R","Defend_R","Defend_R","Defend_R","Defend_R","Bash+1","Armaments+1","Combust+1","Twin Strike","Anger","Juggernaut+1","Body Slam+1","Shrug It Off","Feed+1","Shrug It Off"],"special_seed":0,"relics":["Burning Blood","Orichalcum","Champion Belt","Molten Egg 2","Pear","Velvet Choker"],"potions_floor_usage":[20],"damage_taken":[{"damage":2.0,"enemies":"2 Louse","floor":1.0,"turns":4.0},{"damage":5.0,"enemies":"Jaw Worm","floor":3.0,"turns":4.0},{"damage":8.0,"enemies":"Small Slimes","floor":4.0,"turns":5.0},{"damage":16.0,"enemies":"Blue Slaver","floor":5.0,"turns":5.0},{"damage":10.0,"enemies":"Gremlin Nob","floor":6.0,"turns":3.0},{"damage":23.0,"enemies":"3 Sentries","floor":8.0,"turns":6.0},{"damage":18.0,"enemies":"Lagavulin","floor":12.0,"turns":6.0},{"damage":2.0,"enemies":"3 Louse","floor":13.0,"turns":2.0},{"damage":10.0,"enemies":"Exordium Thugs","floor":14.0,"turns":3.0},{"damage":32.0,"enemies":"Hexaghost","floor":16.0,"turns":8.0},{"damage":8.0,"enemies":"Chosen","floor":18.0,"turns":4.0},{"damage":25,"enemies":"2 Thieves","floor":19,"turns":4},{"damage":52,"enemies":"Sentry and Sphere","floor":20,"turns":7}],"seed_played":"-6627277191574034059","potions_obtained":[{"floor":1.0,"key":"FearPotion"},{"floor":3.0,"key":"Ancient Potion"},{"floor":12.0,"key":"SkillPotion"},{"floor":19,"key":"Ancient Potion"}],"is_trial":false,"path_per_floor":["M","?","M","M","M","E","R","E","T","R","T","E","M","M","R","B",null,"M","M","M"],"character_chosen":"IRONCLAD","items_purchased":[],"campfire_rested":0,"item_purchase_floors":[],"current_hp_per_floor":[72,72,73,71,61,57,57,40,40,40,40,38,42,38,38,12,67,65,50,0],"gold":474,"neow_bonus":"THREE_CARDS","is_prod":false,"is_daily":false,"chose_seed":false,"campfire_upgraded":3,"win_rate":0,"timestamp":1564501850,"path_taken":["M","?","M","M","M","E","R","E","T","R","?","E","M","M","R","BOSS","M","M","M"],"build_version":"2019-07-18","purchased_purges":0,"victory":false,"max_hp_per_floor":[75,75,75,75,75,75,75,75,75,75,75,85,85,85,85,85,85,85,89,89],"card_choices":[{"not_picked":["Body Slam","Bloodletting"],"picked":"Armaments","floor":0.0},{"not_picked":["Blood for Blood","Shrug It Off"],"picked":"Combust","floor":1.0},{"not_picked":["Bloodletting","Perfected Strike"],"picked":"Twin Strike","floor":3.0},{"not_picked":["Havoc","Clash"],"picked":"Anger","floor":4.0},{"not_picked":["Twin Strike","Searing Blow","Body Slam"],"picked":"SKIP","floor":5.0},{"not_picked":["Perfected Strike","Shrug It Off"],"picked":"Juggernaut","floor":6.0},{"not_picked":["Blood for Blood","Wild Strike","Twin Strike"],"picked":"SKIP","floor":8.0},{"not_picked":["Cleave+1","Fire Breathing"],"picked":"Body Slam+1","floor":12.0},{"not_picked":["Anger+1","Headbutt+1","Clothesline+1"],"picked":"SKIP","floor":13.0},{"not_picked":["Dropkick+1","Wild Strike+1"],"picked":"Shrug It Off","floor":14.0},{"not_picked":["Impervious","Bludgeon+1"],"picked":"Feed+1","floor":16.0},{"not_picked":["Armaments","Pommel Strike+1"],"picked":"Shrug It Off","floor":18.0},{"not_picked":["Body Slam+1","Twin Strike+1","Bloodletting"],"picked":"SKIP","floor":19}],"player_experience":2265946,"relics_obtained":[{"floor":6.0,"key":"Orichalcum"},{"floor":8.0,"key":"Champion Belt"},{"floor":9.0,"key":"Molten Egg 2"},{"floor":12.0,"key":"Pear"}],"event_choices":[{"damage_healed":0.0,"max_hp_gain":0.0,"max_hp_loss":0.0,"gold_gain":0.0,"event_name":"Living Wall","player_choice":"Grow","floor":2.0,"gold_loss":0.0,"damage_taken":0.0,"cards_upgraded":["Combust"]}],"is_beta":true,"boss_relics":[{"not_picked":["Black Star","Lizard Tail"],"picked":"Velvet Choker"}],"items_purged_floors":[],"is_endless":false,"potions_floor_spawned":[1,3,5,12,19],"killed_by":"Sentry and Sphere","ascension_level":20}