{"gold_per_floor":[109,128,138,138,138,173,173,194,264,285,301,301,226,246,246,342,342,342,342,342,342,342,342,342,18,18,18,18,18,18,18,18,18,18,18,18,18,18,18,18],"floor_reached":40,"playtime":2420,"items_purged":[],"score":824,"play_id":"690df2a8-d87f-4b65-bfbd-0e3084183323","local_time":"20180908010824","is_ascension_mode":true,"campfire_choices":[{"data":"Bash","floor":7.0,"key":"SMITH"},{"data":"Spot Weakness","floor":12.0,"key":"SMITH"},{"data":"Armaments","floor":15.0,"key":"SMITH"},{"floor":23.0,"key":"REST"},{"floor":30.0,"key":"REST"},{"data":"True Grit","floor":32.0,"key":"SMITH"}],"neow_cost":"NONE","seed_source_timestamp":0,"circlet_count":0,"master_deck":["Strike_R+1","Strike_R+1","Strike_R+1","Defend_R+1","Defend_R+1","Defend_R+1","Defend_R+1","Bash+1","AscendersBane","Armaments+1","Anger","Iron Wave","Spot Weakness+1","Power Through","Clothesline+1","Iron Wave+1","Offering","Sword Boomerang+1","Pommel Strike+1","Pummel+1","True Grit+1","Feel No Pain","Iron Wave+1","Shrug It Off+1","Impervious","Havoc","Headbutt+1","Dropkick+1"],"special_seed":0,"relics":["Black Blood","NeowsBlessing","Golden Idol","Du-Vu Doll","Molten Egg 2","Ectoplasm","Bag of Preparation","Paper Frog","Pen Nib","Magic Flower"],"potions_floor_usage":[33,38,40,40],"damage_taken":[{"damage":0.0,"enemies":"Cultist","floor":1.0,"turns":1.0},{"damage":0.0,"enemies":"Jaw Worm","floor":2.0,"turns":1.0},{"damage":0.0,"enemies":"Small Slimes","floor":3.0,"turns":1.0},{"damage":27.0,"enemies":"Gremlin Nob","floor":6.0,"turns":4.0},{"damage":3.0,"enemies":"3 Louse","floor":8.0,"turns":4.0},{"damage":0.0,"enemies":"Red Slaver","floor":10.0,"turns":3.0},{"damage":1.0,"enemies":"2 Fungi Beasts","floor":11.0,"turns":4.0},{"damage":0.0,"enemies":"Looter","floor":14.0,"turns":2.0},{"damage":19.0,"enemies":"Hexaghost","floor":16.0,"turns":9.0},{"damage":12.0,"enemies":"Chosen","floor":18.0,"turns":4.0},{"damage":21.0,"enemies":"3 Byrds","floor":19.0,"turns":5.0},{"damage":22.0,"enemies":"Shelled Parasite and Fungi","floor":21.0,"turns":4.0},{"damage":11.0,"enemies":"Sentry and Sphere","floor":22.0,"turns":5.0},{"damage":17.0,"enemies":"Slavers","floor":27.0,"turns":3.0},{"damage":24.0,"enemies":"Centurion and Healer","floor":29.0,"turns":3.0},{"damage":22.0,"enemies":"Shelled Parasite and Fungi","floor":31.0,"turns":6.0},{"damage":38,"enemies":"Champ","floor":33,"turns":25},{"damage":21,"enemies":"3 Darklings","floor":35,"turns":7},{"damage":0,"enemies":"Orb Walker","floor":36,"turns":2},{"damage":13,"enemies":"4 Shapes","floor":37,"turns":10},{"damage":37,"enemies":"Mysterious Sphere","floor":38,"turns":4},{"damage":71,"enemies":"Giant Head","floor":40,"turns":7}],"seed_played":"1054043753495276758","potions_obtained":[{"floor":1.0,"key":"Regen Potion"},{"floor":6.0,"key":"Strength Potion"},{"floor":22.0,"key":"Explosive Potion"},{"floor":28.0,"key":"FairyPotion"},{"floor":28.0,"key":"Fruit Juice"},{"floor":29.0,"key":"Explosive Potion"},{"floor":31.0,"key":"Regen Potion"},{"floor":35,"key":"Explosive Potion"},{"floor":38,"key":"GamblersBrew"}],"is_trial":false,"path_per_floor":["M","M","M","?","?","E","R","M","T","M","M","R","?","M","R","B",null,"M","M","?","M","M","R","?","$","T","E","?","M","R","M","R","B",null,"M","M","M","?","?"],"character_chosen":"IRONCLAD","items_purchased":["Bag of Preparation","True Grit","Feel No Pain"],"campfire_rested":2,"item_purchase_floors":[25,25,25],"current_hp_per_floor":[74,75,75,49,49,28,28,31,31,37,42,42,42,48,48,35,65,59,44,44,40,35,57,57,57,57,46,51,33,57,41,41,24,66,55,65,62,35,35,0],"gold":18,"neow_bonus":"THREE_ENEMY_KILL","is_prod":false,"is_daily":false,"chose_seed":false,"campfire_upgraded":4,"win_rate":0,"timestamp":1536365304,"path_taken":["M","M","?","?","?","E","R","M","T","?","M","R","?","M","R","BOSS","M","M","?","?","M","R","?","$","T","E","?","M","R","?","R","BOSS","M","?","M","?","?","E"],"build_version":"2018-09-06","purchased_purges":0,"victory":false,"max_hp_per_floor":[75,75,75,75,75,75,75,75,75,75,75,75,75,75,75,75,75,75,75,75,75,75,75,75,75,75,75,80,80,80,80,80,80,80,80,80,80,80,80,80],"card_choices":[{"not_picked":["Warcry","Perfected Strike"],"picked":"Armaments","floor":1.0},{"not_picked":["Pummel","Entrench"],"picked":"Anger","floor":2.0},{"not_picked":["Infernal Blade","Pummel"],"picked":"Iron Wave","floor":3.0},{"not_picked":["Shrug It Off","Uppercut"],"picked":"Spot Weakness","floor":6.0},{"not_picked":["Clash","Cleave"],"picked":"Power Through","floor":8.0},{"not_picked":["Clash+1","Shrug It Off"],"picked":"Clothesline+1","floor":10.0},{"not_picked":["Intimidate","Flex"],"picked":"Iron Wave+1","floor":11.0},{"not_picked":["Burning Pact","Double Tap","Perfected Strike+1"],"picked":"SKIP","floor":14.0},{"not_picked":["Brutality","Barricade"],"picked":"Offering","floor":16.0},{"not_picked":["Twin Strike+1","Sever Soul+1"],"picked":"Sword Boomerang+1","floor":18.0},{"not_picked":["Armaments","Inflame"],"picked":"Pommel Strike+1","floor":19.0},{"not_picked":["Perfected Strike+1","Rampage+1","Juggernaut"],"picked":"SKIP","floor":21.0},{"not_picked":["Flex","Pommel Strike+1"],"picked":"Pummel+1","floor":22.0},{"not_picked":["Cleave+1","Sentinel+1","Bloodletting"],"picked":"SKIP","floor":27.0},{"not_picked":["Shockwave","Cleave+1"],"picked":"Iron Wave+1","floor":29.0},{"not_picked":["Iron Wave+1","Perfected Strike+1"],"picked":"Shrug It Off+1","floor":31.0},{"not_picked":["Dark Embrace","Brutality"],"picked":"Impervious","floor":33},{"not_picked":["Clothesline+1","Uppercut+1"],"picked":"Havoc","floor":35},{"not_picked":["Corruption","Searing Blow+1","Clash+1"],"picked":"SKIP","floor":36},{"not_picked":["Entrench+1","Rupture+1","Clothesline+1"],"picked":"SKIP","floor":37},{"not_picked":["Heavy Blade+1","Clash+1"],"picked":"Headbutt+1","floor":38}],"player_experience":1274671,"relics_obtained":[{"floor":6.0,"key":"Du-Vu Doll"},{"floor":9.0,"key":"Molten Egg 2"},{"floor":26.0,"key":"Paper Frog"},{"floor":27.0,"key":"Pen Nib"},{"floor":38,"key":"Magic Flower"}],"event_choices":[{"event_name":"Golden Idol","player_choice":"Take Damage","floor":4.0,"damage_taken":0.0},{"event_name":"Liars Game","player_choice":"disagreed","floor":5.0,"damage_taken":0.0},{"event_name":"The Cleric","player_choice":"Card Removal","floor":13.0,"damage_taken":0.0},{"event_name":"Back to Basics","player_choice":"Simplicity","floor":20.0,"damage_taken":0.0},{"event_name":"Ghosts","player_choice":"Ignored","floor":24.0,"damage_taken":0.0},{"event_name":"The Lab","player_choice":"Got Potions","floor":28.0,"damage_taken":0.0},{"event_name":"Mysterious Sphere","player_choice":"Fight","floor":38,"damage_taken":0},{"event_name":"Transmorgrifier","player_choice":"Transform","floor":39,"damage_taken":0}],"is_beta":true,"boss_relics":[{"not_picked":["Black Star","Lizard Tail"],"picked":"Ectoplasm"},{"not_picked":["Velvet Choker","Pandora\u0027s Box"],"picked":"Black Blood"}],"items_purged_floors":[],"is_endless":false,"potions_floor_spawned":[1,6,8,10,16,19,22,29,31,35,38],"killed_by":"Giant Head","ascension_level":20}