{"gold_per_floor":[116,133,283,358,43,43,61,94,94,94,129,129,145,178,178,257,257,267,267,278,290,290,290,66,66,66,79,107,107,124,159,159,159],"floor_reached":33,"playtime":1324,"items_purged":["Doubt"],"score":606,"play_id":"cd283dc9-5f87-4303-a03e-f8ca996c053b","local_time":"20190408015945","is_ascension_mode":true,"campfire_choices":[{"floor":6,"key":"REST"},{"data":"1","floor":10,"key":"LIFT"},{"floor":12,"key":"REST"},{"floor":15,"key":"REST"},{"data":"2","floor":23,"key":"LIFT"},{"data":"3","floor":25,"key":"LIFT"},{"floor":32,"key":"REST"}],"neow_cost":"PERCENT_DAMAGE","seed_source_timestamp":2172623901276670,"circlet_count":0,"master_deck":["AscendersBane","Defend_G","Defend_G","Defend_G","Defend_G","Defend_G","Strike_G","Strike_G","Strike_G","Survivor","Neutralize","PiercingWail","Deadly Poison","Flying Knee","Unload","Noxious Fumes","Slice","Quick Slash","Footwork","Night Terror","Noxious Fumes+1","Blur","Cloak And Dagger","Accuracy","Predator","Dagger Spray","Malaise"],"relics":["Ring of the Snake","Girya","Bag of Marbles","Ginger","Calipers","Ornamental Fan","Blue Candle","Runic Pyramid","Meat on the Bone","Lee\u0027s Waffle","Happy Flower","Pear"],"potions_floor_usage":[8,8,14,30,31],"damage_taken":[{"damage":11,"enemies":"Small Slimes","floor":1,"turns":6},{"damage":3,"enemies":"Jaw Worm","floor":2,"turns":8},{"damage":0,"enemies":"2 Louse","floor":7,"turns":2},{"damage":1,"enemies":"Gremlin Nob","floor":8,"turns":3},{"damage":25,"enemies":"Lagavulin","floor":11,"turns":7},{"damage":18,"enemies":"Exordium Thugs","floor":13,"turns":5},{"damage":4,"enemies":"Gremlin Nob","floor":14,"turns":4},{"damage":24,"enemies":"The Guardian","floor":16,"turns":11},{"damage":7,"enemies":"3 Byrds","floor":18,"turns":8},{"damage":12,"enemies":"Chosen","floor":20,"turns":6},{"damage":10,"enemies":"Snake Plant","floor":21,"turns":5},{"damage":16,"enemies":"Cultist and Chosen","floor":27,"turns":7},{"damage":41,"enemies":"Slavers","floor":28,"turns":6},{"damage":22,"enemies":"Chosen and Byrds","floor":30,"turns":6},{"damage":15,"enemies":"Book of Stabbing","floor":31,"turns":6},{"damage":59,"enemies":"Collector","floor":33,"turns":4}],"seed_played":"6917024104139654767","potions_obtained":[{"floor":2,"key":"EssenceOfSteel"},{"floor":7,"key":"Strength Potion"},{"floor":8,"key":"LiquidBronze"},{"floor":13,"key":"GhostInAJar"},{"floor":18,"key":"Swift Potion"}],"is_trial":false,"path_per_floor":["M","M","?","?","$","R","M","E","T","R","E","R","M","E","R","B",null,"M","?","M","M","T","R","$","R","T","M","E","?","M","E","R","B"],"character_chosen":"THE_SILENT","items_purchased":["Bag of Marbles","Flying Knee","Explosive Potion","Lee\u0027s Waffle"],"campfire_rested":4,"item_purchase_floors":[5,5,5,24],"current_hp_per_floor":[33,30,30,19,19,38,38,37,37,37,12,31,13,9,28,4,51,44,44,32,22,22,22,73,73,73,57,28,28,18,25,49,0],"gold":159,"neow_bonus":"ONE_RARE_RELIC","is_prod":false,"is_daily":false,"chose_seed":false,"campfire_upgraded":0,"win_rate":0,"timestamp":1554685185,"path_taken":["M","M","?","?","$","R","M","E","T","R","E","R","M","E","R","BOSS","M","?","M","M","?","R","$","R","T","?","E","?","M","E","R","BOSS"],"build_version":"2019-04-04","purchased_purges":1,"victory":false,"max_hp_per_floor":[66,66,66,66,66,66,66,66,66,66,66,66,66,66,66,66,66,66,66,66,66,66,66,73,73,73,73,73,73,73,83,83,83],"card_choices":[{"not_picked":["Underhanded Strike","Acrobatics"],"picked":"PiercingWail","floor":1},{"not_picked":["PiercingWail","Poisoned Stab"],"picked":"Deadly Poison","floor":2},{"not_picked":["Underhanded Strike","Concentrate"],"picked":"Unload","floor":7},{"not_picked":["Flying Knee","Slice"],"picked":"Noxious Fumes","floor":8},{"not_picked":["Acrobatics","Deflect"],"picked":"Slice","floor":11},{"not_picked":["Reflex","PiercingWail"],"picked":"Quick Slash","floor":13},{"not_picked":["Reflex","Sucker Punch"],"picked":"Footwork","floor":14},{"not_picked":["Venomology","Storm of Steel"],"picked":"Night Terror","floor":16},{"not_picked":["Poisoned Stab+1","Endless Agony","Infinite Blades"],"picked":"SKIP","floor":18},{"not_picked":["Cloak And Dagger","Acrobatics"],"picked":"Noxious Fumes+1","floor":20},{"not_picked":["Cloak And Dagger","Caltrops"],"picked":"Blur","floor":21},{"not_picked":["Finisher","Deadly Poison","Cloak And Dagger"],"picked":"SKIP","floor":27},{"not_picked":["Cloak And Dagger","Masterful Stab","Choke"],"picked":"SKIP","floor":28},{"not_picked":["Masterful Stab","Choke"],"picked":"Cloak And Dagger","floor":28},{"not_picked":["Sucker Punch","Endless Agony"],"picked":"Dagger Spray","floor":30},{"not_picked":["Blade Dance","Acrobatics+1"],"picked":"Malaise","floor":31}],"player_experience":1996031,"relics_obtained":[{"floor":8,"key":"Ginger"},{"floor":9,"key":"Calipers"},{"floor":11,"key":"Ornamental Fan"},{"floor":14,"key":"Blue Candle"},{"floor":22,"key":"Meat on the Bone"},{"floor":28,"key":"Happy Flower"},{"floor":31,"key":"Pear"}],"event_choices":[{"damage_healed":0,"gold_gain":150,"player_choice":"AGREE","damage_taken":0,"max_hp_gain":0,"max_hp_loss":0,"event_name":"Liars Game","floor":3,"gold_loss":0,"cards_obtained":["Doubt"]},{"damage_healed":0,"gold_gain":75,"player_choice":"Gather Gold","damage_taken":11,"max_hp_gain":0,"max_hp_loss":0,"event_name":"World of Goop","floor":4,"gold_loss":0},{"damage_healed":0,"gold_gain":0,"player_choice":"Ignored","damage_taken":0,"max_hp_gain":0,"max_hp_loss":0,"event_name":"The Mausoleum","floor":19,"gold_loss":0},{"damage_healed":0,"gold_gain":0,"cards_transformed":["Strike_G","Strike_G"],"player_choice":"Became Test Subject","damage_taken":0,"max_hp_gain":0,"max_hp_loss":0,"event_name":"Drug Dealer","floor":29,"gold_loss":0,"cards_obtained":["Accuracy","Predator"]}],"is_beta":true,"boss_relics":[{"not_picked":["Cursed Key","Ring of the Serpent"],"picked":"Runic Pyramid"}],"items_purged_floors":[5],"is_endless":false,"potions_floor_spawned":[2,7,8,13,18,21,28],"killed_by":"Collector","ascension_level":20}