{"gold_per_floor":[217,227,240,260,270,339,339,367,367,384,384,349,374,390,390,492,492,503,518,518,564,234,234,149,149,149,167,167],"floor_reached":28,"playtime":1619,"items_purged":[],"score":368,"play_id":"3c1fe867-f63e-4351-a449-ff5a860e837c","local_time":"20190818091612","is_ascension_mode":true,"campfire_choices":[{"data":"Zap","floor":7.0,"key":"SMITH"},{"floor":15.0,"key":"REST"},{"floor":23,"key":"REST"}],"neow_cost":"NONE","seed_source_timestamp":401351291230387,"circlet_count":0,"master_deck":["AscendersBane","Strike_B+1","Strike_B+1","Strike_B+1","Defend_B+1","Defend_B+1","Defend_B+1","Defend_B+1","Zap+1","Dualcast","Sunder","Conserve Battery","White Noise","Sweeping Beam","Cold Snap","Barrage","Amplify","Genetic Algorithm","Creative AI","Tempest+1","Defragment"],"special_seed":0,"relics":["Cracked Core","Mummified Hand","Bronze Scales","Potion Belt","Sozu","Bag of Marbles","Meat on the Bone","Letter Opener","Sundial"],"potions_floor_usage":[16,16],"damage_taken":[{"damage":1.0,"enemies":"Cultist","floor":1.0,"turns":4.0},{"damage":15.0,"enemies":"2 Louse","floor":2.0,"turns":3.0},{"damage":0.0,"enemies":"Small Slimes","floor":3.0,"turns":2.0},{"damage":7.0,"enemies":"Exordium Wildlife","floor":4.0,"turns":4.0},{"damage":1.0,"enemies":"2 Fungi Beasts","floor":5.0,"turns":4.0},{"damage":17.0,"enemies":"Lagavulin","floor":8.0,"turns":7.0},{"damage":13.0,"enemies":"Large Slime","floor":10.0,"turns":5.0},{"damage":20.0,"enemies":"Gremlin Nob","floor":13.0,"turns":4.0},{"damage":0.0,"enemies":"Lots of Slimes","floor":14.0,"turns":2.0},{"damage":21,"enemies":"The Guardian","floor":16,"turns":11},{"damage":9,"enemies":"3 Byrds","floor":18,"turns":3},{"damage":28,"enemies":"Shell Parasite","floor":19,"turns":5},{"damage":21,"enemies":"Snecko","floor":27,"turns":4},{"damage":39,"enemies":"Slavers","floor":28,"turns":2}],"seed_played":"-7723012767722048013","potions_obtained":[{"floor":1.0,"key":"Swift Potion"},{"floor":4.0,"key":"Dexterity Potion"},{"floor":10.0,"key":"PowerPotion"},{"floor":13.0,"key":"Strength Potion"},{"floor":14.0,"key":"GamblersBrew"}],"is_trial":false,"path_per_floor":["M","M","M","M","M","?","R","E","T","M","?","?","E","M","R","B",null,"M","M","?","T","$","R","?","?","T","M","E"],"character_chosen":"DEFECT","items_purchased":["Defragment","Meat on the Bone"],"campfire_rested":2,"item_purchase_floors":[22,22],"current_hp_per_floor":[67,52,52,45,44,44,44,27,27,14,14,32,12,12,34,13,60,51,23,23,23,23,45,45,45,45,36,0],"gold":167,"neow_bonus":"HUNDRED_GOLD","is_prod":false,"is_daily":false,"chose_seed":false,"campfire_upgraded":1,"win_rate":0,"timestamp":1566144972,"path_taken":["M","M","M","M","?","?","R","E","T","M","?","?","E","?","R","BOSS","M","M","?","?","$","R","?","?","T","?","E"],"build_version":"2019-07-17","purchased_purges":0,"victory":false,"max_hp_per_floor":[75,75,75,75,75,75,75,75,75,75,75,75,75,75,75,75,75,75,75,75,75,75,75,75,75,75,75,75],"card_choices":[{"not_picked":["Redo","Turbo"],"picked":"Sunder","floor":1.0},{"not_picked":["Recycle","Beam Cell"],"picked":"Conserve Battery","floor":2.0},{"not_picked":["Compile Driver","Steam"],"picked":"White Noise","floor":3.0},{"not_picked":["Stack","Reinforced Body"],"picked":"Sweeping Beam","floor":4.0},{"not_picked":["Recycle","Sweeping Beam","Steam Power"],"picked":"SKIP","floor":5.0},{"not_picked":["Rebound","Sweeping Beam"],"picked":"Cold Snap","floor":8.0},{"not_picked":["Compile Driver","Streamline"],"picked":"Barrage","floor":10.0},{"not_picked":["Gash","Barrage"],"picked":"Amplify","floor":13.0},{"not_picked":["Turbo","Aggregate"],"picked":"Genetic Algorithm","floor":14.0},{"not_picked":["Amplify","Hyperbeam"],"picked":"Creative AI","floor":16},{"not_picked":["Conserve Battery","Rebound"],"picked":"Tempest+1","floor":18},{"not_picked":["Cold Snap","Hyperbeam","Streamline"],"picked":"SKIP","floor":19},{"not_picked":["Skim","Barrage","Redo"],"picked":"SKIP","floor":27}],"player_experience":632870,"relics_obtained":[{"floor":8.0,"key":"Mummified Hand"},{"floor":9.0,"key":"Bronze Scales"},{"floor":13.0,"key":"Potion Belt"},{"floor":21,"key":"Bag of Marbles"},{"floor":26,"key":"Sundial"}],"event_choices":[{"damage_healed":0.0,"max_hp_gain":0.0,"max_hp_loss":0.0,"gold_gain":69.0,"event_name":"Golden Wing","player_choice":"Gained Gold","floor":6.0,"gold_loss":0.0,"damage_taken":0.0},{"cards_removed":["Strike_B"],"damage_healed":0.0,"max_hp_gain":0.0,"max_hp_loss":0.0,"gold_gain":0.0,"event_name":"Living Wall","player_choice":"Forget","floor":11.0,"gold_loss":0.0,"damage_taken":0.0},{"damage_healed":18.0,"max_hp_gain":0.0,"max_hp_loss":0.0,"gold_gain":0.0,"event_name":"The Cleric","player_choice":"Healed","floor":12.0,"gold_loss":35.0,"damage_taken":0.0},{"damage_healed":0,"gold_gain":0,"player_choice":"Simplicity","damage_taken":0,"max_hp_gain":0,"max_hp_loss":0,"event_name":"Back to Basics","floor":20,"gold_loss":0,"cards_upgraded":["Strike_B","Strike_B","Strike_B","Defend_B","Defend_B","Defend_B","Defend_B"]},{"damage_healed":0,"gold_gain":0,"player_choice":"Obtained Relic","damage_taken":0,"relics_obtained":["Letter Opener"],"max_hp_gain":0,"max_hp_loss":0,"event_name":"Addict","floor":24,"gold_loss":85},{"damage_healed":0,"gold_gain":0,"player_choice":"0 cards matched","damage_taken":0,"max_hp_gain":0,"max_hp_loss":0,"event_name":"Match and Keep!","floor":25,"gold_loss":0,"cards_obtained":[]}],"is_beta":false,"boss_relics":[{"not_picked":["Eternal Feather","White Beast Statue"],"picked":"Sozu"}],"items_purged_floors":[],"is_endless":false,"potions_floor_spawned":[1,4,10,13,14,19,27],"killed_by":"Slavers","ascension_level":12}