{"gold_per_floor":[117,117,133,133,144,171,17,45,45,45,56,56,121,151,151,225,225,238,61,71,86,86,86,120,120,145,156,171,205,220,252,252,329,329,339,352,452,502,516,545,545,572,584,596,642,654,692,723,735,747,759,771,783,28,60,60],"floor_reached":56,"playtime":6630,"items_purged":["Pain","Strike_B","Doubt"],"score":2111,"play_id":"f1f54f03-8362-433f-a5e2-96684967bf3e","local_time":"20190309203457","is_ascension_mode":true,"campfire_choices":[{"floor":10.0,"key":"REST"},{"floor":12,"key":"REST"},{"data":"White Noise","floor":15,"key":"SMITH"},{"data":"Self Repair","floor":23,"key":"SMITH"},{"floor":25,"key":"RECALL"},{"floor":32,"key":"REST"},{"floor":41,"key":"REST"},{"floor":44,"key":"REST"},{"floor":46,"key":"REST"},{"floor":49,"key":"REST"},{"floor":53,"key":"REST"}],"neow_cost":"NONE","seed_source_timestamp":309904193589677,"circlet_count":0,"master_deck":["AscendersBane","Strike_B+1","Strike_B+1","Strike_B+1","Defend_B+1","Defend_B+1","Defend_B+1","Defend_B+1","Zap","Dualcast","Cold Snap","Cold Snap","White Noise+1","Self Repair+1","Doom and Gloom","Sunder","Tempest+1","Rainbow","Coolheaded+1","Glacier","Biased Cognition","Recycle","Buffer","Hologram"],"special_seed":0,"relics":["Cracked Core","WarpedTongs","Strawberry","Dead Branch","Orichalcum","Cables","Art of War","Singing Bowl","Snecko Eye","Happy Flower","Centennial Puzzle","DataDisk","Meat on the Bone","Cursed Key","Prayer Wheel","Bronze Scales","MawBank","Molten Egg 2","Omamori","Incense Burner","Boot","Bottled Tornado"],"potions_floor_usage":[24,42,56],"damage_taken":[{"damage":1.0,"enemies":"2 Louse","floor":1.0,"turns":2.0},{"damage":2.0,"enemies":"Cultist","floor":3.0,"turns":4.0},{"damage":4.0,"enemies":"Small Slimes","floor":5.0,"turns":3.0},{"damage":35.0,"enemies":"Gremlin Nob","floor":6.0,"turns":5.0},{"damage":8.0,"enemies":"3 Sentries","floor":8.0,"turns":6.0},{"damage":10.0,"enemies":"2 Fungi Beasts","floor":11.0,"turns":3.0},{"damage":0,"enemies":"Gremlin Nob","floor":13,"turns":4},{"damage":7,"enemies":"Lagavulin","floor":14,"turns":6},{"damage":19,"enemies":"Hexaghost","floor":16,"turns":8},{"damage":0,"enemies":"Spheric Guardian","floor":18,"turns":2},{"damage":0,"enemies":"Chosen","floor":20,"turns":3},{"damage":7,"enemies":"Centurion and Healer","floor":21,"turns":5},{"damage":4,"enemies":"Book of Stabbing","floor":24,"turns":4},{"damage":10,"enemies":"Snecko","floor":27,"turns":4},{"damage":21,"enemies":"Shelled Parasite and Fungi","floor":28,"turns":2},{"damage":24,"enemies":"Gremlin Leader","floor":29,"turns":5},{"damage":0,"enemies":"Sentry and Sphere","floor":30,"turns":3},{"damage":13,"enemies":"Book of Stabbing","floor":31,"turns":4},{"damage":35,"enemies":"Collector","floor":33,"turns":17},{"damage":0,"enemies":"Orb Walker","floor":35,"turns":2},{"damage":19,"enemies":"3 Shapes","floor":36,"turns":2},{"damage":19,"enemies":"Mind Bloom Boss Battle","floor":37,"turns":5},{"damage":33,"enemies":"3 Darklings","floor":39,"turns":4},{"damage":52,"enemies":"Nemesis","floor":40,"turns":9},{"damage":32,"enemies":"Reptomancer","floor":42,"turns":3},{"damage":77,"enemies":"Nemesis","floor":45,"turns":11},{"damage":12,"enemies":"Reptomancer","floor":47,"turns":5},{"damage":0,"enemies":"Writhing Mass","floor":48,"turns":6},{"damage":30,"enemies":"Awakened One","floor":50,"turns":23},{"damage":13,"enemies":"Donu and Deca","floor":51,"turns":15},{"damage":53,"enemies":"Shield and Spear","floor":55,"turns":13},{"damage":73,"enemies":"The Heart","floor":56,"turns":6}],"seed_played":"-358104895714135961","potions_obtained":[{"floor":6.0,"key":"Block Potion"},{"floor":8.0,"key":"LiquidBronze"},{"floor":11,"key":"Energy Potion"},{"floor":28,"key":"PowerPotion"},{"floor":42,"key":"Energy Potion"}],"is_trial":false,"path_per_floor":["M","?","M","?","M","E","$","E","T","R","M","R","?","E","R","B",null,"M","$","M","M","?","R","E","R","T","M","M","E","M","E","R","B",null,"M","M","?","T","M","E","R","E","T","R","E","R","E","M","R","B","B",null,"R","$","E","B"],"character_chosen":"DEFECT","items_purchased":["Self Repair","Sunder","Incense Burner","Buffer","Boot","Hologram"],"campfire_rested":8,"item_purchase_floors":[7,19,54,54,54,54],"current_hp_per_floor":[63,63,61,57,53,18,18,17,17,40,30,53,53,55,55,48,74,76,76,83,85,85,85,86,86,86,88,79,65,67,64,91,66,86,88,81,74,74,65,37,67,59,59,90,37,68,68,82,112,102,99,109,112,112,71,0],"gold":60,"neow_bonus":"THREE_CARDS","is_prod":false,"is_daily":false,"chose_seed":false,"campfire_upgraded":2,"win_rate":0,"timestamp":1552163697,"path_taken":["M","?","?","?","M","E","$","E","T","R","M","R","?","E","R","BOSS","M","$","M","M","?","R","E","R","T","M","M","E","M","E","R","BOSS","M","M","?","?","M","E","R","E","T","R","E","R","E","M","R","BOSS","BOSS","R","$","E","BOSS"],"build_version":"2019-02-06","purchased_purges":3,"victory":false,"max_hp_per_floor":[71,71,71,78,78,78,78,78,78,78,78,78,78,80,80,82,82,84,84,84,86,86,86,86,86,86,88,90,90,92,92,92,92,92,94,96,98,98,100,102,102,104,104,104,106,106,108,112,112,112,112,112,112,112,114,114],"card_choices":[{"not_picked":["Leap","Hologram"],"picked":"Cold Snap","floor":0.0},{"not_picked":["Rebound","Compile Driver"],"picked":"Cold Snap","floor":1.0},{"not_picked":["Hologram","Coolheaded"],"picked":"White Noise","floor":3.0},{"not_picked":["Rebound","Stack","Turbo"],"picked":"SKIP","floor":5.0},{"not_picked":["Sweeping Beam","Consume","Turbo"],"picked":"SKIP","floor":6.0},{"not_picked":["Self Repair","Steam"],"picked":"Doom and Gloom","floor":8.0},{"not_picked":["Redo","Chaos","Streamline"],"picked":"SKIP","floor":11},{"not_picked":["Reprogram","Hologram","BootSequence"],"picked":"Singing Bowl","floor":14},{"not_picked":["Rainbow","All For One","Reboot"],"picked":"Singing Bowl","floor":16},{"not_picked":["Skim","Auto Shields","Beam Cell"],"picked":"Singing Bowl","floor":18},{"not_picked":["Steam","Reinforced Body"],"picked":"Tempest+1","floor":20},{"not_picked":["Static Discharge","Ball Lightning","Barrage"],"picked":"Singing Bowl","floor":21},{"not_picked":["Steam Power","Tempest"],"picked":"Rainbow","floor":24},{"not_picked":["Tempest","Rebound","Steam"],"picked":"Singing Bowl","floor":27},{"not_picked":["Steam","Redo","Tempest"],"picked":"Singing Bowl","floor":28},{"not_picked":["Darkness","Stack"],"picked":"Coolheaded+1","floor":29},{"not_picked":["Force Field","Genetic Algorithm","Stack"],"picked":"Singing Bowl","floor":30},{"not_picked":["Go for the Eyes","Beam Cell+1"],"picked":"Glacier","floor":31},{"not_picked":["Fission","Machine Learning"],"picked":"Biased Cognition","floor":33},{"not_picked":["Ball Lightning","Reinforced Body","Redo"],"picked":"Singing Bowl","floor":35},{"not_picked":["Go for the Eyes","Stack+1","Ball Lightning"],"picked":"Singing Bowl","floor":36},{"not_picked":["Barrage","Lockon","Rebound"],"picked":"Singing Bowl","floor":37},{"not_picked":["Coolheaded+1","Redo+1"],"picked":"Recycle","floor":39},{"not_picked":["Double Energy","Gash","Stack"],"picked":"Singing Bowl","floor":39},{"not_picked":["Steam Power","Hologram+1","Force Field"],"picked":"Singing Bowl","floor":40},{"not_picked":["Gash+1","Lockon","Stack"],"picked":"Singing Bowl","floor":42},{"not_picked":["Coolheaded","Hyperbeam","BootSequence"],"picked":"Singing Bowl","floor":45},{"not_picked":["Rip and Tear+1","Turbo","Double Energy"],"picked":"Singing Bowl","floor":47},{"not_picked":["Double Energy","Sweeping Beam+1","Leap"],"picked":"Singing Bowl","floor":48},{"not_picked":["Gash+1","Stack","Static Discharge+1"],"picked":"Singing Bowl","floor":48},{"not_picked":["All For One+1","Aggregate","Amplify"],"picked":"Singing Bowl","floor":55}],"player_experience":1901080,"relics_obtained":[{"floor":6.0,"key":"Dead Branch"},{"floor":8.0,"key":"Orichalcum"},{"floor":9.0,"key":"Cables"},{"floor":13,"key":"Art of War"},{"floor":14,"key":"Singing Bowl"},{"floor":24,"key":"Happy Flower"},{"floor":26,"key":"Centennial Puzzle"},{"floor":29,"key":"DataDisk"},{"floor":31,"key":"Meat on the Bone"},{"floor":37,"key":"Prayer Wheel"},{"floor":40,"key":"Bronze Scales"},{"floor":42,"key":"MawBank"},{"floor":45,"key":"Molten Egg 2"},{"floor":47,"key":"Omamori"},{"floor":55,"key":"Bottled Tornado"}],"event_choices":[{"damage_healed":0.0,"max_hp_gain":0.0,"max_hp_loss":0.0,"gold_gain":0.0,"event_name":"Accursed Blacksmith","player_choice":"Rummage","floor":2.0,"gold_loss":0.0,"damage_taken":0.0,"relics_obtained":["WarpedTongs"],"cards_obtained":["Pain"]},{"damage_healed":0.0,"max_hp_gain":0.0,"max_hp_loss":0.0,"gold_gain":0.0,"event_name":"Scrap Ooze","player_choice":"Success","floor":4.0,"gold_loss":0.0,"damage_taken":11.0,"relics_obtained":["Strawberry"]},{"damage_healed":0,"gold_gain":0,"player_choice":"Searched \u00271\u0027 times","damage_taken":0,"max_hp_gain":0,"max_hp_loss":0,"event_name":"Dead Adventurer","floor":13,"gold_loss":0},{"damage_healed":0,"gold_gain":0,"player_choice":"Simplicity","damage_taken":0,"max_hp_gain":0,"max_hp_loss":0,"event_name":"Back to Basics","floor":22,"gold_loss":0,"cards_upgraded":["Strike_B","Strike_B","Strike_B","Defend_B","Defend_B","Defend_B","Defend_B"]},{"damage_healed":0,"gold_gain":0,"player_choice":"Fight","damage_taken":0,"max_hp_gain":0,"max_hp_loss":0,"event_name":"MindBloom","floor":37,"gold_loss":0}],"is_beta":true,"boss_relics":[{"not_picked":["Orrery","Sozu"],"picked":"Snecko Eye"},{"not_picked":["Runic Pyramid","Calling Bell"],"picked":"Cursed Key"}],"items_purged_floors":[7,19,54],"is_endless":false,"potions_floor_spawned":[6,8,11,14,21,28,29,30,31,37,39,42,47,55],"killed_by":"The Heart","ascension_level":20}