{"gold_per_floor":[119,138,138,138,40,68,68,95,95,109,128,146,146,164,164,262,262,278,278,253,267,287,287,318,318,342,342],"floor_reached":27,"playtime":1385,"items_purged":[],"score":281,"play_id":"f8903b08-82aa-4a4b-bb1b-da958dbe7060","local_time":"20190702063855","is_ascension_mode":true,"campfire_choices":[{"data":"Echo Form","floor":13,"key":"SMITH"},{"data":"Consume","floor":15,"key":"SMITH"},{"data":"Creative AI","floor":23,"key":"SMITH"}],"neow_cost":"NONE","seed_source_timestamp":506366762780000,"circlet_count":0,"master_deck":["Zap","Dualcast","Go for the Eyes","FTL+1","Ball Lightning+1","Reinforced Body","Auto Shields","Echo Form+1","Consume+1","Hologram","Creative AI+1","Coolheaded","Chill","Capacitor","Consume","Seek","Fission","Hello World","Doom and Gloom","Conserve Battery","Blizzard","Gash+1","Conserve Battery","Writhe"],"relics":["Cracked Core","NeowsBlessing","Mango","Whetstone","Sundial","Torii","Pandora\u0027s Box","MutagenicStrength","Ornamental Fan","The Courier","Vajra"],"potions_floor_usage":[8,16,24,27,27],"damage_taken":[{"damage":0,"enemies":"Jaw Worm","floor":1,"turns":1},{"damage":0,"enemies":"2 Louse","floor":2,"turns":1},{"damage":0,"enemies":"Lagavulin","floor":6,"turns":1},{"damage":6,"enemies":"Gremlin Nob","floor":8,"turns":3},{"damage":0,"enemies":"Cultist","floor":10,"turns":2},{"damage":1,"enemies":"3 Louse","floor":11,"turns":3},{"damage":1,"enemies":"Exordium Wildlife","floor":12,"turns":3},{"damage":0,"enemies":"Large Slime","floor":14,"turns":4},{"damage":35,"enemies":"Slime Boss","floor":16,"turns":6},{"damage":1,"enemies":"Spheric Guardian","floor":18,"turns":9},{"damage":7,"enemies":"Chosen","floor":21,"turns":4},{"damage":15,"enemies":"Snake Plant","floor":22,"turns":5},{"damage":37,"enemies":"Book of Stabbing","floor":24,"turns":8},{"damage":32,"enemies":"Slavers","floor":27,"turns":3}],"seed_played":"3079620704581503564","potions_obtained":[{"floor":2,"key":"Swift Potion"},{"floor":6,"key":"Energy Potion"},{"floor":7,"key":"AttackPotion"},{"floor":7,"key":"Explosive Potion"},{"floor":7,"key":"LiquidBronze"},{"floor":8,"key":"FearPotion"},{"floor":18,"key":"SteroidPotion"},{"floor":24,"key":"Strength Potion"}],"is_trial":false,"path_per_floor":["M","M","?","?","$","E","?","E","T","M","M","M","R","M","R","B",null,"M","?","$","M","M","R","E","?","T","E"],"character_chosen":"DEFECT","items_purchased":["FTL","Ball Lightning","Conserve Battery"],"campfire_rested":0,"item_purchase_floors":[5,5,20],"current_hp_per_floor":[75,75,60,49,49,49,49,43,43,43,42,41,41,41,41,6,89,88,88,88,81,66,66,29,29,29,0],"gold":342,"neow_bonus":"THREE_ENEMY_KILL","is_prod":false,"is_daily":false,"chose_seed":false,"campfire_upgraded":3,"win_rate":0,"timestamp":1562017135,"path_taken":["M","M","?","?","$","E","?","E","T","M","?","M","R","M","R","BOSS","M","?","$","M","M","R","E","?","T","E"],"build_version":"2019-07-01","purchased_purges":0,"victory":false,"max_hp_per_floor":[75,75,75,89,89,89,89,89,89,89,89,89,89,89,89,89,89,89,89,89,89,89,89,89,89,89,89],"card_choices":[{"not_picked":["Streamline","Reprogram","Leap"],"picked":"SKIP","floor":1},{"not_picked":["Compile Driver","Chaos"],"picked":"Go for the Eyes","floor":2},{"not_picked":["Leap","Lockon"],"picked":"Reinforced Body","floor":6},{"not_picked":["Doom and Gloom","Force Field"],"picked":"Auto Shields","floor":8},{"not_picked":["Beam Cell","Darkness"],"picked":"Echo Form","floor":10},{"not_picked":["Stack","Turbo"],"picked":"Consume","floor":11},{"not_picked":["Force Field","Barrage","Sweeping Beam"],"picked":"SKIP","floor":12},{"not_picked":["Scrape","Barrage"],"picked":"Hologram","floor":14},{"not_picked":["Fission","Rainbow"],"picked":"Creative AI","floor":16},{"not_picked":["Rip and Tear","Stack","Rebound"],"picked":"SKIP","floor":18},{"not_picked":["Loop","Stack+1"],"picked":"Blizzard","floor":21},{"not_picked":["Double Energy","Beam Cell"],"picked":"Gash+1","floor":22},{"not_picked":["Rainbow","Reinforced Body"],"picked":"Conserve Battery","floor":24}],"player_experience":93438,"relics_obtained":[{"floor":6,"key":"Whetstone"},{"floor":8,"key":"Sundial"},{"floor":9,"key":"Torii"},{"floor":24,"key":"Ornamental Fan"},{"floor":26,"key":"Vajra"}],"event_choices":[{"damage_healed":0,"gold_gain":0,"player_choice":"Entered Light","damage_taken":15,"max_hp_gain":0,"max_hp_loss":0,"event_name":"Shining Light","floor":3,"gold_loss":0,"cards_upgraded":["Defend_B","Strike_B"]},{"damage_healed":0,"gold_gain":0,"player_choice":"Success","damage_taken":25,"relics_obtained":["Mango"],"max_hp_gain":0,"max_hp_loss":0,"event_name":"Scrap Ooze","floor":4,"gold_loss":0},{"damage_healed":0,"gold_gain":0,"player_choice":"Got Potions","damage_taken":0,"max_hp_gain":0,"max_hp_loss":0,"event_name":"Lab","floor":7,"gold_loss":0},{"damage_healed":0,"gold_gain":0,"player_choice":"Inject Mutagens","damage_taken":0,"relics_obtained":["MutagenicStrength"],"max_hp_gain":0,"max_hp_loss":0,"event_name":"Drug Dealer","floor":19,"gold_loss":0},{"damage_healed":0,"gold_gain":0,"player_choice":"Opened","damage_taken":0,"relics_obtained":["The Courier"],"max_hp_gain":0,"max_hp_loss":0,"event_name":"The Mausoleum","floor":25,"gold_loss":0,"cards_obtained":["Writhe"]}],"is_beta":false,"boss_relics":[{"not_picked":["Runic Dome","Tiny House"],"picked":"Pandora\u0027s Box"}],"items_purged_floors":[],"is_endless":false,"potions_floor_spawned":[2,6,8,11,14,18,21,24],"killed_by":"Slavers","ascension_level":1}