{"gold_per_floor":[112,112,125,135,60,60,77,103,103,3,60,88,88,118,118,195,195,213,291,310,183,183,213,213,247,247,259,273,289,289,318,318,392,392,402,421,432,482,495,522,534,569,643,268,293,308,333,65,65,65,65,65,65,15,45,45],"floor_reached":57,"playtime":6041,"items_purged":["Clumsy","Strike_G","Strike_G","Strike_G","Strike_G","Strike_G"],"score":3175,"play_id":"c0350166-361b-4dd8-9664-63ef8195b1a7","local_time":"20190201152733","is_ascension_mode":true,"campfire_choices":[{"data":"Corpse Explosion","floor":6.0,"key":"SMITH"},{"data":"Deadly Poison","floor":13.0,"key":"SMITH"},{"data":"Neutralize","floor":15.0,"key":"SMITH"},{"data":"Wraith Form v2","floor":24.0,"key":"SMITH"},{"data":"Catalyst","floor":30.0,"key":"SMITH"},{"data":"Footwork","floor":32.0,"key":"SMITH"},{"floor":49.0,"key":"RECALL"},{"floor":53,"key":"DIG"}],"neow_cost":"CURSE","seed_source_timestamp":0,"circlet_count":0,"master_deck":["AscendersBane","Defend_G","Defend_G","Defend_G","Defend_G","Defend_G","Survivor","Neutralize+1","Masterful Stab","Corpse Explosion+1","Flying Knee","Deadly Poison+1","Backstab","After Image","Catalyst+1","Backflip","Catalyst+1","Footwork+1","Well Laid Plans","Wraith Form v2+1","Well Laid Plans","PiercingWail","Backflip","Adrenaline","Backflip","Sucker Punch+1","PiercingWail","Adrenaline","Dodge and Roll","Catalyst","Crippling Poison","Night Terror","PiercingWail","Acrobatics+1","Footwork+1"],"special_seed":0,"relics":["Ring of the Snake","Prayer Wheel","Omamori","Paper Crane","Tiny Chest","Meat on the Bone","Smiling Mask","Philosopher\u0027s Stone","Mummified Hand","Pen Nib","Happy Flower","Bag of Preparation","PreservedInsect","Boot","WristBlade","Molten Egg 2","Shovel","Art of War","Bronze Scales","The Courier","Pantograph","Mercury Hourglass","Oddly Smooth Stone"],"potions_floor_usage":[55,56,56,56],"damage_taken":[{"damage":0.0,"enemies":"Jaw Worm","floor":1.0,"turns":7.0},{"damage":0.0,"enemies":"Cultist","floor":3.0,"turns":4.0},{"damage":1.0,"enemies":"Small Slimes","floor":4.0,"turns":3.0},{"damage":7.0,"enemies":"Blue Slaver","floor":7.0,"turns":3.0},{"damage":12.0,"enemies":"Lagavulin","floor":8.0,"turns":5.0},{"damage":11.0,"enemies":"Gremlin Nob","floor":12.0,"turns":3.0},{"damage":22.0,"enemies":"Lagavulin","floor":14.0,"turns":6.0},{"damage":3.0,"enemies":"The Guardian","floor":16.0,"turns":10.0},{"damage":30.0,"enemies":"Chosen","floor":18.0,"turns":4.0},{"damage":10.0,"enemies":"2 Thieves","floor":20.0,"turns":2.0},{"damage":0.0,"enemies":"Gremlin Leader","floor":23.0,"turns":5.0},{"damage":13.0,"enemies":"Slavers","floor":25.0,"turns":3.0},{"damage":0.0,"enemies":"Cultist and Chosen","floor":27.0,"turns":4.0},{"damage":6.0,"enemies":"Centurion and Healer","floor":28.0,"turns":3.0},{"damage":0.0,"enemies":"Snake Plant","floor":29.0,"turns":4.0},{"damage":21.0,"enemies":"Book of Stabbing","floor":31.0,"turns":4.0},{"damage":27.0,"enemies":"Collector","floor":33.0,"turns":7.0},{"damage":0.0,"enemies":"Orb Walker","floor":35.0,"turns":3.0},{"damage":0.0,"enemies":"3 Shapes","floor":36.0,"turns":1.0},{"damage":0.0,"enemies":"Jaw Worm Horde","floor":37.0,"turns":1.0},{"damage":0.0,"enemies":"4 Shapes","floor":39.0,"turns":4.0},{"damage":0.0,"enemies":"Nemesis","floor":40.0,"turns":5.0},{"damage":0.0,"enemies":"Sphere and 2 Shapes","floor":41.0,"turns":6.0},{"damage":0.0,"enemies":"Reptomancer","floor":42.0,"turns":5.0},{"damage":5.0,"enemies":"Giant Head","floor":45.0,"turns":4.0},{"damage":0.0,"enemies":"Transient","floor":46.0,"turns":6.0},{"damage":0.0,"enemies":"Nemesis","floor":47.0,"turns":3.0},{"damage":39,"enemies":"Awakened One","floor":50,"turns":11},{"damage":0,"enemies":"Time Eater","floor":51,"turns":4},{"damage":16,"enemies":"Shield and Spear","floor":55,"turns":3},{"damage":13,"enemies":"The Heart","floor":56,"turns":7}],"seed_played":"3470162454114351116","potions_obtained":[{"floor":2.0,"key":"SkillPotion"},{"floor":2.0,"key":"FearPotion"},{"floor":4.0,"key":"Fire Potion"},{"floor":14.0,"key":"AttackPotion"},{"floor":16.0,"key":"PowerPotion"},{"floor":25.0,"key":"Regen Potion"},{"floor":27.0,"key":"GhostInAJar"},{"floor":33.0,"key":"GhostInAJar"},{"floor":47.0,"key":"EntropicBrew"}],"is_trial":false,"path_per_floor":["M","?","M","M","$","R","M","E","T","$","T","E","R","E","R","B",null,"M","T","M","$","?","E","R","E","T","M","M","M","R","E","R","B",null,"M","M","M","?","M","E","M","E","T","$","E","M","E","$","R","B","B",null,"R","$","E","B",null],"character_chosen":"THE_SILENT","items_purchased":["Well Laid Plans","Art of War","Night Terror","Pantograph"],"campfire_rested":0,"item_purchase_floors":[21,44,44,48],"current_hp_per_floor":[59,59,59,58,58,58,51,39,39,39,39,28,28,18,18,27,56,38,38,40,40,40,40,40,39,39,39,45,45,45,36,36,21,55,55,55,55,49,49,49,49,49,49,49,44,44,44,44,44,39,64,66,66,66,50,53],"gold":45,"neow_bonus":"ONE_RARE_RELIC","is_prod":false,"is_daily":false,"chose_seed":false,"campfire_upgraded":6,"win_rate":0,"timestamp":1549034853,"path_taken":["M","?","M","M","$","R","M","E","T","$","?","E","R","E","R","BOSS","M","?","M","?","?","E","R","E","T","M","M","M","R","E","R","BOSS","M","M","M","?","M","E","M","E","T","$","E","M","E","?","R","BOSS","BOSS","R","$","E","BOSS"],"build_version":"2019-01-23","purchased_purges":6,"victory":true,"max_hp_per_floor":[66,66,66,66,66,66,66,66,66,66,66,66,66,66,66,66,66,66,66,66,66,66,66,66,66,66,66,66,66,66,66,66,66,66,66,66,66,66,66,66,66,66,66,66,66,66,66,66,66,66,66,66,66,66,66,66],"card_choices":[{"not_picked":["Flying Knee","Expertise"],"picked":"Masterful Stab","floor":1.0},{"not_picked":["Slice","Bane","PiercingWail"],"picked":"SKIP","floor":1.0},{"not_picked":["Outmaneuver","Deflect"],"picked":"Corpse Explosion","floor":3.0},{"not_picked":["Prepared","Deflect"],"picked":"Flying Knee","floor":3.0},{"not_picked":["Blade Dance","Bane"],"picked":"Deadly Poison","floor":4.0},{"not_picked":["Bane","Outmaneuver","Prepared"],"picked":"SKIP","floor":4.0},{"not_picked":["Predator","Concentrate","Reflex"],"picked":"SKIP","floor":7.0},{"not_picked":["Accuracy","Skewer","All Out Attack"],"picked":"SKIP","floor":7.0},{"not_picked":["Blade Dance","Riddle With Holes","Flying Knee"],"picked":"SKIP","floor":8.0},{"not_picked":["Deflect","Quick Slash"],"picked":"Backstab","floor":12.0},{"not_picked":["Poisoned Stab","Dagger Spray"],"picked":"After Image","floor":14.0},{"not_picked":["Dagger Spray","Reflex"],"picked":"Catalyst","floor":18.0},{"not_picked":["Slice","Dodge and Roll"],"picked":"Backflip","floor":18.0},{"not_picked":["Skewer","Deadly Poison+1"],"picked":"Catalyst+1","floor":20.0},{"not_picked":["Slice","Backstab"],"picked":"Footwork","floor":20.0},{"not_picked":["Poisoned Stab","Finisher"],"picked":"Wraith Form v2","floor":23.0},{"not_picked":["Acrobatics","Venomology"],"picked":"Well Laid Plans","floor":25.0},{"not_picked":["Dash","Cloak And Dagger"],"picked":"PiercingWail","floor":27.0},{"not_picked":["Finisher","Slice","Poisoned Stab"],"picked":"SKIP","floor":27.0},{"not_picked":["Flying Knee","Underhanded Strike","Outmaneuver+1"],"picked":"SKIP","floor":28.0},{"not_picked":["Concentrate","Acrobatics","Outmaneuver"],"picked":"SKIP","floor":28.0},{"not_picked":["Poisoned Stab","Deadly Poison+1"],"picked":"Backflip","floor":29.0},{"not_picked":["Masterful Stab","Doppelganger","Acrobatics"],"picked":"SKIP","floor":29.0},{"not_picked":["Terror+1","Flechettes","Poisoned Stab+1"],"picked":"SKIP","floor":31.0},{"not_picked":["A Thousand Cuts","Burst"],"picked":"Adrenaline","floor":33.0},{"not_picked":["Poisoned Stab","Catalyst+1"],"picked":"Backflip","floor":35.0},{"not_picked":["Outmaneuver+1","Flechettes+1"],"picked":"Sucker Punch+1","floor":35.0},{"not_picked":["Dash+1","Quick Slash","Prepared"],"picked":"SKIP","floor":36.0},{"not_picked":["Reflex+1","Prepared","Underhanded Strike+1"],"picked":"SKIP","floor":36.0},{"not_picked":["Flying Knee","Underhanded Strike"],"picked":"PiercingWail","floor":37.0},{"not_picked":["Eviscerate","Reflex","Flying Knee"],"picked":"SKIP","floor":37.0},{"not_picked":["Underhanded Strike+1","Poisoned Stab","Deflect"],"picked":"SKIP","floor":39.0},{"not_picked":["Dagger Spray","Prepared","Well Laid Plans+1"],"picked":"SKIP","floor":39.0},{"not_picked":["Masterful Stab","Concentrate"],"picked":"Adrenaline","floor":40.0},{"not_picked":["Cloak And Dagger","Deadly Poison"],"picked":"Dodge and Roll","floor":41.0},{"not_picked":["Escape Plan","Deadly Poison"],"picked":"Catalyst","floor":41.0},{"not_picked":["Backflip+1","Outmaneuver+1"],"picked":"Crippling Poison","floor":42.0},{"not_picked":["Dagger Throw+1","Eviscerate+1","Slice+1"],"picked":"SKIP","floor":45.0},{"not_picked":["Prepared","All Out Attack+1"],"picked":"PiercingWail","floor":46.0},{"not_picked":["Terror","Deadly Poison","Concentrate+1"],"picked":"SKIP","floor":46.0},{"not_picked":["Escape Plan+1","Underhanded Strike+1"],"picked":"Acrobatics+1","floor":47.0},{"not_picked":["Dodge and Roll","Setup"],"picked":"Footwork+1","floor":55}],"player_experience":1807160,"relics_obtained":[{"floor":8.0,"key":"Omamori"},{"floor":9.0,"key":"Paper Crane"},{"floor":11.0,"key":"Tiny Chest"},{"floor":12.0,"key":"Meat on the Bone"},{"floor":14.0,"key":"Smiling Mask"},{"floor":19.0,"key":"Mummified Hand"},{"floor":23.0,"key":"Happy Flower"},{"floor":25.0,"key":"Bag of Preparation"},{"floor":26.0,"key":"PreservedInsect"},{"floor":31.0,"key":"Boot"},{"floor":40.0,"key":"Molten Egg 2"},{"floor":42.0,"key":"Shovel"},{"floor":45.0,"key":"Bronze Scales"},{"floor":47.0,"key":"The Courier"},{"floor":53,"key":"Mercury Hourglass"},{"floor":55,"key":"Oddly Smooth Stone"}],"event_choices":[{"damage_healed":0.0,"max_hp_gain":0.0,"max_hp_loss":0.0,"gold_gain":0.0,"event_name":"Lab","player_choice":"Got Potions","floor":2.0,"gold_loss":0.0,"damage_taken":0.0},{"damage_healed":0.0,"max_hp_gain":0.0,"max_hp_loss":0.0,"gold_gain":0.0,"event_name":"The Mausoleum","player_choice":"Opened","floor":22.0,"gold_loss":0.0,"damage_taken":0.0,"relics_obtained":["Pen Nib"],"cards_obtained":["Writhe"]},{"damage_healed":0.0,"max_hp_gain":0.0,"max_hp_loss":0.0,"gold_gain":50.0,"event_name":"FaceTrader","player_choice":"Touch","floor":38.0,"gold_loss":0.0,"damage_taken":6.0}],"is_beta":true,"boss_relics":[{"not_picked":["Eternal Feather","Pandora\u0027s Box"],"picked":"Philosopher\u0027s Stone"},{"not_picked":["Coffee Dripper","Cursed Key"],"picked":"WristBlade"}],"items_purged_floors":[5,10,21,44,48,54],"is_endless":false,"potions_floor_spawned":[3,4,14,16,25,27,28,31,33,37,39,40,47],"ascension_level":20}