{"gold_per_floor":[213,288,13,33,53,85,85,111,111,111,123,123,14,14,14,91,91,108,108,108,5,5,5,5,5,85,103,123,123,45,79,79,154,154,165,183,183,201,23,23,33,66,66,66,96,96,96,110,110,110,110],"floor_reached":52,"playtime":2382,"items_purged":["Strike_B","Dualcast"],"score":1918,"play_id":"5ac041cd-e33e-4809-9e43-4db7ddf46eac","local_time":"20181027181626","is_ascension_mode":true,"campfire_choices":[{"floor":7,"key":"REST"},{"floor":10,"key":"REST"},{"data":"Zap","floor":12,"key":"SMITH"},{"data":"Compile Driver","floor":15,"key":"SMITH"},{"floor":23,"key":"REST"},{"data":"Defragment","floor":25,"key":"SMITH"},{"floor":29,"key":"REST"},{"floor":32,"key":"REST"},{"floor":40,"key":"REST"},{"floor":44,"key":"REST"},{"floor":46,"key":"REST"},{"floor":49,"key":"REST"}],"neow_cost":"NONE","seed_source_timestamp":107477925873556,"circlet_count":0,"master_deck":["Zap+1","AscendersBane","Go for the Eyes","Go for the Eyes","Electrodynamics","Undo","Compile Driver+1","All For One","Sunder","Cold Snap","Compile Driver","Ball Lightning+1","Leap","Defragment+1","Conserve Battery","Gash+1","Capacitor","Gash","Seek","Genetic Algorithm","Glacier","Conserve Battery+1"],"special_seed":0,"relics":["Cracked Core","Happy Flower","Potion Belt","Mercury Hourglass","Pantograph","Pandora\u0027s Box","Nilry\u0027s Codex","Pear","Kunai","Busted Crown","Question Card","Du-Vu Doll","Turnip"],"potions_floor_usage":[6,16,28,31,31,41,42,45,51],"damage_taken":[{"damage":2.0,"enemies":"2 Louse","floor":1.0,"turns":3.0},{"damage":4.0,"enemies":"Small Slimes","floor":4.0,"turns":3.0},{"damage":0.0,"enemies":"Cultist","floor":5.0,"turns":3.0},{"damage":45,"enemies":"Gremlin Nob","floor":6,"turns":6},{"damage":21,"enemies":"Lagavulin","floor":8,"turns":7},{"damage":8,"enemies":"Blue Slaver","floor":11,"turns":3},{"damage":0,"enemies":"Slime Boss","floor":16,"turns":6},{"damage":0,"enemies":"Spheric Guardian","floor":18,"turns":1},{"damage":5,"enemies":"Shell Parasite","floor":27,"turns":3},{"damage":19,"enemies":"Centurion and Healer","floor":28,"turns":4},{"damage":18,"enemies":"Slavers","floor":31,"turns":3},{"damage":31,"enemies":"Collector","floor":33,"turns":8},{"damage":31,"enemies":"3 Darklings","floor":35,"turns":3},{"damage":6,"enemies":"Orb Walker","floor":36,"turns":3},{"damage":33,"enemies":"Spire Growth","floor":38,"turns":5},{"damage":22,"enemies":"3 Darklings","floor":41,"turns":3},{"damage":9,"enemies":"Reptomancer","floor":42,"turns":5},{"damage":3,"enemies":"Nemesis","floor":45,"turns":7},{"damage":19,"enemies":"Jaw Worm Horde","floor":48,"turns":4},{"damage":36,"enemies":"Time Eater","floor":50,"turns":17},{"damage":36,"enemies":"Awakened One","floor":51,"turns":12}],"seed_played":"-6356681192844596636","potions_obtained":[{"floor":4.0,"key":"Dexterity Potion"},{"floor":16,"key":"GamblersBrew"},{"floor":27,"key":"GamblersBrew"},{"floor":28,"key":"SneckoOil"},{"floor":35,"key":"Weak Potion"},{"floor":48,"key":"Dexterity Potion"}],"is_trial":false,"path_per_floor":["M","?","$","M","M","E","R","E","T","R","M","R","$","?","R","B",null,"M","?","?","$","?","R","?","R","T","M","M","R","$","E","R","B",null,"M","M","?","M","$","R","M","E","T","R","E","R","?","M","R","B","B"],"character_chosen":"DEFECT","items_purchased":["Happy Flower","Go for the Eyes","PowerPotion","Fire Potion","Leap","Defragment","Capacitor","FocusPotion"],"campfire_rested":9,"item_purchase_floors":[3,3,13,13,21,21,30,39],"current_hp_per_floor":[62,51,51,47,47,2,23,2,2,23,15,15,15,8,8,33,62,62,42,21,21,21,43,43,43,53,48,29,54,54,36,61,55,78,47,41,41,8,8,33,11,2,2,27,24,49,49,30,55,44,33],"gold":110,"neow_bonus":"HUNDRED_GOLD","is_prod":false,"is_daily":false,"chose_seed":false,"campfire_upgraded":3,"win_rate":0,"timestamp":1540660586,"path_taken":["M","?","$","M","M","E","R","E","T","R","M","R","$","?","R","BOSS","M","?","?","$","?","R","?","R","T","M","?","R","$","E","R","BOSS","M","?","?","M","$","R","M","E","T","R","E","R","?","M","R","BOSS","BOSS"],"build_version":"2018-10-25v2","purchased_purges":2,"victory":true,"max_hp_per_floor":[71,71,71,71,71,71,71,71,71,71,71,71,71,71,71,71,71,71,76,76,76,76,76,76,76,86,86,86,86,86,86,86,86,86,86,86,86,86,86,86,86,86,86,86,86,86,86,86,86,86,86],"card_choices":[{"not_picked":["Hologram","Force Field","Stack"],"picked":"SKIP","floor":1.0},{"not_picked":["Aggregate","Conserve Battery"],"picked":"Go for the Eyes","floor":4.0},{"not_picked":["Coolheaded","Undo","Turbo"],"picked":"SKIP","floor":5.0},{"not_picked":["Cold Snap","Ball Lightning"],"picked":"Electrodynamics","floor":6},{"not_picked":["Hologram","Rebound"],"picked":"Undo","floor":8},{"not_picked":["Go for the Eyes","Rip and Tear"],"picked":"Compile Driver","floor":11},{"not_picked":["Buffer","Hyperbeam"],"picked":"All For One","floor":16},{"not_picked":["Lockon","Turbo"],"picked":"Ball Lightning+1","floor":18},{"not_picked":["Go for the Eyes","Chill"],"picked":"Conserve Battery","floor":27},{"not_picked":["Hologram","Scrape"],"picked":"Gash+1","floor":28},{"not_picked":["Hologram","Steam Power+1"],"picked":"Gash","floor":31},{"not_picked":["Machine Learning","Rainbow"],"picked":"Seek","floor":33},{"not_picked":["Rebound+1"],"picked":"SKIP","floor":35},{"not_picked":["Hello World"],"picked":"SKIP","floor":36},{"not_picked":[],"picked":"Glacier","floor":38},{"not_picked":["Chaos+1"],"picked":"SKIP","floor":41},{"not_picked":["Stack"],"picked":"SKIP","floor":42},{"not_picked":["Self Repair"],"picked":"Conserve Battery+1","floor":45},{"not_picked":["Streamline+1","Recycle"],"picked":"SKIP","floor":48}],"player_experience":1547368,"relics_obtained":[{"floor":6,"key":"Potion Belt"},{"floor":8,"key":"Mercury Hourglass"},{"floor":9,"key":"Pantograph"},{"floor":20,"key":"Nilry\u0027s Codex"},{"floor":26,"key":"Pear"},{"floor":31,"key":"Kunai"},{"floor":42,"key":"Question Card"},{"floor":43,"key":"Du-Vu Doll"},{"floor":45,"key":"Turnip"}],"event_choices":[{"damage_healed":0.0,"max_hp_gain":0.0,"max_hp_loss":0.0,"gold_gain":75.0,"event_name":"World of Goop","player_choice":"Gather Gold","floor":2.0,"gold_loss":0.0,"damage_taken":11.0},{"cards_removed":["Strike_B"],"damage_healed":0,"gold_gain":0,"player_choice":"Card Removal","damage_taken":7,"max_hp_gain":0,"max_hp_loss":0,"event_name":"Golden Wing","floor":14,"gold_loss":0},{"damage_healed":0,"gold_gain":0,"player_choice":"Shed Blood","damage_taken":25,"max_hp_gain":5,"max_hp_loss":0,"event_name":"Forgotten Altar","floor":19,"gold_loss":0},{"damage_healed":0,"gold_gain":0,"player_choice":"Obtained Book","damage_taken":21,"max_hp_gain":0,"max_hp_loss":0,"event_name":"Cursed Tome","floor":20,"gold_loss":0},{"cards_removed":["Turbo"],"damage_healed":0,"gold_gain":0,"player_choice":"Elegance","damage_taken":0,"max_hp_gain":0,"max_hp_loss":0,"event_name":"Back to Basics","floor":22,"gold_loss":0},{"damage_healed":0,"gold_gain":0,"player_choice":"Ignored","damage_taken":0,"max_hp_gain":0,"max_hp_loss":0,"event_name":"Ghosts","floor":24,"gold_loss":0},{"damage_healed":0,"gold_gain":0,"cards_transformed":["Streamline"],"player_choice":"Transformed","damage_taken":0,"max_hp_gain":0,"max_hp_loss":0,"event_name":"Transmorgrifier","floor":37,"gold_loss":0,"cards_obtained":["Genetic Algorithm"]},{"cards_removed":["Turbo"],"damage_healed":0,"gold_gain":0,"player_choice":"Removed Skill","damage_taken":0,"max_hp_gain":0,"max_hp_loss":0,"event_name":"Falling","floor":47,"gold_loss":0}],"is_beta":true,"boss_relics":[{"not_picked":["Philosopher\u0027s Stone","Coffee Dripper"],"picked":"Pandora\u0027s Box"},{"not_picked":["Orrery","Snecko Eye"],"picked":"Busted Crown"}],"items_purged_floors":[3,39],"is_endless":false,"potions_floor_spawned":[4,16,27,28,35,48],"ascension_level":20}