{"gold_per_floor":[209,228,19,29,204,204,234,334,383,402,402],"floor_reached":11,"playtime":877,"items_purged":[],"score":113,"play_id":"84e7d39a-ecff-495d-a30b-462f582748d1","local_time":"20190820170910","is_ascension_mode":true,"campfire_choices":[{"data":"Sucker Punch","floor":6.0,"key":"SMITH"}],"neow_cost":"NONE","seed_source_timestamp":603212412144565,"circlet_count":0,"master_deck":["AscendersBane","Strike_G","Strike_G","Strike_G","Strike_G","Strike_G","Defend_G","Defend_G","Defend_G","Defend_G","Defend_G","Survivor","Neutralize","Sucker Punch+1","Backflip","Caltrops","Doubt","Bullet Time","Dagger Spray"],"special_seed":0,"relics":["Ring of the Snake","OrangePellets","Anchor","Smiling Mask"],"potions_floor_usage":[11],"damage_taken":[{"damage":1.0,"enemies":"2 Louse","floor":1.0,"turns":4.0},{"damage":0.0,"enemies":"Jaw Worm","floor":2.0,"turns":5.0},{"damage":1.0,"enemies":"Cultist","floor":4.0,"turns":4.0},{"damage":28.0,"enemies":"3 Sentries","floor":7.0,"turns":14.0},{"damage":1.0,"enemies":"Large Slime","floor":10.0,"turns":8.0},{"damage":36,"enemies":"Lagavulin","floor":11,"turns":9}],"seed_played":"7487442958690176295","potions_obtained":[{"floor":4.0,"key":"LiquidBronze"},{"floor":7.0,"key":"LiquidBronze"},{"floor":10.0,"key":"AttackPotion"}],"is_trial":false,"path_per_floor":["M","M","$","M","?","R","E","?","T","M","E"],"character_chosen":"THE_SILENT","items_purchased":["OrangePellets"],"campfire_rested":0,"item_purchase_floors":[3],"current_hp_per_floor":[62,62,62,61,61,61,33,33,33,32,0],"gold":402,"neow_bonus":"HUNDRED_GOLD","is_prod":false,"is_daily":false,"chose_seed":false,"campfire_upgraded":1,"win_rate":0,"timestamp":1566346150,"path_taken":["M","M","$","M","?","R","E","?","T","?","E"],"build_version":"2019-07-17","purchased_purges":0,"victory":false,"max_hp_per_floor":[70,70,70,70,70,70,70,70,70,70,70],"card_choices":[{"not_picked":["Masterful Stab","Quick Slash"],"picked":"Sucker Punch","floor":1.0},{"not_picked":["Quick Slash","Endless Agony"],"picked":"Backflip","floor":2.0},{"not_picked":["Dodge and Roll","Tactician"],"picked":"Caltrops","floor":4.0},{"not_picked":["Finisher","Backflip"],"picked":"Bullet Time","floor":7.0},{"not_picked":["Sucker Punch","Deadly Poison"],"picked":"Dagger Spray","floor":10.0}],"player_experience":669535,"relics_obtained":[{"floor":7.0,"key":"Anchor"},{"floor":9.0,"key":"Smiling Mask"}],"event_choices":[{"damage_healed":0.0,"max_hp_gain":0.0,"max_hp_loss":0.0,"gold_gain":175.0,"event_name":"Liars Game","player_choice":"AGREE","floor":5.0,"gold_loss":0.0,"damage_taken":0.0,"cards_obtained":["Doubt"]},{"damage_healed":0.0,"max_hp_gain":0.0,"max_hp_loss":0.0,"gold_gain":100.0,"event_name":"Golden Shrine","player_choice":"Pray","floor":8.0,"gold_loss":0.0,"damage_taken":0.0}],"is_beta":false,"boss_relics":[],"items_purged_floors":[],"is_endless":false,"potions_floor_spawned":[4,7,10],"killed_by":"Lagavulin","ascension_level":11}