{"gold_per_floor":[119,119,138,155,3,3,32,0,26,46,75,75,75,90,90,164,214,231,249,149,62,38,38,56,56,56,76,110,110,110],"floor_reached":30,"playtime":1012,"items_purged":["Strike_B","Strike_B"],"score":516,"play_id":"15ecb0e2-a559-4b0c-b0c0-a9884902f973","local_time":"20190318160654","is_ascension_mode":true,"campfire_choices":[{"data":"Sunder","floor":6.0,"key":"SMITH"},{"floor":13,"key":"REST"},{"data":"Defragment","floor":15,"key":"SMITH"},{"data":"1","floor":23,"key":"LIFT"},{"data":"2","floor":25,"key":"LIFT"}],"neow_cost":"NONE","seed_source_timestamp":412848609531639,"circlet_count":0,"master_deck":["AscendersBane","Strike_B","Strike_B","Defend_B","Defend_B","Defend_B","Defend_B","Zap+1","Dualcast","Sunder+1","Genetic Algorithm","Capacitor+1","Defragment+1","Cold Snap","Cold Snap","Genetic Algorithm","Gash","Sweeping Beam","All For One","Doom and Gloom"],"special_seed":0,"relics":["Cracked Core","Orichalcum","Juzu Bracelet","Bag of Preparation","Girya","Tiny House","Strawberry","Blood Vial","Centennial Puzzle"],"potions_floor_usage":[28,28,30],"damage_taken":[{"damage":12.0,"enemies":"Jaw Worm","floor":1.0,"turns":3.0},{"damage":0.0,"enemies":"2 Louse","floor":3.0,"turns":2.0},{"damage":0.0,"enemies":"Cultist","floor":4.0,"turns":3.0},{"damage":28.0,"enemies":"Lagavulin","floor":7.0,"turns":6.0},{"damage":3.0,"enemies":"Blue Slaver","floor":10.0,"turns":4.0},{"damage":6.0,"enemies":"3 Sentries","floor":11.0,"turns":9.0},{"damage":0,"enemies":"3 Louse","floor":14,"turns":2},{"damage":26,"enemies":"Slime Boss","floor":16,"turns":8},{"damage":10,"enemies":"Spheric Guardian","floor":18,"turns":6},{"damage":4,"enemies":"Shell Parasite","floor":19,"turns":7},{"damage":16,"enemies":"Snake Plant","floor":24,"turns":6},{"damage":14,"enemies":"Snecko","floor":27,"turns":6},{"damage":26,"enemies":"Slavers","floor":28,"turns":7},{"damage":24,"enemies":"Book of Stabbing","floor":30,"turns":4}],"seed_played":"-5374057381134949650","potions_obtained":[{"floor":3.0,"key":"SpeedPotion"},{"floor":4.0,"key":"Explosive Potion"},{"floor":16,"key":"Regen Potion"},{"floor":17,"key":"FocusPotion"},{"floor":28,"key":"EssenceOfSteel"}],"is_trial":false,"path_per_floor":["M","?","M","M","$","R","E","?","T","M","E","?","R","M","R","B",null,"M","M","$","?","$","R","M","R","T","M","E","?","E"],"character_chosen":"DEFECT","items_purchased":["Defragment","Sweeping Beam"],"campfire_rested":1,"item_purchase_floors":[5,22],"current_hp_per_floor":[52,47,47,47,47,47,19,19,19,16,10,10,31,31,31,5,60,50,46,46,53,53,53,37,37,37,25,16,16,0],"gold":110,"neow_bonus":"UPGRADE_CARD","is_prod":false,"is_daily":false,"chose_seed":false,"campfire_upgraded":2,"win_rate":0,"timestamp":1552925214,"path_taken":["M","?","M","M","$","R","E","?","T","M","E","?","R","M","R","BOSS","M","M","$","?","?","R","M","R","T","M","E","?","E"],"build_version":"2019-03-15","purchased_purges":2,"victory":false,"max_hp_per_floor":[71,71,71,71,71,71,71,71,71,71,71,71,71,71,71,71,76,76,76,76,83,83,83,83,83,83,83,83,83,83],"card_choices":[{"not_picked":["Stack","Blizzard"],"picked":"Sunder","floor":1.0},{"not_picked":["Storm","Redo"],"picked":"Genetic Algorithm","floor":3.0},{"not_picked":["Chaos","Rebound"],"picked":"Capacitor","floor":4.0},{"not_picked":["Go for the Eyes","Skim"],"picked":"Cold Snap","floor":7.0},{"not_picked":["BootSequence","Conserve Battery"],"picked":"Cold Snap","floor":10.0},{"not_picked":["Cold Snap","Turbo","Heatsinks"],"picked":"SKIP","floor":11.0},{"not_picked":["Sweeping Beam","Chaos"],"picked":"Genetic Algorithm","floor":14},{"not_picked":["Double Energy","Self Repair","Ball Lightning"],"picked":"SKIP","floor":18},{"not_picked":["Auto Shields","Redo"],"picked":"Gash","floor":19},{"not_picked":["Blizzard","Sweeping Beam","Leap"],"picked":"SKIP","floor":24},{"not_picked":["Sweeping Beam","Hologram"],"picked":"All For One","floor":27},{"not_picked":["Hologram","Compile Driver"],"picked":"Doom and Gloom","floor":28}],"player_experience":1947609,"relics_obtained":[{"floor":7.0,"key":"Juzu Bracelet"},{"floor":9.0,"key":"Bag of Preparation"},{"floor":11.0,"key":"Girya"},{"floor":26,"key":"Blood Vial"},{"floor":28,"key":"Centennial Puzzle"}],"event_choices":[{"damage_healed":0.0,"max_hp_gain":0.0,"max_hp_loss":0.0,"gold_gain":0.0,"event_name":"Scrap Ooze","player_choice":"Success","floor":2.0,"gold_loss":0.0,"damage_taken":5.0,"relics_obtained":["Orichalcum"]},{"damage_healed":0.0,"max_hp_gain":0.0,"max_hp_loss":0.0,"gold_gain":0.0,"event_name":"World of Goop","player_choice":"Left Gold","floor":8.0,"gold_loss":32.0,"damage_taken":0.0},{"damage_healed":0,"gold_gain":0,"player_choice":"Searched \u00270\u0027 times","damage_taken":0,"max_hp_gain":0,"max_hp_loss":0,"event_name":"Dead Adventurer","floor":12,"gold_loss":0},{"damage_healed":0,"gold_gain":0,"player_choice":"Paid Gold","damage_taken":0,"relics_obtained":["Strawberry"],"max_hp_gain":0,"max_hp_loss":0,"event_name":"WeMeetAgain","floor":21,"gold_loss":87},{"damage_healed":0,"gold_gain":0,"player_choice":"Ignored","damage_taken":0,"max_hp_gain":0,"max_hp_loss":0,"event_name":"The Mausoleum","floor":29,"gold_loss":0}],"is_beta":true,"boss_relics":[{"not_picked":["FrozenCore","Eternal Feather"],"picked":"Tiny House"}],"items_purged_floors":[5,20],"is_endless":false,"potions_floor_spawned":[3,4,16,24,28],"killed_by":"Book of Stabbing","ascension_level":20}