{"gold_per_floor":[109,109,184,21,35,35,35,69,121,121,148,148,182,208,208,279,279,289,303,48,59,59,59,94,94,94,94,120,120,135,165,165,240,240,255,255,255,355,374,400,400,432,503,503,503,536,551,255,255,255,255,255,255,34,34],"floor_reached":55,"playtime":4699,"items_purged":["Strike_G","Dagger Spray"],"score":1981,"play_id":"b4bafa1c-2544-47d6-a812-a2ebbec20a1a","local_time":"20190204194229","is_ascension_mode":true,"campfire_choices":[{"data":"Masterful Stab","floor":6.0,"key":"SMITH"},{"data":"Glass Knife","floor":10.0,"key":"SMITH"},{"data":"Neutralize","floor":12.0,"key":"SMITH"},{"data":"Noxious Fumes","floor":15.0,"key":"SMITH"},{"data":"Wraith Form v2","floor":23.0,"key":"SMITH"},{"floor":25.0,"key":"REST"},{"floor":32.0,"key":"REST"},{"floor":45,"key":"REST"},{"floor":49,"key":"RECALL"},{"data":"Footwork","floor":53,"key":"SMITH"}],"neow_cost":"NONE","seed_source_timestamp":778187750193279,"circlet_count":0,"master_deck":["AscendersBane","Survivor","Neutralize+1","Well Laid Plans+1","Footwork+1","Masterful Stab+1","Glass Knife+1","Noxious Fumes+1","Bouncing Flask","Dagger Spray","Leg Sweep","Envenom","Wraith Form v2+1","Noxious Fumes","Glass Knife","Adrenaline","PiercingWail","Backflip","Deflect","Prepared+1","Die Die Die","Dagger Spray","PiercingWail","Writhe","Dodge and Roll+1","Writhe","Dodge and Roll","Deflect+1","Backflip","Well Laid Plans","PiercingWail","Dodge and Roll"],"special_seed":0,"relics":["Ring of the Snake","NeowsBlessing","Blue Candle","Potion Belt","Unceasing Top","Darkstone Periapt","Odd Mushroom","Pandora\u0027s Box","Bronze Scales","Kunai","Mercury Hourglass","Tiny Chest","Sozu","Girya","Omamori","Tough Bandages","Mummified Hand","Paper Crane","Mango","Bag of Marbles"],"potions_floor_usage":[42,50],"damage_taken":[{"damage":0.0,"enemies":"2 Louse","floor":1.0,"turns":1.0},{"damage":0.0,"enemies":"Jaw Worm","floor":5.0,"turns":1.0},{"damage":0.0,"enemies":"Gremlin Nob","floor":8.0,"turns":1.0},{"damage":1.0,"enemies":"Lagavulin","floor":11.0,"turns":7.0},{"damage":3.0,"enemies":"3 Sentries","floor":13.0,"turns":7.0},{"damage":4.0,"enemies":"The Mushroom Lair","floor":14.0,"turns":5.0},{"damage":33.0,"enemies":"Slime Boss","floor":16.0,"turns":9.0},{"damage":2.0,"enemies":"Chosen","floor":18.0,"turns":4.0},{"damage":13.0,"enemies":"Shell Parasite","floor":19.0,"turns":5.0},{"damage":3.0,"enemies":"Snake Plant","floor":21.0,"turns":4.0},{"damage":22.0,"enemies":"Slavers","floor":24.0,"turns":5.0},{"damage":23.0,"enemies":"Gremlin Leader","floor":28.0,"turns":6.0},{"damage":18.0,"enemies":"Chosen and Byrds","floor":30.0,"turns":3.0},{"damage":22.0,"enemies":"Automaton","floor":33.0,"turns":10.0},{"damage":1.0,"enemies":"Orb Walker","floor":35.0,"turns":3.0},{"damage":0.0,"enemies":"Mind Bloom Boss Battle","floor":38.0,"turns":7.0},{"damage":4.0,"enemies":"3 Shapes","floor":39.0,"turns":6.0},{"damage":38.0,"enemies":"Giant Head","floor":40.0,"turns":10.0},{"damage":14,"enemies":"Nemesis","floor":42,"turns":9},{"damage":4,"enemies":"Giant Head","floor":46,"turns":10},{"damage":9,"enemies":"Transient","floor":47,"turns":6},{"damage":5,"enemies":"Time Eater","floor":50,"turns":14},{"damage":32,"enemies":"Awakened One","floor":51,"turns":22},{"damage":71,"enemies":"Shield and Spear","floor":55,"turns":2}],"seed_played":"-8115076234288583469","potions_obtained":[{"floor":1.0,"key":"GamblersBrew"},{"floor":11.0,"key":"Poison Potion"},{"floor":14.0,"key":"LiquidBronze"},{"floor":21.0,"key":"EssenceOfSteel"},{"floor":30.0,"key":"Block Potion"},{"floor":33.0,"key":"Swift Potion"}],"is_trial":false,"path_per_floor":["M","?","?","$","M","R","$","E","T","R","E","R","E","?","R","B",null,"M","M","$","M","?","R","E","R","T","?","E","?","M","?","R","B",null,"M","?","?","?","M","E","?","E","T","T","R","E","M","$","R","B","B",null,"R","$","E"],"character_chosen":"THE_SILENT","items_purchased":["Footwork","Bronze Scales","GhostInAJar","Backflip","Well Laid Plans","PiercingWail","Dodge and Roll","Bag of Marbles"],"campfire_rested":3,"item_purchase_floors":[4,20,20,48,48,48,54,54],"current_hp_per_floor":[59,59,48,48,48,48,48,48,48,48,47,47,44,40,40,7,51,49,36,36,33,33,33,11,30,30,43,20,20,2,8,29,7,56,55,75,75,75,71,33,33,19,19,19,42,52,43,43,43,38,6,71,71,71,0],"gold":34,"neow_bonus":"THREE_ENEMY_KILL","is_prod":false,"is_daily":false,"chose_seed":false,"campfire_upgraded":6,"win_rate":0,"timestamp":1549309349,"path_taken":["M","?","?","$","?","R","?","E","T","R","E","R","E","?","R","BOSS","M","M","$","M","?","R","E","R","T","?","E","?","M","?","R","BOSS","M","?","?","?","M","E","?","E","T","?","R","E","M","$","R","BOSS","BOSS","R","$","E"],"build_version":"2019-01-23","purchased_purges":2,"victory":false,"max_hp_per_floor":[66,66,66,66,66,66,66,66,66,66,66,66,66,66,66,66,66,66,66,66,66,66,66,66,66,66,66,66,66,66,72,72,72,72,72,78,78,78,78,78,78,78,78,78,78,92,92,92,92,92,92,92,92,92,92],"card_choices":[{"not_picked":["PiercingWail","Endless Agony"],"picked":"Well Laid Plans","floor":1.0},{"not_picked":["Underhanded Strike","Bane"],"picked":"Masterful Stab","floor":5.0},{"not_picked":["Cloak And Dagger","Phantasmal Killer"],"picked":"Glass Knife","floor":8.0},{"not_picked":["Quick Slash","Choke"],"picked":"Noxious Fumes","floor":11.0},{"not_picked":["Acrobatics","Slice"],"picked":"Bouncing Flask","floor":13.0},{"not_picked":["Masterful Stab","Backflip"],"picked":"Dagger Spray","floor":14.0},{"not_picked":["Storm of Steel","A Thousand Cuts"],"picked":"Die Die Die","floor":16.0},{"not_picked":["Acrobatics+1","Heel Hook","Bane"],"picked":"SKIP","floor":18.0},{"not_picked":["Quick Slash","Backflip"],"picked":"PiercingWail","floor":19.0},{"not_picked":["Flying Knee","Terror"],"picked":"Backflip","floor":21.0},{"not_picked":["Sucker Punch+1","Quick Slash"],"picked":"Deflect","floor":24.0},{"not_picked":["Flying Knee","Blade Dance"],"picked":"Prepared+1","floor":28.0},{"not_picked":["Deadly Poison+1","Blade Dance"],"picked":"PiercingWail","floor":30.0},{"not_picked":["PiercingWail","Blade Dance"],"picked":"Dodge and Roll+1","floor":35.0},{"not_picked":["All Out Attack","Deflect"],"picked":"Dodge and Roll","floor":38.0},{"not_picked":["Masterful Stab+1","Terror","Backstab+1"],"picked":"SKIP","floor":39.0},{"not_picked":["Concentrate","Acrobatics+1"],"picked":"Deflect+1","floor":40.0},{"not_picked":["Accuracy","Die Die Die","Bouncing Flask"],"picked":"SKIP","floor":42},{"not_picked":["Bouncing Flask","Outmaneuver","Riddle With Holes"],"picked":"SKIP","floor":46},{"not_picked":["Deflect","Choke","Heel Hook"],"picked":"SKIP","floor":47}],"player_experience":1822995,"relics_obtained":[{"floor":8.0,"key":"Blue Candle"},{"floor":9.0,"key":"Potion Belt"},{"floor":11.0,"key":"Unceasing Top"},{"floor":13.0,"key":"Darkstone Periapt"},{"floor":14.0,"key":"Odd Mushroom"},{"floor":24.0,"key":"Kunai"},{"floor":28.0,"key":"Mercury Hourglass"},{"floor":38.0,"key":"Girya"},{"floor":40.0,"key":"Omamori"},{"floor":42,"key":"Tough Bandages"},{"floor":43,"key":"Mummified Hand"},{"floor":44,"key":"Paper Crane"},{"floor":46,"key":"Mango"}],"event_choices":[{"damage_healed":0.0,"max_hp_gain":0.0,"max_hp_loss":0.0,"gold_gain":0.0,"event_name":"Living Wall","player_choice":"Grow","floor":2.0,"gold_loss":0.0,"damage_taken":0.0,"cards_upgraded":["Well Laid Plans"]},{"damage_healed":0.0,"max_hp_gain":0.0,"max_hp_loss":0.0,"gold_gain":75.0,"event_name":"World of Goop","player_choice":"Gather Gold","floor":3.0,"gold_loss":0.0,"damage_taken":11.0},{"damage_healed":0.0,"max_hp_gain":0.0,"max_hp_loss":0.0,"gold_gain":0.0,"event_name":"Mushrooms","player_choice":"Fought Mushrooms","floor":14.0,"gold_loss":0.0,"damage_taken":0.0},{"damage_healed":0.0,"max_hp_gain":0.0,"max_hp_loss":0.0,"gold_gain":0.0,"event_name":"Beggar","player_choice":"Ignored","floor":22.0,"gold_loss":0.0,"damage_taken":0.0},{"damage_healed":13.0,"max_hp_gain":0.0,"max_hp_loss":0.0,"gold_gain":0.0,"event_name":"The Library","player_choice":"Heal","floor":27.0,"gold_loss":0.0,"damage_taken":0.0},{"damage_healed":0.0,"max_hp_gain":0.0,"max_hp_loss":0.0,"gold_gain":0.0,"cards_transformed":["Masterful Stab","Infinite Blades"],"event_name":"Drug Dealer","player_choice":"Became Test Subject","floor":29.0,"gold_loss":0.0,"damage_taken":0.0,"cards_obtained":["Die Die Die","Dagger Spray"]},{"damage_healed":0.0,"max_hp_gain":0.0,"max_hp_loss":0.0,"gold_gain":0.0,"event_name":"The Mausoleum","player_choice":"Opened","floor":31.0,"gold_loss":0.0,"damage_taken":0.0,"relics_obtained":["Tiny Chest"],"cards_obtained":["Writhe"]},{"damage_healed":14.0,"max_hp_gain":0.0,"max_hp_loss":0.0,"gold_gain":0.0,"event_name":"Winding Halls","player_choice":"Writhe","floor":36.0,"gold_loss":0.0,"damage_taken":0.0,"cards_obtained":["Writhe"]},{"cards_removed":["Die Die Die"],"damage_healed":0.0,"max_hp_gain":0.0,"max_hp_loss":0.0,"gold_gain":0.0,"event_name":"Falling","player_choice":"Removed Attack","floor":37.0,"gold_loss":0.0,"damage_taken":0.0},{"damage_healed":0.0,"max_hp_gain":0.0,"max_hp_loss":0.0,"gold_gain":0.0,"event_name":"MindBloom","player_choice":"Fight","floor":38.0,"gold_loss":0.0,"damage_taken":0.0},{"damage_healed":0.0,"max_hp_gain":0.0,"max_hp_loss":0.0,"gold_gain":0.0,"event_name":"SensoryStone","player_choice":"Memory 1","floor":41.0,"gold_loss":0.0,"damage_taken":0.0}],"is_beta":true,"boss_relics":[{"not_picked":["Ectoplasm","Ring of the Serpent"],"picked":"Pandora\u0027s Box"},{"not_picked":["Coffee Dripper","Philosopher\u0027s Stone"],"picked":"Sozu"}],"items_purged_floors":[4,48],"is_endless":false,"potions_floor_spawned":[1,11,14,21,24,30,33,39,42,47],"killed_by":"Shield and Spear","ascension_level":20}