{"gold_per_floor":[11,22,35,35,35,35,35,49,49,84,84,84,113,153,153,244,244,259,534,547,230,230,261,33,33,56,95,111,111,132,153,153,249,249,265,265,68,93,117,117,33,33,80,114,135,178,178,198,198,198,198,198,20,55,55],"floor_reached":56,"playtime":4946,"items_purged":["Regret","Injury","Normality","Pain"],"score":2168,"play_id":"02805bc7-610e-4891-aa09-78efb24a03fa","local_time":"20190819233851","is_ascension_mode":true,"campfire_choices":[{"data":"Iron Wave","floor":6.0,"key":"SMITH"},{"data":"Infernal Blade","floor":11.0,"key":"SMITH"},{"data":"Fiend Fire","floor":15.0,"key":"SMITH"},{"floor":25.0,"key":"REST"},{"floor":32.0,"key":"RECALL"},{"floor":40.0,"key":"REST"},{"floor":47.0,"key":"REST"},{"floor":49.0,"key":"REST"},{"floor":52.0,"key":"REST"}],"neow_cost":"NO_GOLD","seed_source_timestamp":536084445285418,"circlet_count":0,"master_deck":["AscendersBane","Defend_R","Defend_R","Defend_R","Defend_R","Bash","Iron Wave+1","Infernal Blade+1","Brutality","Inflame+1","Fiend Fire+1","Feed","Body Slam+1","Headbutt+1","Corruption+1","Double Tap","Cleave","Bite","Bite","Bite","Bite","Bite","Dropkick","Disarm","Immolate","Clumsy","Warcry+1","Feel No Pain+1","Reaper","Panacea","Intimidate+1","Disarm","Rupture+1","Spot Weakness"],"special_seed":0,"relics":["Burning Blood","Dead Branch","Golden Idol","Frozen Egg 2","Champion Belt","Odd Mushroom","Red Skull","Fusion Hammer","HandDrill","Letter Opener","Matryoshka","Oddly Smooth Stone","Whetstone","Calling Bell","Bag of Marbles","Dodecahedron","FossilizedHelix","Boot","Smiling Mask","Regal Pillow","Bronze Scales"],"potions_floor_usage":[55,55],"damage_taken":[{"damage":12.0,"enemies":"Small Slimes","floor":1.0,"turns":5.0},{"damage":10.0,"enemies":"2 Louse","floor":2.0,"turns":2.0},{"damage":2.0,"enemies":"Jaw Worm","floor":3.0,"turns":3.0},{"damage":10.0,"enemies":"Lots of Slimes","floor":8.0,"turns":5.0},{"damage":17.0,"enemies":"3 Sentries","floor":10.0,"turns":7.0},{"damage":3.0,"enemies":"The Mushroom Lair","floor":13.0,"turns":3.0},{"damage":19.0,"enemies":"Lagavulin","floor":14.0,"turns":5.0},{"damage":2.0,"enemies":"Slime Boss","floor":16.0,"turns":5.0},{"damage":9.0,"enemies":"Chosen","floor":18.0,"turns":4.0},{"damage":10.0,"enemies":"Shell Parasite","floor":20.0,"turns":2.0},{"damage":27.0,"enemies":"Slavers","floor":23.0,"turns":5.0},{"damage":10.0,"enemies":"Book of Stabbing","floor":27.0,"turns":3.0},{"damage":12.0,"enemies":"Snake Plant","floor":28.0,"turns":3.0},{"damage":0.0,"enemies":"Snecko","floor":30.0,"turns":3.0},{"damage":3.0,"enemies":"Sentry and Sphere","floor":31.0,"turns":2.0},{"damage":31.0,"enemies":"Automaton","floor":33.0,"turns":6.0},{"damage":16.0,"enemies":"Orb Walker","floor":35.0,"turns":3.0},{"damage":22.0,"enemies":"3 Shapes","floor":38.0,"turns":4.0},{"damage":4.0,"enemies":"Writhing Mass","floor":39.0,"turns":3.0},{"damage":18.0,"enemies":"Nemesis","floor":44.0,"turns":5.0},{"damage":31.0,"enemies":"Maw","floor":45.0,"turns":5.0},{"damage":5.0,"enemies":"Giant Head","floor":46.0,"turns":4.0},{"damage":0.0,"enemies":"Sphere and 2 Shapes","floor":48.0,"turns":3.0},{"damage":90.0,"enemies":"Awakened One","floor":50.0,"turns":10.0},{"damage":71.0,"enemies":"Shield and Spear","floor":54.0,"turns":5.0},{"damage":41,"enemies":"The Heart","floor":55,"turns":9}],"seed_played":"614241123543195902","potions_obtained":[{"floor":2.0,"key":"EssenceOfSteel"},{"floor":8.0,"key":"SteroidPotion"},{"floor":13.0,"key":"SkillPotion"},{"floor":14.0,"key":"Fire Potion"},{"floor":18.0,"key":"Fire Potion"},{"floor":28.0,"key":"SkillPotion"},{"floor":30.0,"key":"Dexterity Potion"},{"floor":33.0,"key":"Fruit Juice"},{"floor":39.0,"key":"Weak Potion"},{"floor":45.0,"key":"SneckoOil"},{"floor":46.0,"key":"Strength Potion"},{"floor":54.0,"key":"Swift Potion"}],"is_trial":false,"path_per_floor":["M","M","M","?","?","R","?","M","T","E","R","?","?","E","R","B",null,"M","?","M","$","T","E","$","R","T","E","M","?","M","M","R","B",null,"M","?","$","M","M","R","$","?","T","E","M","E","R","M","R","B",null,"R","$","E","B",null],"character_chosen":"IRONCLAD","items_purchased":["HandDrill","Strength Potion","Corruption+1","PowerPotion","GamblersBrew","Panacea","Rupture+1","Poison Potion"],"campfire_rested":5,"item_purchase_floors":[21,21,24,24,37,41,53,53],"current_hp_per_floor":[62,58,62,62,62,62,62,58,58,47,47,52,55,42,42,46,72,69,69,65,65,65,47,47,71,71,70,64,60,60,60,60,50,61,60,68,68,57,61,71,71,71,71,62,64,69,74,74,74,18,62,77,77,31,22],"gold":55,"neow_bonus":"ONE_RARE_RELIC","is_prod":false,"is_daily":false,"chose_seed":false,"campfire_upgraded":3,"win_rate":0,"timestamp":1566283131,"path_taken":["M","M","M","?","?","R","?","?","T","E","R","?","?","E","R","BOSS","M","?","M","$","?","E","?","R","T","E","?","?","M","M","R","BOSS","M","?","$","M","?","R","?","?","T","E","M","E","R","M","R","BOSS","R","$","E","BOSS"],"build_version":"2019-07-17","purchased_purges":4,"victory":true,"max_hp_per_floor":[75,75,75,75,75,75,75,75,75,75,75,80,80,80,80,80,80,80,80,80,80,80,83,83,83,83,86,86,60,60,60,60,65,65,68,68,68,71,71,71,71,71,71,74,74,74,74,74,74,77,77,77,77,80,80],"card_choices":[{"not_picked":["Shrug It Off","Power Through"],"picked":"Twin Strike","floor":1.0},{"not_picked":["Burning Pact","Whirlwind"],"picked":"Iron Wave","floor":2.0},{"not_picked":["Anger","Clash"],"picked":"Infernal Blade","floor":3.0},{"not_picked":["Clash","Clothesline","Armaments"],"picked":"SKIP","floor":8.0},{"not_picked":["Armaments","Wild Strike"],"picked":"Inflame+1","floor":10.0},{"not_picked":["Body Slam","Reaper"],"picked":"Fiend Fire","floor":14.0},{"not_picked":["Reaper","Dark Embrace+1"],"picked":"Feed","floor":16.0},{"not_picked":["Heavy Blade","Thunderclap"],"picked":"Body Slam+1","floor":18.0},{"not_picked":["Body Slam","Sword Boomerang","Wild Strike"],"picked":"SKIP","floor":20.0},{"not_picked":["Evolve+1","Rampage"],"picked":"Headbutt+1","floor":23.0},{"not_picked":["Sword Boomerang","Dropkick+1"],"picked":"Double Tap","floor":27.0},{"not_picked":["Iron Wave","Sword Boomerang+1"],"picked":"Cleave","floor":28.0},{"not_picked":["Sword Boomerang","Uppercut"],"picked":"Dropkick","floor":30.0},{"not_picked":["Second Wind","Sever Soul"],"picked":"Disarm","floor":31.0},{"not_picked":["Bludgeon","Feed"],"picked":"Immolate","floor":33.0},{"not_picked":["Iron Wave","Searing Blow"],"picked":"Warcry+1","floor":35.0},{"not_picked":["Reckless Charge","Shrug It Off"],"picked":"Feel No Pain+1","floor":38.0},{"not_picked":["Havoc","Dual Wield"],"picked":"Reaper","floor":39.0},{"not_picked":["Twin Strike","Perfected Strike"],"picked":"Intimidate+1","floor":44.0},{"not_picked":["Fire Breathing+1","Clash"],"picked":"Disarm","floor":45.0},{"not_picked":["Twin Strike","Rampage","Cleave"],"picked":"SKIP","floor":46.0},{"not_picked":["Perfected Strike+1","Thunderclap","Pommel Strike+1"],"picked":"SKIP","floor":48.0},{"not_picked":["Pommel Strike","Warcry"],"picked":"Spot Weakness","floor":54.0}],"player_experience":664589,"relics_obtained":[{"floor":9.0,"key":"Frozen Egg 2"},{"floor":10.0,"key":"Champion Belt"},{"floor":13.0,"key":"Odd Mushroom"},{"floor":14.0,"key":"Red Skull"},{"floor":22.0,"key":"Letter Opener"},{"floor":23.0,"key":"Matryoshka"},{"floor":26.0,"key":"Oddly Smooth Stone"},{"floor":27.0,"key":"Whetstone"},{"floor":34.0,"key":"Bag of Marbles"},{"floor":34.0,"key":"Dodecahedron"},{"floor":34.0,"key":"FossilizedHelix"},{"floor":43.0,"key":"Boot"},{"floor":43.0,"key":"Smiling Mask"},{"floor":44.0,"key":"Regal Pillow"},{"floor":54.0,"key":"Bronze Scales"}],"event_choices":[{"damage_healed":0.0,"max_hp_gain":0.0,"max_hp_loss":0.0,"gold_gain":0.0,"event_name":"Golden Idol","player_choice":"Take Wound","floor":4.0,"gold_loss":0.0,"damage_taken":0.0,"relics_obtained":["Golden Idol"],"cards_obtained":["Injury"]},{"damage_healed":0.0,"max_hp_gain":0.0,"max_hp_loss":0.0,"gold_gain":0.0,"event_name":"Shining Light","player_choice":"Ignored","floor":5.0,"gold_loss":0.0,"damage_taken":0.0},{"damage_healed":0.0,"max_hp_gain":0.0,"max_hp_loss":0.0,"gold_gain":0.0,"cards_transformed":["Strike_R"],"event_name":"Transmorgrifier","player_choice":"Transformed","floor":7.0,"gold_loss":0.0,"damage_taken":0.0,"cards_obtained":["Brutality"]},{"damage_healed":0.0,"max_hp_gain":5.0,"max_hp_loss":0.0,"gold_gain":0.0,"event_name":"Big Fish","player_choice":"Donut","floor":12.0,"gold_loss":0.0,"damage_taken":0.0},{"damage_healed":0.0,"max_hp_gain":0.0,"max_hp_loss":0.0,"gold_gain":0.0,"event_name":"Mushrooms","player_choice":"Fought Mushrooms","floor":13.0,"gold_loss":0.0,"damage_taken":0.0},{"damage_healed":0.0,"max_hp_gain":0.0,"max_hp_loss":0.0,"gold_gain":275.0,"event_name":"Golden Shrine","player_choice":"Desecrate","floor":19.0,"gold_loss":0.0,"damage_taken":0.0,"cards_obtained":["Regret"]},{"damage_healed":0.0,"max_hp_gain":0.0,"max_hp_loss":26.0,"gold_gain":0.0,"event_name":"Vampires","player_choice":"Became a vampire","floor":29.0,"gold_loss":0.0,"damage_taken":0.0,"cards_obtained":["Bite","Bite","Bite","Bite","Bite"]},{"damage_healed":8.0,"max_hp_gain":0.0,"max_hp_loss":0.0,"gold_gain":0.0,"event_name":"Wheel of Change","player_choice":"Full Heal","floor":36.0,"gold_loss":0.0,"damage_taken":0.0},{"cards_removed":["Twin Strike"],"damage_healed":5.0,"max_hp_gain":0.0,"max_hp_loss":0.0,"gold_gain":0.0,"event_name":"Bonfire Elementals","player_choice":"Offered Common","floor":42.0,"gold_loss":0.0,"damage_taken":0.0},{"cards_removed":["Twin Strike"],"damage_healed":5.0,"max_hp_gain":0.0,"max_hp_loss":0.0,"gold_gain":0.0,"event_name":"Bonfire Elementals","player_choice":"Offered Special","floor":42.0,"gold_loss":0.0,"damage_taken":0.0}],"is_beta":false,"boss_relics":[{"not_picked":["Runic Dome","Snecko Eye"],"picked":"Fusion Hammer"},{"not_picked":["Pandora\u0027s Box","Tiny House"],"picked":"Calling Bell"}],"items_purged_floors":[21,24,37,53],"is_endless":false,"potions_floor_spawned":[2,8,13,14,18,28,30,33,39,44,45,46,54],"ascension_level":15}