{"gold_per_floor":[119,119,144,167,167,182,206,239,315,265,265,281,322,322,322,450,450,464,505,275,298,321,354,260,260,312,437,476,497,497,520,520,639,639,660,785,586,644,663,699,719,742,742,785,785,798,841,841,841,841],"floor_reached":51,"playtime":1928,"items_purged":["Clash","Strike_R"],"score":1235,"play_id":"185018ce-d64b-4f0a-b063-6e70cb22041f","local_time":"20190807112201","is_ascension_mode":true,"campfire_choices":[{"floor":11,"key":"REST"},{"data":"Inflame","floor":15,"key":"SMITH"},{"data":"Fiend Fire","floor":25,"key":"SMITH"},{"data":"Whirlwind","floor":32,"key":"SMITH"},{"data":"Offering","floor":49,"key":"SMITH"}],"neow_cost":"NONE","seed_source_timestamp":368221920102700,"circlet_count":0,"master_deck":["Strike_R","Strike_R+1","Strike_R","Defend_R","Defend_R","Defend_R","Defend_R","Bash+1","Inflame+1","Dropkick","Immolate+1","Fiend Fire+1","Metallicize","Flex+1","Shrug It Off+1","Discovery","Necronomicurse","Whirlwind+1","Offering+1","Whirlwind+1"],"relics":["Burning Blood","Bag of Preparation","Golden Idol","Orichalcum","Centennial Puzzle","Blue Candle","Pen Nib","Coffee Dripper","Red Mask","Bag of Marbles","Mercury Hourglass","PreservedInsect","Peace Pipe","Pear","Ginger","Necronomicon","Cursed Key","Thread and Needle","Pocketwatch","Whetstone","Potion Belt","Paper Frog"],"potions_floor_usage":[16,18,18,19,19,23,23,41,41,47,47,50,50],"damage_taken":[{"damage":7,"enemies":"Small Slimes","floor":1,"turns":7},{"damage":9,"enemies":"2 Louse","floor":3,"turns":4},{"damage":6,"enemies":"Jaw Worm","floor":4,"turns":5},{"damage":7,"enemies":"Looter","floor":6,"turns":3},{"damage":26,"enemies":"3 Sentries","floor":8,"turns":9},{"damage":0,"enemies":"Large Slime","floor":12,"turns":4},{"damage":13,"enemies":"Lagavulin","floor":13,"turns":5},{"damage":24,"enemies":"Slime Boss","floor":16,"turns":6},{"damage":5,"enemies":"2 Thieves","floor":18,"turns":3},{"damage":6,"enemies":"Masked Bandits","floor":19,"turns":2},{"damage":2,"enemies":"Chosen","floor":21,"turns":2},{"damage":20,"enemies":"Gremlin Leader","floor":23,"turns":3},{"damage":0,"enemies":"Colosseum Slavers","floor":27,"turns":2},{"damage":0,"enemies":"Colosseum Nobs","floor":27,"turns":2},{"damage":4,"enemies":"Book of Stabbing","floor":28,"turns":2},{"damage":3,"enemies":"Centurion and Healer","floor":29,"turns":3},{"damage":2,"enemies":"Sentry and Sphere","floor":31,"turns":3},{"damage":43,"enemies":"Champ","floor":33,"turns":5},{"damage":0,"enemies":"Orb Walker","floor":35,"turns":1},{"damage":6,"enemies":"Mind Bloom Boss Battle","floor":36,"turns":1},{"damage":0,"enemies":"2 Orb Walkers","floor":38,"turns":1},{"damage":8,"enemies":"3 Shapes","floor":39,"turns":1},{"damage":0,"enemies":"Giant Head","floor":40,"turns":2},{"damage":6,"enemies":"Maw","floor":41,"turns":2},{"damage":0,"enemies":"Jaw Worm Horde","floor":42,"turns":1},{"damage":0,"enemies":"Reptomancer","floor":44,"turns":2},{"damage":0,"enemies":"3 Darklings","floor":46,"turns":1},{"damage":23,"enemies":"Nemesis","floor":47,"turns":3},{"damage":29,"enemies":"Donu and Deca","floor":50,"turns":4}],"seed_played":"-17650656915766341","potions_obtained":[{"floor":6,"key":"PowerPotion"},{"floor":8,"key":"Block Potion"},{"floor":12,"key":"SteroidPotion"},{"floor":16,"key":"Poison Potion"},{"floor":18,"key":"Fire Potion"},{"floor":21,"key":"SkillPotion"},{"floor":36,"key":"Block Potion"},{"floor":42,"key":"Strength Potion"},{"floor":46,"key":"EssenceOfSteel"},{"floor":47,"key":"Block Potion"}],"is_trial":false,"path_per_floor":["M","?","M","M","?","M","T","E","T","?","R","M","E","?","R","B",null,"M","?","$","M","T","E","$","R","T","?","E","M","?","M","R","B",null,"M","?","$","?","M","E","M","M","T","E","?","M","E","?","R","B",null],"character_chosen":"IRONCLAD","items_purchased":["Metallicize","Regen Potion","Discovery","Fire Potion","Energy Potion"],"campfire_rested":1,"item_purchase_floors":[20,20,24,37,37],"current_hp_per_floor":[71,51,48,48,48,47,47,27,27,27,51,57,50,50,50,32,68,69,69,69,73,73,64,64,64,64,86,88,90,74,78,78,41,78,84,84,84,90,88,90,90,90,90,90,90,90,73,73,73,50],"gold":841,"neow_bonus":"RANDOM_COMMON_RELIC","is_prod":false,"is_daily":false,"chose_seed":false,"campfire_upgraded":4,"win_rate":0,"timestamp":1565144521,"path_taken":["M","?","M","M","?","M","?","E","T","?","R","M","E","?","R","BOSS","M","?","$","M","?","E","?","R","T","?","E","M","?","?","R","BOSS","M","?","$","?","M","E","M","M","T","E","?","M","E","?","R","BOSS"],"build_version":"2019-07-17","purchased_purges":2,"victory":true,"max_hp_per_floor":[80,80,80,80,80,80,80,80,80,80,80,80,80,80,80,80,80,80,80,80,80,80,80,80,80,80,90,90,90,90,90,90,90,90,90,90,90,90,90,90,90,90,90,90,90,90,90,90,90,90],"card_choices":[{"not_picked":["Wild Strike","Thunderclap"],"picked":"Inflame","floor":1},{"not_picked":["Sever Soul","Thunderclap","Searing Blow"],"picked":"SKIP","floor":3},{"not_picked":["Intimidate","Clothesline"],"picked":"Clash","floor":4},{"not_picked":["Pommel Strike","Rampage"],"picked":"Dropkick","floor":6},{"not_picked":["Wild Strike","Anger"],"picked":"Immolate","floor":8},{"not_picked":["Flex","Body Slam"],"picked":"Disarm","floor":12},{"not_picked":["Combust","Cleave","Heavy Blade"],"picked":"SKIP","floor":13},{"not_picked":["Exhume","Berserk"],"picked":"Fiend Fire","floor":16},{"not_picked":["True Grit","Anger","Armaments"],"picked":"SKIP","floor":18},{"not_picked":["Sword Boomerang+1","Fire Breathing+1"],"picked":"Flex+1","floor":21},{"not_picked":["Metallicize","Perfected Strike"],"picked":"Shrug It Off+1","floor":23},{"not_picked":["Armaments","Havoc","Iron Wave+1"],"picked":"SKIP","floor":28},{"not_picked":["Body Slam","Thunderclap+1","Combust"],"picked":"SKIP","floor":29},{"not_picked":["Second Wind","Dropkick"],"picked":"Whirlwind","floor":31},{"not_picked":["Exhume","Impervious"],"picked":"Offering","floor":33},{"not_picked":["Thunderclap+1","True Grit"],"picked":"Whirlwind+1","floor":35},{"not_picked":["Clothesline","Cleave+1","Wild Strike"],"picked":"SKIP","floor":39},{"not_picked":["Wild Strike+1","Havoc","Limit Break"],"picked":"SKIP","floor":40},{"not_picked":["Sever Soul","Disarm","Anger+1"],"picked":"SKIP","floor":41},{"not_picked":["Shrug It Off+1","Burning Pact","Spot Weakness"],"picked":"SKIP","floor":42},{"not_picked":["Thunderclap","Perfected Strike+1","Carnage"],"picked":"SKIP","floor":44},{"not_picked":["Twin Strike+1","Clash+1","Havoc+1"],"picked":"SKIP","floor":46},{"not_picked":["Exhume","Flex","Bloodletting"],"picked":"SKIP","floor":47}],"player_experience":135320,"relics_obtained":[{"floor":7,"key":"Orichalcum"},{"floor":8,"key":"Centennial Puzzle"},{"floor":9,"key":"Blue Candle"},{"floor":13,"key":"Pen Nib"},{"floor":19,"key":"Red Mask"},{"floor":22,"key":"Bag of Marbles"},{"floor":23,"key":"Mercury Hourglass"},{"floor":26,"key":"PreservedInsect"},{"floor":27,"key":"Peace Pipe"},{"floor":27,"key":"Pear"},{"floor":28,"key":"Ginger"},{"floor":30,"key":"Necronomicon"},{"floor":36,"key":"Thread and Needle"},{"floor":38,"key":"Pocketwatch"},{"floor":40,"key":"Whetstone"},{"floor":44,"key":"Potion Belt"},{"floor":47,"key":"Paper Frog"}],"event_choices":[{"damage_healed":0,"gold_gain":0,"player_choice":"Take Damage","damage_taken":20,"relics_obtained":["Golden Idol"],"max_hp_gain":0,"max_hp_loss":0,"event_name":"Golden Idol","floor":2,"gold_loss":0},{"damage_healed":0,"gold_gain":0,"player_choice":"Grow","damage_taken":0,"max_hp_gain":0,"max_hp_loss":0,"event_name":"Living Wall","floor":5,"gold_loss":0,"cards_upgraded":["Bash"]},{"cards_removed":["Strike_R"],"damage_healed":0,"gold_gain":0,"player_choice":"Card Removal","damage_taken":0,"max_hp_gain":0,"max_hp_loss":0,"event_name":"The Cleric","floor":10,"gold_loss":50},{"damage_healed":0,"gold_gain":0,"player_choice":"Ignored","damage_taken":0,"max_hp_gain":0,"max_hp_loss":0,"event_name":"Liars Game","floor":14,"gold_loss":0},{"damage_healed":0,"gold_gain":0,"player_choice":"Fought Bandits","damage_taken":0,"max_hp_gain":0,"max_hp_loss":0,"event_name":"Masked Bandits","floor":19,"gold_loss":0},{"damage_healed":0,"gold_gain":0,"player_choice":"Fight","damage_taken":0,"max_hp_gain":0,"max_hp_loss":0,"event_name":"Colosseum","floor":27,"gold_loss":0},{"damage_healed":0,"gold_gain":0,"player_choice":"Fought Nobs","damage_taken":0,"max_hp_gain":0,"max_hp_loss":0,"event_name":"Colosseum","floor":27,"gold_loss":0},{"damage_healed":0,"gold_gain":0,"player_choice":"Obtained Book","damage_taken":16,"max_hp_gain":0,"max_hp_loss":0,"event_name":"Cursed Tome","floor":30,"gold_loss":0},{"damage_healed":0,"gold_gain":0,"player_choice":"Fight","damage_taken":0,"max_hp_gain":0,"max_hp_loss":0,"event_name":"MindBloom","floor":36,"gold_loss":0},{"damage_healed":0,"gold_gain":0,"player_choice":"Fight","damage_taken":0,"max_hp_gain":0,"max_hp_loss":0,"event_name":"Mysterious Sphere","floor":38,"gold_loss":0},{"cards_removed":["Disarm"],"damage_healed":0,"gold_gain":0,"player_choice":"Removed Skill","damage_taken":0,"max_hp_gain":0,"max_hp_loss":0,"event_name":"Falling","floor":45,"gold_loss":0},{"damage_healed":0,"gold_gain":0,"player_choice":"Memory 1","damage_taken":0,"max_hp_gain":0,"max_hp_loss":0,"event_name":"SensoryStone","floor":48,"gold_loss":0}],"is_beta":false,"boss_relics":[{"not_picked":["Busted Crown","Runic Pyramid"],"picked":"Coffee Dripper"},{"not_picked":["Mark of Pain","Runic Cube"],"picked":"Cursed Key"}],"items_purged_floors":[20,37],"is_endless":false,"potions_floor_spawned":[6,8,12,16,18,21,27,36,42,46,47],"ascension_level":9}