{"gold_per_floor":[359,28,42,61,73,73,88,103,127,145,145,170,170,189,189,291,291,301,301,301,318,334,334,362,362,362,362,381,33,43,63,63,158,158,175,189,207,220,271,271,371,401,413,438,460,472,484],"floor_reached":47,"playtime":5968,"items_purged":["Strike_B","Sunder"],"score":535,"play_id":"b5bfdfc7-a0b3-483d-872c-c2f3ded94cdf","local_time":"20190818160049","is_ascension_mode":false,"campfire_choices":[{"floor":6,"key":"REST"},{"floor":11,"key":"REST"},{"data":"Seek","floor":13,"key":"SMITH"},{"floor":15,"key":"REST"},{"data":"Fission","floor":23,"key":"SMITH"},{"data":"Rainbow","floor":27,"key":"SMITH"},{"floor":32,"key":"REST"},{"floor":40,"key":"REST"},{"floor":46,"key":"RECALL"}],"neow_cost":"PERCENT_DAMAGE","seed_source_timestamp":2544374351471,"circlet_count":0,"master_deck":["Zap","Dualcast","Hologram","Barrage","Turbo+1","Seek+1","Conserve Battery","Hyperbeam+1","Undo","Creative AI","Static Discharge","Rainbow+1","Reboot+1","Fission+1","Static Discharge","Thunder Strike+1","Turbo","Leap+1","Master of Strategy","Leap+1","Seek","Skim+1","Hologram","Conserve Battery","Parasite"],"relics":["FrozenCore","Symbiotic Virus","PreservedInsect","Centennial Puzzle","Pandora\u0027s Box","War Paint","Mango","Ancient Tea Set","Unceasing Top","MawBank","Whetstone"],"potions_floor_usage":[7,16,21,22,30,33,33,37,38,41,42,45],"damage_taken":[{"damage":1,"enemies":"Cultist","floor":1,"turns":3},{"damage":12,"enemies":"Jaw Worm","floor":3,"turns":4},{"damage":3,"enemies":"2 Louse","floor":4,"turns":2},{"damage":8,"enemies":"Exordium Thugs","floor":5,"turns":5},{"damage":12,"enemies":"Gremlin Gang","floor":7,"turns":3},{"damage":13,"enemies":"Exordium Wildlife","floor":8,"turns":4},{"damage":8,"enemies":"Red Slaver","floor":10,"turns":4},{"damage":14,"enemies":"3 Sentries","floor":12,"turns":5},{"damage":3,"enemies":"Large Slime","floor":14,"turns":5},{"damage":25,"enemies":"Slime Boss","floor":16,"turns":6},{"damage":10,"enemies":"2 Thieves","floor":18,"turns":2},{"damage":8,"enemies":"Shell Parasite","floor":21,"turns":5},{"damage":3,"enemies":"3 Cultists","floor":22,"turns":3},{"damage":14,"enemies":"Book of Stabbing","floor":24,"turns":4},{"damage":7,"enemies":"Cultist and Chosen","floor":28,"turns":3},{"damage":4,"enemies":"Centurion and Healer","floor":30,"turns":4},{"damage":13,"enemies":"Shelled Parasite and Fungi","floor":31,"turns":4},{"damage":33,"enemies":"Automaton","floor":33,"turns":10},{"damage":6,"enemies":"3 Shapes","floor":35,"turns":3},{"damage":14,"enemies":"3 Darklings","floor":36,"turns":5},{"damage":43,"enemies":"Writhing Mass","floor":37,"turns":6},{"damage":20,"enemies":"Sphere and 2 Shapes","floor":38,"turns":3},{"damage":0,"enemies":"Mind Bloom Boss Battle","floor":41,"turns":9},{"damage":1,"enemies":"Giant Head","floor":42,"turns":7},{"damage":0,"enemies":"4 Shapes","floor":44,"turns":1},{"damage":2,"enemies":"Writhing Mass","floor":45,"turns":6},{"damage":109,"enemies":"Transient","floor":47,"turns":5}],"seed_played":"-6904962859875999108","potions_obtained":[{"floor":3,"key":"LiquidBronze"},{"floor":8,"key":"FairyPotion"},{"floor":12,"key":"Energy Potion"},{"floor":14,"key":"Explosive Potion"},{"floor":21,"key":"Explosive Potion"},{"floor":28,"key":"PowerPotion"},{"floor":30,"key":"LiquidBronze"},{"floor":33,"key":"GamblersBrew"},{"floor":37,"key":"Fire Potion"},{"floor":38,"key":"PowerPotion"},{"floor":41,"key":"SkillPotion"},{"floor":44,"key":"SkillPotion"}],"is_trial":false,"path_per_floor":["M","$","M","M","M","R","M","M","T","M","R","E","R","M","R","B",null,"M","?","?","M","M","R","E","T","T","R","M","$","M","M","R","B",null,"M","M","M","M","T","R","?","E","T","M","M","R","M"],"character_chosen":"DEFECT","items_purchased":["Symbiotic Virus","Master of Strategy","GamblersBrew"],"campfire_rested":5,"item_purchase_floors":[2,29,29],"current_hp_per_floor":[53,53,41,38,30,52,40,27,27,19,41,27,27,24,46,21,75,65,65,51,43,40,40,26,26,40,40,33,33,29,16,44,11,94,88,74,31,11,11,39,39,38,38,38,36,36,0],"gold":484,"neow_bonus":"TWO_FIFTY_GOLD","is_prod":false,"is_daily":false,"chose_seed":false,"campfire_upgraded":3,"win_rate":0,"timestamp":1566169249,"path_taken":["M","$","M","M","M","R","?","M","T","M","R","E","R","M","R","BOSS","M","?","?","?","?","R","E","?","T","R","M","$","M","M","R","BOSS","M","M","M","M","?","R","?","E","T","M","M","R","?"],"build_version":"2019-07-17","purchased_purges":2,"victory":false,"max_hp_per_floor":[75,75,75,75,75,75,75,75,75,75,75,75,75,75,75,75,75,75,75,80,80,80,80,80,80,94,94,94,94,94,94,94,94,94,94,94,94,94,94,94,94,94,94,94,94,94,94],"card_choices":[{"not_picked":["Redo","Reinforced Body"],"picked":"Hologram","floor":1},{"not_picked":["Sweeping Beam","Rebound"],"picked":"Barrage","floor":3},{"not_picked":["Defragment","Go for the Eyes"],"picked":"Turbo","floor":4},{"not_picked":["Stack","Hello World"],"picked":"Seek","floor":5},{"not_picked":["Self Repair","Sweeping Beam","Stack"],"picked":"SKIP","floor":7},{"not_picked":["Blizzard","Rebound","Gash"],"picked":"SKIP","floor":8},{"not_picked":["Defragment","Melter","Steam"],"picked":"SKIP","floor":10},{"not_picked":["Reprogram","Leap"],"picked":"Conserve Battery","floor":12},{"not_picked":["Hologram","FTL","Beam Cell"],"picked":"SKIP","floor":14},{"not_picked":["Amplify","Buffer"],"picked":"Hyperbeam","floor":16},{"not_picked":["FTL","Barrage+1","Self Repair"],"picked":"SKIP","floor":18},{"not_picked":["Stack+1","Beam Cell+1"],"picked":"Thunder Strike","floor":21},{"not_picked":["Beam Cell","Rebound","Stack+1"],"picked":"SKIP","floor":22},{"not_picked":["Sweeping Beam","Beam Cell"],"picked":"Turbo","floor":24},{"not_picked":["Force Field","Storm"],"picked":"Leap+1","floor":28},{"not_picked":["Stack","Chill"],"picked":"Leap+1","floor":30},{"not_picked":["Scrape+1","Leap","Ball Lightning"],"picked":"SKIP","floor":31},{"not_picked":["Buffer","Hyperbeam"],"picked":"Seek","floor":33},{"not_picked":["Redo","Gash+1"],"picked":"Skim+1","floor":35},{"not_picked":["Cold Snap","Conserve Battery","Capacitor"],"picked":"SKIP","floor":36},{"not_picked":["Capacitor","Steam+1"],"picked":"Hologram","floor":37},{"not_picked":["Scrape","Steam Power+1"],"picked":"Conserve Battery","floor":38},{"not_picked":["Blizzard","Core Surge","Chaos"],"picked":"SKIP","floor":42},{"not_picked":["Loop","Steam","Undo+1"],"picked":"SKIP","floor":44},{"not_picked":["Chaos","Glacier","Go for the Eyes"],"picked":"SKIP","floor":45}],"player_experience":155036,"relics_obtained":[{"floor":9,"key":"PreservedInsect"},{"floor":12,"key":"Centennial Puzzle"},{"floor":24,"key":"War Paint"},{"floor":26,"key":"Mango"},{"floor":39,"key":"Ancient Tea Set"},{"floor":41,"key":"Unceasing Top"},{"floor":42,"key":"MawBank"},{"floor":43,"key":"Whetstone"}],"event_choices":[{"damage_healed":0,"gold_gain":0,"player_choice":"Read","damage_taken":0,"max_hp_gain":0,"max_hp_loss":0,"event_name":"The Library","floor":19,"gold_loss":0,"cards_obtained":["Static Discharge"]},{"damage_healed":0,"gold_gain":0,"player_choice":"Shed Blood","damage_taken":19,"max_hp_gain":5,"max_hp_loss":0,"event_name":"Forgotten Altar","floor":20,"gold_loss":0},{"damage_healed":0,"gold_gain":0,"player_choice":"Fight","damage_taken":0,"max_hp_gain":0,"max_hp_loss":0,"event_name":"MindBloom","floor":41,"gold_loss":0}],"is_beta":false,"boss_relics":[{"not_picked":["Busted Crown","Snecko Eye"],"picked":"Pandora\u0027s Box"},{"not_picked":["Cursed Key","Tiny House"],"picked":"FrozenCore"}],"items_purged_floors":[2,29],"is_endless":false,"potions_floor_spawned":[3,8,12,14,21,28,30,33,37,38,41,44],"killed_by":"Transient","ascension_level":0}