{"gold_per_floor":[115,125,31,41,41,41,41,41,41,57,57,57,91,103,103,180,180,180,77,77,77,22,22,22,22,22,22,22,22,22,22,22,22,22,22,0,0,0,0,0,0,0,0,0,0,0,0,0,0,0,0],"floor_reached":52,"playtime":3212,"items_purged":["Strike_B"],"score":1921,"play_id":"fcc1d957-1acc-465b-85eb-1d39f7e07bd5","local_time":"20181011124628","is_ascension_mode":true,"campfire_choices":[{"data":"Hyperbeam","floor":6.0,"key":"SMITH"},{"data":"Sunder","floor":8.0,"key":"SMITH"},{"data":"Streamline","floor":12.0,"key":"SMITH"},{"floor":15.0,"key":"REST"},{"data":"Consume","floor":23.0,"key":"SMITH"},{"floor":28.0,"key":"REST"},{"floor":30.0,"key":"REST"},{"data":"Capacitor","floor":32.0,"key":"SMITH"},{"floor":40,"key":"REST"},{"floor":42,"key":"REST"},{"floor":49,"key":"REST"}],"neow_cost":"PERCENT_DAMAGE","seed_source_timestamp":46191235620041,"circlet_count":0,"master_deck":["Defend_B","Defend_B","Defend_B","Defend_B","Zap+1","AscendersBane","Hologram","Streamline+1","White Noise","Chill","Auto Shields","Ball Lightning","BootSequence","Coolheaded","Seek","Biased Cognition","Compile Driver","Coolheaded+1","Conserve Battery","Consume+1","Gash+1","Capacitor+1","Go for the Eyes","Compile Driver","Melter","Steam","Electrodynamics+1","Barrage","Loop+1","Cold Snap+1","Capacitor+1","Aggregate","Hologram+1"],"special_seed":0,"relics":["Cracked Core","Prayer Wheel","Blue Candle","Bottled Lightning","Ectoplasm","Potion Belt","Lantern","Frozen Egg 2","Empty Cage","Red Mask","Boot","FossilizedHelix","Du-Vu Doll","Molten Egg 2"],"potions_floor_usage":[33,33,33,33,39,39,48,50,50,50,51,51,51],"damage_taken":[{"damage":4.0,"enemies":"Small Slimes","floor":1.0,"turns":3.0},{"damage":2.0,"enemies":"Cultist","floor":2.0,"turns":4.0},{"damage":0.0,"enemies":"2 Louse","floor":4.0,"turns":1.0},{"damage":0.0,"enemies":"Blue Slaver","floor":10.0,"turns":2.0},{"damage":10.0,"enemies":"3 Sentries","floor":13.0,"turns":6.0},{"damage":0.0,"enemies":"3 Louse","floor":14.0,"turns":4.0},{"damage":0.0,"enemies":"Slime Boss","floor":16.0,"turns":5.0},{"damage":2.0,"enemies":"Shell Parasite","floor":18.0,"turns":4.0},{"damage":0.0,"enemies":"3 Byrds","floor":20.0,"turns":6.0},{"damage":10.0,"enemies":"Sentry and Sphere","floor":24.0,"turns":4.0},{"damage":20.0,"enemies":"Slavers","floor":25.0,"turns":6.0},{"damage":14.0,"enemies":"Snake Plant","floor":29.0,"turns":3.0},{"damage":1.0,"enemies":"Gremlin Leader","floor":31.0,"turns":5.0},{"damage":40,"enemies":"Collector","floor":33,"turns":16},{"damage":8,"enemies":"3 Darklings","floor":35,"turns":4},{"damage":0,"enemies":"Orb Walker","floor":37,"turns":2},{"damage":40,"enemies":"Jaw Worm Horde","floor":38,"turns":3},{"damage":0,"enemies":"Sphere and 2 Shapes","floor":39,"turns":3},{"damage":28,"enemies":"2 Orb Walkers","floor":41,"turns":4},{"damage":0,"enemies":"Mind Bloom Boss Battle","floor":45,"turns":5},{"damage":6,"enemies":"3 Darklings","floor":46,"turns":5},{"damage":23,"enemies":"Giant Head","floor":48,"turns":8},{"damage":12,"enemies":"Time Eater","floor":50,"turns":28},{"damage":36,"enemies":"Donu and Deca","floor":51,"turns":9}],"seed_played":"3568105658895316329","potions_obtained":[{"floor":4.0,"key":"GamblersBrew"},{"floor":10.0,"key":"Poison Potion"},{"floor":18.0,"key":"EssenceOfSteel"},{"floor":29.0,"key":"EntropicBrew"},{"floor":31.0,"key":"Explosive Potion"},{"floor":35,"key":"FearPotion"},{"floor":37,"key":"Explosive Potion"},{"floor":38,"key":"Regen Potion"},{"floor":45,"key":"Strength Potion"},{"floor":46,"key":"EntropicBrew"}],"is_trial":false,"path_per_floor":["M","M","$","M","?","R","$","R","T","M","?","R","E","M","R","B",null,"M","$","M","?","$","R","M","E","T","?","R","M","R","E","R","B",null,"M","?","M","M","M","R","E","R","T","?","?","M","?","E","R","B","B"],"character_chosen":"DEFECT","items_purchased":["Sunder","Conserve Battery","AttackPotion"],"campfire_rested":6,"item_purchase_floors":[3,19,22],"current_hp_per_floor":[42,40,40,40,40,40,40,40,40,40,33,33,23,23,44,44,64,62,62,62,42,42,42,32,12,12,12,34,20,42,41,41,1,57,49,49,49,9,18,40,12,34,34,34,34,28,86,63,86,74,38],"gold":0,"neow_bonus":"ONE_RARE_RELIC","is_prod":false,"is_daily":false,"chose_seed":false,"campfire_upgraded":5,"win_rate":0,"timestamp":1539258388,"path_taken":["M","M","$","M","?","R","?","R","T","?","?","R","E","M","R","BOSS","M","$","M","?","$","R","M","E","T","?","R","M","R","E","R","BOSS","M","?","M","M","M","R","E","R","T","?","?","?","?","E","R","BOSS","BOSS"],"build_version":"2018-10-10","purchased_purges":1,"victory":true,"max_hp_per_floor":[71,71,71,71,71,71,71,71,71,71,71,71,71,71,71,71,71,71,71,71,76,76,76,76,76,76,76,76,76,76,76,76,76,76,76,76,76,76,76,76,76,76,76,76,76,76,86,86,86,86,86],"card_choices":[{"not_picked":["Streamline","Heatsinks"],"picked":"Hologram","floor":1.0},{"not_picked":["Rebound","Compile Driver"],"picked":"Streamline","floor":1.0},{"not_picked":["Skim","Reinforced Body"],"picked":"White Noise","floor":2.0},{"not_picked":["Chaos","Redo"],"picked":"Chill","floor":2.0},{"not_picked":["Undo","BootSequence"],"picked":"Hyperbeam","floor":4.0},{"not_picked":["Tempest","Compile Driver"],"picked":"Auto Shields","floor":4.0},{"not_picked":["Double Energy","Rebound"],"picked":"Ball Lightning","floor":10.0},{"not_picked":["Sweeping Beam","Barrage","Doom and Gloom"],"picked":"SKIP","floor":10.0},{"not_picked":["Streamline","Stack"],"picked":"BootSequence","floor":13.0},{"not_picked":["Redo","Force Field"],"picked":"Coolheaded","floor":14.0},{"not_picked":["Steam Power","Leap"],"picked":"Seek","floor":14.0},{"not_picked":["Thunder Strike","Buffer"],"picked":"Biased Cognition","floor":16.0},{"not_picked":["Rebound+1","Rainbow"],"picked":"Compile Driver","floor":18.0},{"not_picked":["Scrape","Redo+1"],"picked":"Coolheaded+1","floor":18.0},{"not_picked":["Blizzard+1","Rebound"],"picked":"Consume","floor":20.0},{"not_picked":["Heatsinks","Storm"],"picked":"Gash+1","floor":20.0},{"not_picked":["Scrape","Barrage"],"picked":"Capacitor","floor":24.0},{"not_picked":["Gash+1","White Noise"],"picked":"Go for the Eyes","floor":24.0},{"not_picked":["Coolheaded","Beam Cell"],"picked":"Compile Driver","floor":25.0},{"not_picked":["Double Energy","Chill"],"picked":"Steam","floor":29.0},{"not_picked":["Melter","Genetic Algorithm","Ball Lightning"],"picked":"SKIP","floor":29.0},{"not_picked":["Chaos","Reprogram","Doom and Gloom"],"picked":"SKIP","floor":31.0},{"not_picked":["Seek","Biased Cognition+1"],"picked":"Electrodynamics+1","floor":33},{"not_picked":["Rebound","Fusion"],"picked":"Barrage","floor":35},{"not_picked":["Stack","Force Field","Beam Cell"],"picked":"SKIP","floor":35},{"not_picked":["Beam Cell","Melter+1"],"picked":"Loop+1","floor":37},{"not_picked":["Compile Driver","Genetic Algorithm","Streamline+1"],"picked":"SKIP","floor":37},{"not_picked":["Turbo","Barrage"],"picked":"Cold Snap+1","floor":38},{"not_picked":["Gash","Sweeping Beam+1"],"picked":"Capacitor+1","floor":38},{"not_picked":["Rainbow","Static Discharge+1"],"picked":"Aggregate","floor":39},{"not_picked":["Go for the Eyes","Barrage","Streamline"],"picked":"SKIP","floor":39},{"not_picked":["Beam Cell","Stack","Redo"],"picked":"SKIP","floor":41},{"not_picked":["Melter","Streamline"],"picked":"Hologram+1","floor":46},{"not_picked":["Ball Lightning","Go for the Eyes","Beam Cell"],"picked":"SKIP","floor":46},{"not_picked":["Chaos","Undo","Genetic Algorithm"],"picked":"SKIP","floor":48}],"player_experience":1439772,"relics_obtained":[{"floor":9.0,"key":"Blue Candle"},{"floor":13.0,"key":"Bottled Lightning"},{"floor":25.0,"key":"Potion Belt"},{"floor":26.0,"key":"Lantern"},{"floor":31.0,"key":"Frozen Egg 2"},{"floor":41,"key":"Boot"},{"floor":43,"key":"FossilizedHelix"},{"floor":45,"key":"Du-Vu Doll"},{"floor":48,"key":"Molten Egg 2"}],"event_choices":[{"event_name":"Living Wall","player_choice":"Grow","floor":5.0,"damage_taken":0.0},{"event_name":"Golden Wing","player_choice":"Card Removal","floor":11.0,"damage_taken":0.0},{"event_name":"Forgotten Altar","player_choice":"Shed Blood","floor":21.0,"damage_taken":0.0},{"event_name":"Drug Dealer","player_choice":"Became Test Subject","floor":27.0,"damage_taken":0.0},{"event_name":"Tomb of Lord Red Mask","player_choice":"Paid","floor":36,"damage_taken":0},{"event_name":"Falling","player_choice":"Removed Attack","floor":44,"damage_taken":0},{"event_name":"MindBloom","player_choice":"Fight","floor":45,"damage_taken":0},{"event_name":"Bonfire Elementals","player_choice":"RARE","floor":47,"damage_taken":0}],"is_beta":true,"boss_relics":[{"not_picked":["Philosopher\u0027s Stone","White Beast Statue"],"picked":"Ectoplasm"},{"not_picked":["Runic Pyramid","Nuclear Battery"],"picked":"Empty Cage"}],"items_purged_floors":[19],"is_endless":false,"potions_floor_spawned":[4,10,18,29,31,35,37,38,45,46],"ascension_level":20}