{"gold_per_floor":[109,124,136,136,58,58,88,88,111,122,122,197,230,291,291,396,396,411,426,90,104,104,104,123,153,153,253,272,302,316,65,65,65],"floor_reached":33,"playtime":2597,"items_purged":["Strike_G","Strike_G"],"score":482,"play_id":"8be8ac72-f69a-4719-8153-8ab3744814d8","local_time":"20190814183044","is_ascension_mode":true,"campfire_choices":[{"data":"Flying Knee","floor":6.0,"key":"SMITH"},{"data":"Neutralize","floor":8.0,"key":"SMITH"},{"data":"Deadly Poison","floor":11.0,"key":"SMITH"},{"floor":15.0,"key":"REST"},{"data":"Night Terror","floor":23.0,"key":"SMITH"},{"floor":32,"key":"REST"}],"neow_cost":"NONE","seed_source_timestamp":88082635930332,"circlet_count":0,"master_deck":["AscendersBane","Strike_G","Strike_G","Defend_G","Defend_G","Defend_G","Defend_G+1","Defend_G","Survivor+1","Neutralize+1","Unload","Masterful Stab","Flying Knee+1","Deadly Poison+1","Footwork","Dagger Spray","PiercingWail","Footwork","Night Terror+1","Dodge and Roll","Terror","Noxious Fumes","Crippling Poison+1","Ghostly","Ghostly","Ghostly","Ghostly","Ghostly","PiercingWail+1","Malaise","Crippling Poison"],"special_seed":0,"relics":["Ring of the Snake","Pen Nib","Potion Belt","Bag of Marbles","Matryoshka","Runic Dome","War Paint","Thread and Needle","Smiling Mask","Bottled Flame","Lantern","ClockworkSouvenir"],"potions_floor_usage":[29,33,33,33],"damage_taken":[{"damage":0.0,"enemies":"Jaw Worm","floor":1.0,"turns":4.0},{"damage":0.0,"enemies":"Cultist","floor":2.0,"turns":2.0},{"damage":0.0,"enemies":"2 Louse","floor":3.0,"turns":2.0},{"damage":12.0,"enemies":"3 Sentries","floor":7.0,"turns":8.0},{"damage":0.0,"enemies":"2 Fungi Beasts","floor":10.0,"turns":3.0},{"damage":15.0,"enemies":"Gremlin Nob","floor":13.0,"turns":4.0},{"damage":5.0,"enemies":"Gremlin Nob","floor":14.0,"turns":3.0},{"damage":2.0,"enemies":"Hexaghost","floor":16.0,"turns":9.0},{"damage":3.0,"enemies":"2 Thieves","floor":18.0,"turns":2.0},{"damage":9.0,"enemies":"Chosen","floor":19.0,"turns":5.0},{"damage":20.0,"enemies":"Snake Plant","floor":21.0,"turns":3.0},{"damage":1.0,"enemies":"Snecko","floor":24.0,"turns":5.0},{"damage":6,"enemies":"Slavers","floor":25,"turns":6},{"damage":0,"enemies":"3 Cultists","floor":28,"turns":7},{"damage":2,"enemies":"Gremlin Leader","floor":29,"turns":9},{"damage":8,"enemies":"Cultist and Chosen","floor":30,"turns":7},{"damage":26,"enemies":"Champ","floor":33,"turns":15}],"seed_played":"-7290363121260022741","potions_obtained":[{"floor":3.0,"key":"EssenceOfSteel"},{"floor":7.0,"key":"EssenceOfSteel"},{"floor":10.0,"key":"LiquidBronze"},{"floor":14.0,"key":"Block Potion"},{"floor":18.0,"key":"Poison Potion"},{"floor":25,"key":"GamblersBrew"},{"floor":28,"key":"SpeedPotion"},{"floor":29,"key":"Block Potion"}],"is_trial":false,"path_per_floor":["M","M","M","?","$","R","E","R","T","M","R","?","E","?","R","B",null,"M","M","$","M","?","R","M","E","T","?","M","E","M","$","R","B"],"character_chosen":"THE_SILENT","items_purchased":["Footwork","Noxious Fumes","War Paint","Ancient Potion","ClockworkSouvenir"],"campfire_rested":2,"item_purchase_floors":[5,20,20,20,31],"current_hp_per_floor":[63,63,63,63,63,63,51,51,51,51,51,40,25,20,41,39,62,59,50,50,30,30,30,29,23,23,23,23,21,13,13,23,0],"gold":65,"neow_bonus":"ONE_RANDOM_RARE_CARD","is_prod":false,"is_daily":false,"chose_seed":false,"campfire_upgraded":4,"win_rate":0,"timestamp":1565832644,"path_taken":["M","M","M","?","?","R","E","R","T","M","R","?","E","?","R","BOSS","M","M","$","M","?","R","M","E","T","?","M","E","?","?","R","BOSS"],"build_version":"2019-07-17","purchased_purges":2,"victory":false,"max_hp_per_floor":[70,70,70,70,70,70,70,70,70,70,70,70,70,70,70,70,70,70,70,70,70,35,35,35,35,35,35,35,35,35,35,35,35],"card_choices":[{"not_picked":["Slice","Expertise"],"picked":"Masterful Stab","floor":1.0},{"not_picked":["Deflect","Quick Slash"],"picked":"Flying Knee","floor":2.0},{"not_picked":["Riddle With Holes","Acrobatics"],"picked":"Deadly Poison","floor":3.0},{"not_picked":["Distraction","Expertise","Phantasmal Killer"],"picked":"SKIP","floor":7.0},{"not_picked":["Bane","Deflect"],"picked":"Dagger Spray","floor":10.0},{"not_picked":["Deadly Poison","Acrobatics"],"picked":"PiercingWail","floor":13.0},{"not_picked":["Dash","Noxious Fumes"],"picked":"Footwork","floor":14.0},{"not_picked":["Unload","Malaise"],"picked":"Night Terror","floor":16.0},{"not_picked":["Poisoned Stab","Deadly Poison"],"picked":"Dodge and Roll","floor":18.0},{"not_picked":["Calculated Gamble+1","Setup"],"picked":"Terror","floor":19.0},{"not_picked":["Bane","Blade Dance"],"picked":"Crippling Poison+1","floor":21.0},{"not_picked":["Cloak And Dagger","Distraction","Poisoned Stab"],"picked":"SKIP","floor":24.0},{"not_picked":["Dagger Spray","Slice+1"],"picked":"PiercingWail+1","floor":25},{"not_picked":["Concentrate+1","Deflect"],"picked":"Malaise","floor":28},{"not_picked":["Tactician+1","Sucker Punch","Flying Knee"],"picked":"SKIP","floor":29},{"not_picked":["Underhanded Strike","Terror"],"picked":"Crippling Poison","floor":30}],"player_experience":596184,"relics_obtained":[{"floor":7.0,"key":"Pen Nib"},{"floor":9.0,"key":"Potion Belt"},{"floor":13.0,"key":"Bag of Marbles"},{"floor":14.0,"key":"Matryoshka"},{"floor":25,"key":"Thread and Needle"},{"floor":26,"key":"Smiling Mask"},{"floor":26,"key":"Bottled Flame"},{"floor":29,"key":"Lantern"}],"event_choices":[{"cards_removed":["Strike_G"],"damage_healed":0.0,"max_hp_gain":0.0,"max_hp_loss":0.0,"gold_gain":0.0,"event_name":"Bonfire Elementals","player_choice":"Offered Basic","floor":4.0,"gold_loss":0.0,"damage_taken":0.0},{"damage_healed":0.0,"max_hp_gain":0.0,"max_hp_loss":0.0,"gold_gain":75.0,"event_name":"World of Goop","player_choice":"Gather Gold","floor":12.0,"gold_loss":0.0,"damage_taken":11.0},{"damage_healed":0.0,"max_hp_gain":0.0,"max_hp_loss":0.0,"gold_gain":0.0,"event_name":"Dead Adventurer","player_choice":"Searched \u00271\u0027 times","floor":14.0,"gold_loss":0.0,"damage_taken":0.0},{"damage_healed":0.0,"max_hp_gain":0.0,"max_hp_loss":35.0,"gold_gain":0.0,"event_name":"Ghosts","player_choice":"Became a Ghost","floor":22.0,"gold_loss":0.0,"damage_taken":0.0,"cards_obtained":["Ghostly","Ghostly","Ghostly","Ghostly","Ghostly"]},{"damage_healed":0,"gold_gain":100,"player_choice":"Pray","damage_taken":0,"max_hp_gain":0,"max_hp_loss":0,"event_name":"Golden Shrine","floor":27,"gold_loss":0}],"is_beta":false,"boss_relics":[{"not_picked":["Eternal Feather","WristBlade"],"picked":"Runic Dome"}],"items_purged_floors":[20,31],"is_endless":false,"potions_floor_spawned":[3,7,10,14,18,25,28,29],"killed_by":"Champ","ascension_level":11}