{"gold_per_floor":[13,13,31,31,49,82,110,110,110,60,71,71,71,88,88,191,191,131,131,145,145,164,164,72,72,150,75,75,75,92,92],"floor_reached":31,"playtime":1022,"items_purged":[],"score":231,"play_id":"c13c762c-87a7-49e7-a498-ae76c59dece5","local_time":"20190630021631","is_ascension_mode":false,"campfire_choices":[{"data":"Chill","floor":12,"key":"SMITH"},{"data":"Blizzard","floor":15,"key":"SMITH"},{"floor":23,"key":"RECALL"},{"floor":25,"key":"REST"},{"data":"Capacitor","floor":29,"key":"SMITH"}],"neow_cost":"NO_GOLD","seed_source_timestamp":318186735889200,"circlet_count":0,"master_deck":["Strike_B","Defend_B","Defend_B","Defend_B","Defend_B","Zap","Dualcast","Ball Lightning","Chaos","Loop","Chill+1","Blizzard+1","Coolheaded","Machine Learning+1","Ball Lightning","Stack+1","Cold Snap","Capacitor+1","Hologram","Chaos+1"],"relics":["Cracked Core","StoneCalendar","Bottled Flame","Odd Mushroom","Eternal Feather","Mummified Hand"],"potions_floor_usage":[31],"damage_taken":[{"damage":11,"enemies":"Jaw Worm","floor":1,"turns":3},{"damage":0,"enemies":"Small Slimes","floor":3,"turns":3},{"damage":7,"enemies":"2 Louse","floor":5,"turns":2},{"damage":16,"enemies":"Lagavulin","floor":6,"turns":6},{"damage":12,"enemies":"The Mushroom Lair","floor":7,"turns":4},{"damage":13,"enemies":"Exordium Wildlife","floor":11,"turns":3},{"damage":2,"enemies":"Exordium Thugs","floor":14,"turns":6},{"damage":25,"enemies":"Slime Boss","floor":16,"turns":7},{"damage":9,"enemies":"2 Thieves","floor":18,"turns":4},{"damage":32,"enemies":"3 Byrds","floor":20,"turns":6},{"damage":27,"enemies":"Snake Plant","floor":22,"turns":5},{"damage":19,"enemies":"Snecko","floor":30,"turns":5},{"damage":40,"enemies":"3 Cultists","floor":31,"turns":4}],"seed_played":"-4886699025682290254","potions_obtained":[{"floor":1,"key":"LiquidBronze"},{"floor":14,"key":"SpeedPotion"},{"floor":16,"key":"SpeedPotion"},{"floor":21,"key":"Dexterity Potion"},{"floor":21,"key":"AttackPotion"}],"is_trial":false,"path_per_floor":["M","?","M","$","M","E","?","?","T","?","M","R","$","M","R","B",null,"M","$","M","?","M","R","$","R","T","?","?","R","M","M"],"character_chosen":"DEFECT","items_purchased":["Capacitor","Hologram"],"campfire_rested":1,"item_purchase_floors":[24,24],"current_hp_per_floor":[64,64,64,64,57,41,29,54,54,54,41,41,41,39,39,14,75,66,66,34,34,7,16,16,50,50,50,50,59,40,0],"gold":92,"neow_bonus":"ONE_RARE_RELIC","is_prod":false,"is_daily":false,"chose_seed":false,"campfire_upgraded":3,"win_rate":0,"timestamp":1561828591,"path_taken":["M","?","M","$","M","E","?","?","T","?","M","R","?","M","R","BOSS","M","$","M","?","?","R","$","R","T","?","?","R","?","M"],"build_version":"2019-01-23","purchased_purges":0,"victory":false,"max_hp_per_floor":[75,75,75,75,75,75,75,75,75,75,75,75,75,75,75,75,75,75,75,75,75,75,75,75,75,75,75,75,75,75,75],"card_choices":[{"not_picked":["Static Discharge","Storm"],"picked":"Ball Lightning","floor":1},{"not_picked":["Turbo","Rip and Tear"],"picked":"Loop","floor":3},{"not_picked":["Undo","Redo","Sweeping Beam"],"picked":"SKIP","floor":5},{"not_picked":["White Noise","Stack"],"picked":"Chill","floor":6},{"not_picked":["Beam Cell","Tempest"],"picked":"Blizzard","floor":11},{"not_picked":["Conserve Battery","Cold Snap"],"picked":"Coolheaded","floor":14},{"not_picked":["Hyperbeam","Thunder Strike"],"picked":"Machine Learning","floor":16},{"not_picked":["Compile Driver","Steam"],"picked":"Ball Lightning","floor":18},{"not_picked":["Self Repair","Turbo"],"picked":"Stack+1","floor":20},{"not_picked":["Barrage+1","Streamline+1"],"picked":"Cold Snap","floor":22},{"not_picked":["Recycle","Stack"],"picked":"Chaos+1","floor":30}],"player_experience":69012,"relics_obtained":[{"floor":6,"key":"Bottled Flame"},{"floor":7,"key":"Odd Mushroom"},{"floor":26,"key":"Mummified Hand"}],"event_choices":[{"damage_healed":0,"gold_gain":0,"cards_transformed":["Strike_B"],"player_choice":"Change","damage_taken":0,"max_hp_gain":0,"max_hp_loss":0,"event_name":"Living Wall","floor":2,"gold_loss":0,"cards_obtained":["Chaos"]},{"damage_healed":0,"gold_gain":0,"player_choice":"Fought Mushrooms","damage_taken":0,"max_hp_gain":0,"max_hp_loss":0,"event_name":"Mushrooms","floor":7,"gold_loss":0},{"damage_healed":25,"gold_gain":0,"player_choice":"Banana","damage_taken":0,"max_hp_gain":0,"max_hp_loss":0,"event_name":"Big Fish","floor":8,"gold_loss":0},{"cards_removed":["Strike_B"],"damage_healed":0,"gold_gain":0,"player_choice":"Card Removal","damage_taken":0,"max_hp_gain":0,"max_hp_loss":0,"event_name":"The Cleric","floor":10,"gold_loss":50},{"damage_healed":0,"gold_gain":0,"player_choice":"Got Potions","damage_taken":0,"max_hp_gain":0,"max_hp_loss":0,"event_name":"Lab","floor":21,"gold_loss":0},{"cards_removed":["Strike_B"],"damage_healed":0,"gold_gain":0,"player_choice":"Gave Gold","damage_taken":0,"max_hp_gain":0,"max_hp_loss":0,"event_name":"Beggar","floor":27,"gold_loss":75},{"damage_healed":0,"gold_gain":0,"player_choice":"Upgraded","damage_taken":0,"max_hp_gain":0,"max_hp_loss":0,"event_name":"Upgrade Shrine","floor":28,"gold_loss":0,"cards_upgraded":["Machine Learning"]}],"is_beta":false,"boss_relics":[{"not_picked":["Lizard Tail","Velvet Choker"],"picked":"Eternal Feather"}],"items_purged_floors":[],"is_endless":false,"potions_floor_spawned":[1,14,16,20],"killed_by":"3 Cultists","ascension_level":0}