{"gold_per_floor":[217,142,156,175,198,198,208,269,269,296,320,367,379,411,423,514,526,548,560,587,616,644,656,697,709,744,756,781,793],"floor_reached":29,"playtime":1621,"items_purged":[],"score":584,"play_id":"e2526643-1fd8-40d9-83e1-aa20eec44894","local_time":"20181201230816","is_ascension_mode":true,"campfire_choices":[{"data":"Zap","floor":6,"key":"SMITH"},{"floor":13,"key":"REST"},{"data":"Beam Cell","floor":15,"key":"SMITH"},{"data":"Go for the Eyes","floor":23,"key":"SMITH"},{"data":"White Noise","floor":25,"key":"SMITH"},{"floor":27,"key":"REST"}],"neow_cost":"NONE","seed_source_timestamp":1481487473055325,"circlet_count":0,"master_deck":["AscendersBane","Defend_B","Defend_B","Defend_B","Defend_B","Zap+1","Dualcast","Compile Driver","Compile Driver","Go for the Eyes+1","Sweeping Beam","Beam Cell+1","Ball Lightning","Conserve Battery","White Noise+1","Leap","All For One","Tempest+1","Hologram+1","Cold Snap+1","Conserve Battery+1","Gash","Doom and Gloom","Turbo+1","Steam"],"relics":["Cracked Core","Boot","DataDisk","MawBank","Nunchaku","Astrolabe","Nloth\u0027s Gift","Bag of Marbles","Omamori"],"potions_floor_usage":[10,10,12,12,16,29,29],"damage_taken":[{"damage":7,"enemies":"2 Louse","floor":1,"turns":4},{"damage":4,"enemies":"Jaw Worm","floor":3,"turns":5},{"damage":1,"enemies":"Cultist","floor":4,"turns":3},{"damage":9,"enemies":"Lots of Slimes","floor":7,"turns":3},{"damage":25,"enemies":"Lagavulin","floor":8,"turns":7},{"damage":10,"enemies":"3 Sentries","floor":10,"turns":5},{"damage":3,"enemies":"Blue Slaver","floor":11,"turns":2},{"damage":0,"enemies":"Gremlin Nob","floor":12,"turns":3},{"damage":9,"enemies":"Red Slaver","floor":14,"turns":3},{"damage":7,"enemies":"Slime Boss","floor":16,"turns":6},{"damage":8,"enemies":"Spheric Guardian","floor":18,"turns":3},{"damage":0,"enemies":"Chosen","floor":20,"turns":3},{"damage":0,"enemies":"Centurion and Healer","floor":21,"turns":5},{"damage":17,"enemies":"Snake Plant","floor":22,"turns":4},{"damage":7,"enemies":"Gremlin Leader","floor":24,"turns":5},{"damage":29,"enemies":"Shelled Parasite and Fungi","floor":28,"turns":3},{"damage":16,"enemies":"Book of Stabbing","floor":29,"turns":3}],"seed_played":"-7302553089206571331","potions_obtained":[{"floor":7,"key":"Fire Potion"},{"floor":8,"key":"EntropicBrew"},{"floor":10,"key":"Block Potion"},{"floor":14,"key":"FocusPotion"},{"floor":22,"key":"Energy Potion"},{"floor":24,"key":"Strength Potion"}],"is_trial":false,"path_per_floor":["M","?","M","M","T","R","M","E","T","E","M","E","R","M","R","B",null,"M","?","M","M","M","R","E","R","T","R","M","E"],"character_chosen":"DEFECT","items_purchased":[],"campfire_rested":2,"item_purchase_floors":[],"current_hp_per_floor":[57,57,53,52,52,52,43,18,18,8,5,5,26,17,17,10,56,48,48,48,48,31,31,24,24,24,45,16,0],"gold":793,"neow_bonus":"HUNDRED_GOLD","is_prod":false,"is_daily":false,"chose_seed":false,"campfire_upgraded":4,"win_rate":0,"timestamp":1543705696,"path_taken":["M","?","M","M","?","R","M","E","T","E","?","E","R","?","R","BOSS","M","?","?","M","M","R","E","R","T","R","?","E"],"build_version":"2018-11-15","purchased_purges":0,"victory":false,"max_hp_per_floor":[71,71,71,71,71,71,71,71,71,71,71,71,71,71,71,71,71,71,71,71,71,71,71,71,71,71,71,71,71],"card_choices":[{"not_picked":["Beam Cell","Heatsinks"],"picked":"Compile Driver","floor":1},{"not_picked":["Steam","Gash"],"picked":"Compile Driver","floor":3},{"not_picked":["Coolheaded","Turbo"],"picked":"Go for the Eyes","floor":4},{"not_picked":["Steam","Go for the Eyes"],"picked":"Sweeping Beam","floor":7},{"not_picked":["Conserve Battery","Leap"],"picked":"Beam Cell","floor":8},{"not_picked":["Chill","Thunder Strike"],"picked":"Ball Lightning","floor":10},{"not_picked":["Heatsinks","Chill"],"picked":"Conserve Battery","floor":11},{"not_picked":["Reinforced Body","Storm"],"picked":"White Noise","floor":12},{"not_picked":["Sweeping Beam","Rebound"],"picked":"Leap","floor":14},{"not_picked":["Seek","Fission"],"picked":"All For One","floor":16},{"not_picked":["Beam Cell","Tempest"],"picked":"Conserve Battery+1","floor":18},{"not_picked":["Redo","Skim"],"picked":"Gash","floor":20},{"not_picked":["Meteor Strike","Beam Cell"],"picked":"Doom and Gloom","floor":21},{"not_picked":["Rip and Tear","Stack"],"picked":"Turbo+1","floor":22},{"not_picked":["Go for the Eyes","Multi-Cast"],"picked":"Steam","floor":24},{"not_picked":["Reprogram","Go for the Eyes","Hologram"],"picked":"SKIP","floor":28}],"player_experience":1678227,"relics_obtained":[{"floor":5,"key":"Boot"},{"floor":8,"key":"Tiny Chest"},{"floor":9,"key":"DataDisk"},{"floor":10,"key":"MawBank"},{"floor":12,"key":"Nunchaku"},{"floor":24,"key":"Bag of Marbles"},{"floor":26,"key":"Omamori"}],"event_choices":[{"cards_removed":["Strike_B"],"damage_healed":0,"gold_gain":0,"player_choice":"Card Removal","damage_taken":0,"max_hp_gain":0,"max_hp_loss":0,"event_name":"The Cleric","floor":2,"gold_loss":75},{"damage_healed":0,"gold_gain":0,"player_choice":"Traded Relic","damage_taken":0,"relics_obtained":["Nloth\u0027s Gift"],"max_hp_gain":0,"max_hp_loss":0,"event_name":"N\u0027loth","floor":19,"relics_lost":["Tiny Chest"],"gold_loss":0}],"is_beta":true,"boss_relics":[{"not_picked":["Sozu","Lizard Tail"],"picked":"Astrolabe"}],"items_purged_floors":[],"is_endless":false,"potions_floor_spawned":[7,8,10,14,22,24],"killed_by":"Book of Stabbing","ascension_level":20}