{"gold_per_floor":[117,131,141,241,251,251,263,263,263,288,10,30,56,73,73,176,176,191,207,207,222,222,222,234,266,266,266],"floor_reached":27,"playtime":3081,"items_purged":[],"score":422,"play_id":"5ddaf3f7-84ef-4224-99d5-f473bc2c26c5","local_time":"20190814204957","is_ascension_mode":true,"campfire_choices":[{"data":"Neutralize","floor":6.0,"key":"SMITH"},{"data":"Poisoned Stab","floor":8.0,"key":"SMITH"},{"data":"Tools of the Trade","floor":15,"key":"SMITH"},{"floor":23,"key":"REST"}],"neow_cost":"NONE","seed_source_timestamp":95897206223336,"circlet_count":0,"master_deck":["AscendersBane","Strike_G","Strike_G","Strike_G","Strike_G","Strike_G","Defend_G","Defend_G","Defend_G","Defend_G","Defend_G","Survivor","Neutralize+1","Tools of the Trade+1","Poisoned Stab+1","Footwork","PiercingWail","Underhanded Strike","Deflect","Night Terror+1","Tactician+1","Underhanded Strike","Dodge and Roll+1","Crippling Poison+1","Escape Plan+1","Burst+1","Terror+1","Malaise+1","Night Terror+1"],"special_seed":0,"relics":["Ring of the Snake","Toxic Egg 2","Orichalcum","Toolbox","Girya","Snecko Eye","Du-Vu Doll","The Specimen"],"potions_floor_usage":[10,16,16,25,27],"damage_taken":[{"damage":0.0,"enemies":"2 Louse","floor":1.0,"turns":3.0},{"damage":0.0,"enemies":"Cultist","floor":2.0,"turns":5.0},{"damage":7.0,"enemies":"Small Slimes","floor":3.0,"turns":3.0},{"damage":8.0,"enemies":"Exordium Wildlife","floor":5.0,"turns":9.0},{"damage":17.0,"enemies":"Exordium Thugs","floor":7.0,"turns":7.0},{"damage":0,"enemies":"3 Sentries","floor":10,"turns":12},{"damage":0,"enemies":"Red Slaver","floor":12,"turns":6},{"damage":7,"enemies":"Lagavulin","floor":13,"turns":9},{"damage":0,"enemies":"3 Louse","floor":14,"turns":2},{"damage":9,"enemies":"Hexaghost","floor":16,"turns":11},{"damage":4,"enemies":"Chosen","floor":18,"turns":7},{"damage":22,"enemies":"Spheric Guardian","floor":19,"turns":5},{"damage":12,"enemies":"Snake Plant","floor":21,"turns":6},{"damage":0,"enemies":"Snecko","floor":24,"turns":6},{"damage":10,"enemies":"Book of Stabbing","floor":25,"turns":10},{"damage":41,"enemies":"Slavers","floor":27,"turns":4}],"seed_played":"-6179648403823249443","potions_obtained":[{"floor":1.0,"key":"Poison Potion"},{"floor":3.0,"key":"Ancient Potion"},{"floor":7.0,"key":"EssenceOfSteel"},{"floor":12,"key":"Strength Potion"},{"floor":13,"key":"EssenceOfSteel"},{"floor":22,"key":"EssenceOfSteel"},{"floor":22,"key":"Dexterity Potion"}],"is_trial":false,"path_per_floor":["M","M","M","?","M","R","M","R","T","E","$","M","E","M","R","B",null,"M","M","?","M","?","R","M","E","T","E"],"character_chosen":"THE_SILENT","items_purchased":["Tactician+1","Toolbox","Underhanded Strike"],"campfire_rested":1,"item_purchase_floors":[11,11,11],"current_hp_per_floor":[63,63,56,56,48,48,31,31,31,31,31,31,24,24,24,15,56,52,30,30,18,18,39,39,29,29,0],"gold":266,"neow_bonus":"ONE_RANDOM_RARE_CARD","is_prod":false,"is_daily":false,"chose_seed":false,"campfire_upgraded":3,"win_rate":0,"timestamp":1565840997,"path_taken":["M","M","M","?","M","R","M","R","T","E","?","M","E","M","R","BOSS","M","M","?","M","?","R","M","E","T","E"],"build_version":"2019-07-17","purchased_purges":0,"victory":false,"max_hp_per_floor":[70,70,70,70,70,70,70,70,70,70,70,70,70,70,70,70,70,70,70,70,70,70,70,70,70,70,70],"card_choices":[{"not_picked":["Flechettes","Dodge and Roll"],"picked":"Poisoned Stab","floor":1.0},{"not_picked":["Dagger Throw","Catalyst"],"picked":"Footwork","floor":2.0},{"not_picked":["Blade Dance","Reflex"],"picked":"PiercingWail","floor":3.0},{"not_picked":["Cloak And Dagger","Sucker Punch"],"picked":"Underhanded Strike","floor":5.0},{"not_picked":["Deadly Poison","Sucker Punch"],"picked":"Deflect","floor":7.0},{"not_picked":["Dagger Spray","Heel Hook"],"picked":"Night Terror+1","floor":10},{"not_picked":["Outmaneuver+1","Blade Dance+1"],"picked":"Dodge and Roll+1","floor":12},{"not_picked":["Deadly Poison+1","Skewer"],"picked":"Crippling Poison+1","floor":13},{"not_picked":["Flechettes","Sucker Punch"],"picked":"Escape Plan+1","floor":14},{"not_picked":["Die Die Die","Tools of the Trade"],"picked":"Burst+1","floor":16},{"not_picked":["Escape Plan+1","Distraction+1"],"picked":"Terror+1","floor":18},{"not_picked":["Sucker Punch","Acrobatics+1","Slice+1"],"picked":"SKIP","floor":19},{"not_picked":["Dodge and Roll+1","Masterful Stab"],"picked":"Malaise+1","floor":21},{"not_picked":["Deflect+1","Concentrate+1","Skewer"],"picked":"SKIP","floor":24},{"not_picked":["Slice","Adrenaline+1"],"picked":"Night Terror+1","floor":25}],"player_experience":601075,"relics_obtained":[{"floor":9.0,"key":"Toxic Egg 2"},{"floor":10,"key":"Orichalcum"},{"floor":13,"key":"Girya"},{"floor":25,"key":"Du-Vu Doll"},{"floor":26,"key":"The Specimen"}],"event_choices":[{"damage_healed":0.0,"max_hp_gain":0.0,"max_hp_loss":0.0,"gold_gain":100.0,"event_name":"Golden Shrine","player_choice":"Pray","floor":4.0,"gold_loss":0.0,"damage_taken":0.0},{"damage_healed":0,"gold_gain":0,"player_choice":"Ignored","damage_taken":0,"max_hp_gain":0,"max_hp_loss":0,"event_name":"Cursed Tome","floor":20,"gold_loss":0},{"damage_healed":0,"gold_gain":0,"player_choice":"Got Potions","damage_taken":0,"max_hp_gain":0,"max_hp_loss":0,"event_name":"Lab","floor":22,"gold_loss":0}],"is_beta":false,"boss_relics":[{"not_picked":["Velvet Choker","Lizard Tail"],"picked":"Snecko Eye"}],"items_purged_floors":[],"is_endless":false,"potions_floor_spawned":[1,3,7,12,13],"killed_by":"Slavers","ascension_level":11}