{"gold_per_floor":[17,17,27,40,40,40,55,86,86,86,102,125,125,145,145,238,238,256,256,277,42,55,55],"floor_reached":23,"playtime":845,"items_purged":[],"score":390,"play_id":"d1f1ced1-5813-4c73-ae45-ba45cfa0d604","local_time":"20190429140453","is_ascension_mode":true,"campfire_choices":[{"data":"Bash","floor":6,"key":"SMITH"},{"data":"Spot Weakness","floor":10,"key":"SMITH"},{"data":"Armaments","floor":13,"key":"SMITH"},{"floor":15,"key":"REST"}],"neow_cost":"NO_GOLD","seed_source_timestamp":587970498915199,"circlet_count":0,"master_deck":["AscendersBane","Strike_R","Strike_R+1","Strike_R","Strike_R","Defend_R","Defend_R","Defend_R","Defend_R","Bash+1","Spot Weakness+1","Headbutt","Clothesline","Carnage+1","Armaments+1","Offering","Feel No Pain","Shockwave","Corruption"],"relics":["Burning Blood","Golden Idol","Oddly Smooth Stone","Whetstone","Runic Pyramid","Centennial Puzzle"],"potions_floor_usage":[8,14,23,23],"damage_taken":[{"damage":8,"enemies":"2 Louse","floor":1,"turns":3},{"damage":11,"enemies":"Cultist","floor":3,"turns":4},{"damage":21,"enemies":"Jaw Worm","floor":4,"turns":5},{"damage":11,"enemies":"3 Louse","floor":7,"turns":4},{"damage":32,"enemies":"Gremlin Nob","floor":8,"turns":4},{"damage":16,"enemies":"Exordium Thugs","floor":11,"turns":5},{"damage":0,"enemies":"2 Fungi Beasts","floor":12,"turns":2},{"damage":4,"enemies":"Gremlin Gang","floor":14,"turns":4},{"damage":46,"enemies":"Slime Boss","floor":16,"turns":9},{"damage":26,"enemies":"Shell Parasite","floor":18,"turns":9},{"damage":32,"enemies":"Spheric Guardian","floor":20,"turns":7},{"damage":1,"enemies":"Snecko","floor":22,"turns":3},{"damage":23,"enemies":"Slavers","floor":23,"turns":2}],"seed_played":"8419004086830297217","potions_obtained":[{"floor":3,"key":"SpeedPotion"},{"floor":7,"key":"PowerPotion"},{"floor":11,"key":"Explosive Potion"},{"floor":14,"key":"FearPotion"},{"floor":16,"key":"GamblersBrew"}],"is_trial":false,"path_per_floor":["M","?","M","M","?","R","M","E","T","R","M","M","R","M","R","B",null,"M","?","M","$","M","E"],"character_chosen":"IRONCLAD","items_purchased":["Corruption","Centennial Puzzle"],"campfire_rested":1,"item_purchase_floors":[21,21],"current_hp_per_floor":[80,80,75,60,60,60,55,29,29,29,19,25,25,27,51,11,64,44,44,18,18,23,0],"gold":55,"neow_bonus":"TWENTY_PERCENT_HP_BONUS","is_prod":false,"is_daily":false,"chose_seed":false,"campfire_upgraded":3,"win_rate":0,"timestamp":1556543093,"path_taken":["M","?","?","M","?","R","M","E","T","R","M","M","R","M","R","BOSS","M","?","M","$","M","E"],"build_version":"2019-04-23","purchased_purges":0,"victory":false,"max_hp_per_floor":[89,89,89,89,81,81,81,81,81,81,81,81,81,81,81,81,81,81,81,81,81,81,81],"card_choices":[{"not_picked":["Havoc","Entrench","Flex"],"picked":"SKIP","floor":1},{"not_picked":["Heavy Blade","Warcry"],"picked":"Spot Weakness","floor":3},{"not_picked":["Shrug It Off","Flex"],"picked":"Headbutt","floor":4},{"not_picked":["Twin Strike","Headbutt"],"picked":"Clothesline","floor":7},{"not_picked":["Sentinel","Berserk"],"picked":"Carnage","floor":8},{"not_picked":["Rampage","Havoc","Clash"],"picked":"SKIP","floor":11},{"not_picked":["Thunderclap","Power Through"],"picked":"Armaments","floor":12},{"not_picked":["Clash","Iron Wave","Bloodletting"],"picked":"SKIP","floor":14},{"not_picked":["Feed","Barricade"],"picked":"Offering","floor":16},{"not_picked":["Dropkick","Clothesline+1","Whirlwind"],"picked":"SKIP","floor":18},{"not_picked":["Clothesline","Metallicize"],"picked":"Shockwave","floor":20},{"not_picked":["Sentinel","Perfected Strike","Rampage"],"picked":"SKIP","floor":22}],"player_experience":2035746,"relics_obtained":[{"floor":8,"key":"Oddly Smooth Stone"},{"floor":9,"key":"Whetstone"}],"event_choices":[{"cards_removed":["Strike_R"],"damage_healed":0,"gold_gain":0,"player_choice":"Purged","damage_taken":0,"max_hp_gain":0,"max_hp_loss":0,"event_name":"Purifier","floor":2,"gold_loss":0},{"damage_healed":0,"gold_gain":0,"player_choice":"Lose Max HP","damage_taken":0,"relics_obtained":["Golden Idol"],"max_hp_gain":0,"max_hp_loss":8,"event_name":"Golden Idol","floor":5,"gold_loss":0},{"damage_healed":0,"gold_gain":0,"player_choice":"Read","damage_taken":0,"max_hp_gain":0,"max_hp_loss":0,"event_name":"The Library","floor":19,"gold_loss":0,"cards_obtained":["Feel No Pain"]}],"is_beta":true,"boss_relics":[{"not_picked":["Cursed Key","Astrolabe"],"picked":"Runic Pyramid"}],"items_purged_floors":[],"is_endless":false,"potions_floor_spawned":[3,7,11,14,16,18],"killed_by":"Slavers","ascension_level":20}