{"gold_per_floor":[111,131,42,42,54,54,79,79,155,172,204,204,204,5,5,81,81,96,96,96,96,96,96,106,106,160,172,200,213,213,223,223,295,295,314,41,57,73,18,44,44,44,124,124,139,0,27,27,27,27,27],"floor_reached":51,"playtime":2151,"items_purged":["Strike_R","Strike_R+1"],"score":1387,"play_id":"73bfc51c-4eae-4162-b8dc-74faca8fc115","local_time":"20190428210923","is_ascension_mode":true,"campfire_choices":[{"data":"Combust","floor":6.0,"key":"SMITH"},{"floor":13.0,"key":"REST"},{"data":"Rupture","floor":15.0,"key":"SMITH"},{"data":"Immolate","floor":23.0,"key":"SMITH"},{"data":"Evolve","floor":25.0,"key":"SMITH"},{"floor":32.0,"key":"REST"},{"floor":42.0,"key":"REST"},{"floor":44.0,"key":"RECALL"},{"floor":49,"key":"REST"}],"neow_cost":"NONE","seed_source_timestamp":0,"circlet_count":0,"master_deck":["AscendersBane","Strike_R+1","Defend_R+1","Defend_R+1","Defend_R+1","Defend_R+1","Bash+1","Evolve+1","Exhume","Combust+1","Shockwave","Anger","Pommel Strike","Headbutt","Rupture+1","Power Through","Immolate+1","Feed","Shrug It Off","Burning Pact","Brutality","Disarm","Impervious","Shrug It Off","Sword Boomerang","Dropkick","True Grit","Disarm","Flash of Steel","Parasite"],"special_seed":0,"relics":["Burning Blood","Happy Flower","Bottled Tornado","Pen Nib","Kunai","Mark of Pain","Tiny Chest","Bag of Marbles","Mercury Hourglass","Orrery","Vajra","Ice Cream","Red Mask","Frozen Egg 2"],"potions_floor_usage":[47,50],"damage_taken":[{"damage":2.0,"enemies":"Cultist","floor":1.0,"turns":4.0},{"damage":10.0,"enemies":"2 Louse","floor":2.0,"turns":4.0},{"damage":4.0,"enemies":"Jaw Worm","floor":5.0,"turns":3.0},{"damage":36.0,"enemies":"3 Sentries","floor":7.0,"turns":7.0},{"damage":9.0,"enemies":"2 Fungi Beasts","floor":10.0,"turns":3.0},{"damage":24.0,"enemies":"Lagavulin","floor":11.0,"turns":5.0},{"damage":17.0,"enemies":"Slime Boss","floor":16.0,"turns":6.0},{"damage":16.0,"enemies":"Spheric Guardian","floor":18.0,"turns":4.0},{"damage":4.0,"enemies":"3 Byrds","floor":24.0,"turns":3.0},{"damage":20.0,"enemies":"3 Cultists","floor":27.0,"turns":5.0},{"damage":27.0,"enemies":"Gremlin Leader","floor":28.0,"turns":5.0},{"damage":8.0,"enemies":"Snecko","floor":29.0,"turns":5.0},{"damage":14.0,"enemies":"Snake Plant","floor":31.0,"turns":4.0},{"damage":48.0,"enemies":"Champ","floor":33.0,"turns":9.0},{"damage":33.0,"enemies":"3 Darklings","floor":35.0,"turns":6.0},{"damage":11.0,"enemies":"Orb Walker","floor":37.0,"turns":4.0},{"damage":13.0,"enemies":"Spire Growth","floor":38.0,"turns":5.0},{"damage":32.0,"enemies":"Nemesis","floor":40.0,"turns":7.0},{"damage":15.0,"enemies":"Writhing Mass","floor":45.0,"turns":7.0},{"damage":22,"enemies":"Giant Head","floor":47,"turns":8},{"damage":51,"enemies":"Time Eater","floor":50,"turns":10},{"damage":16,"enemies":"Awakened One","floor":51,"turns":1}],"seed_played":"2757803717708716646","potions_obtained":[{"floor":7.0,"key":"Poison Potion"},{"floor":11.0,"key":"Ancient Potion"},{"floor":16.0,"key":"Energy Potion"},{"floor":27.0,"key":"SteroidPotion"},{"floor":47,"key":"SkillPotion"}],"is_trial":false,"path_per_floor":["M","M","$","?","M","R","E","?","T","M","E","?","R","$","R","B",null,"M","?","$","?","?","R","M","R","T","M","E","M","T","M","R","B",null,"M","$","M","M","$","E","?","R","T","R","M","?","E","?","R","B","B"],"character_chosen":"IRONCLAD","items_purchased":["Combust","Rupture","Power Through","Vajra","Block Potion"],"campfire_rested":4,"item_purchase_floors":[3,14,14,36,39],"current_hp_per_floor":[72,68,68,68,70,70,40,45,45,42,24,13,37,37,37,26,67,57,57,57,57,57,57,59,59,59,51,33,34,34,29,57,15,75,51,51,49,42,42,16,16,46,46,46,40,40,24,24,55,10,0],"gold":27,"neow_bonus":"UPGRADE_CARD","is_prod":false,"is_daily":false,"chose_seed":false,"campfire_upgraded":4,"win_rate":0,"timestamp":1556482163,"path_taken":["M","M","$","?","?","R","E","?","T","M","E","?","R","$","R","BOSS","M","?","$","?","?","R","?","R","T","M","E","M","?","M","R","BOSS","M","$","M","M","$","E","?","R","T","R","M","?","E","?","R","BOSS","BOSS"],"build_version":"2019-04-23","purchased_purges":2,"victory":false,"max_hp_per_floor":[75,75,75,75,75,75,75,80,80,80,80,80,80,80,80,80,80,80,80,80,80,80,80,80,80,80,86,89,92,92,95,95,95,95,98,98,101,101,101,101,101,101,101,101,104,104,104,104,104,104,104],"card_choices":[{"not_picked":["Flex","Clash"],"picked":"Evolve","floor":1.0},{"not_picked":["Clash","True Grit"],"picked":"Exhume","floor":2.0},{"not_picked":["Fire Breathing","Clothesline"],"picked":"Anger","floor":5.0},{"not_picked":["Hemokinesis","Thunderclap"],"picked":"Pommel Strike","floor":7.0},{"not_picked":["Twin Strike","Perfected Strike","Flex"],"picked":"SKIP","floor":10.0},{"not_picked":["Twin Strike","Bloodletting"],"picked":"Headbutt","floor":11.0},{"not_picked":["Feed","Impervious"],"picked":"Immolate","floor":16.0},{"not_picked":["Anger","Bloodletting","Thunderclap"],"picked":"SKIP","floor":18.0},{"not_picked":["Cleave","Iron Wave"],"picked":"Shrug It Off","floor":24.0},{"not_picked":["Clothesline","Wild Strike"],"picked":"Burning Pact","floor":27.0},{"not_picked":["Flex","Whirlwind"],"picked":"Brutality","floor":28.0},{"not_picked":["Headbutt","Pommel Strike"],"picked":"Disarm","floor":29.0},{"not_picked":["Flex","Headbutt","Iron Wave"],"picked":"SKIP","floor":31.0},{"not_picked":["Immolate","Limit Break"],"picked":"Impervious","floor":33.0},{"not_picked":["Clash","Pommel Strike"],"picked":"Shrug It Off","floor":34.0},{"not_picked":["Heavy Blade","Headbutt"],"picked":"Sword Boomerang","floor":34.0},{"not_picked":["Thunderclap+1","Perfected Strike+1"],"picked":"Dropkick","floor":35.0},{"not_picked":["Havoc","Reckless Charge"],"picked":"True Grit","floor":37.0},{"not_picked":["Pommel Strike","Twin Strike"],"picked":"Barricade","floor":38.0},{"not_picked":["Clash","Burning Pact"],"picked":"Disarm","floor":40.0},{"not_picked":["Mind Blast","Enlightenment"],"picked":"Flash of Steel","floor":41.0},{"not_picked":["Metallicize","Shockwave","Whirlwind+1"],"picked":"SKIP","floor":45.0},{"not_picked":["Wild Strike","Pummel","Shockwave"],"picked":"SKIP","floor":47}],"player_experience":2033595,"relics_obtained":[{"floor":7.0,"key":"Happy Flower"},{"floor":9.0,"key":"Bottled Tornado"},{"floor":11.0,"key":"Pen Nib"},{"floor":26.0,"key":"Tiny Chest"},{"floor":28.0,"key":"Bag of Marbles"},{"floor":30.0,"key":"Mercury Hourglass"},{"floor":40.0,"key":"Ice Cream"},{"floor":47,"key":"Frozen Egg 2"}],"event_choices":[{"damage_healed":0.0,"max_hp_gain":0.0,"max_hp_loss":0.0,"gold_gain":0.0,"cards_transformed":["Strike_R"],"event_name":"Transmorgrifier","player_choice":"Transformed","floor":4.0,"gold_loss":0.0,"damage_taken":0.0,"cards_obtained":["Shockwave"]},{"damage_healed":0.0,"max_hp_gain":5.0,"max_hp_loss":0.0,"gold_gain":0.0,"event_name":"Big Fish","player_choice":"Donut","floor":8.0,"gold_loss":0.0,"damage_taken":0.0},{"damage_healed":0.0,"max_hp_gain":0.0,"max_hp_loss":0.0,"gold_gain":0.0,"event_name":"Scrap Ooze","player_choice":"Success","floor":12.0,"gold_loss":0.0,"damage_taken":11.0,"relics_obtained":["Kunai"]},{"damage_healed":0.0,"max_hp_gain":0.0,"max_hp_loss":0.0,"gold_gain":0.0,"event_name":"Vampires","player_choice":"Ignored","floor":19.0,"gold_loss":0.0,"damage_taken":0.0},{"damage_healed":0.0,"max_hp_gain":0.0,"max_hp_loss":0.0,"gold_gain":0.0,"event_name":"Back to Basics","player_choice":"Simplicity","floor":21.0,"gold_loss":0.0,"damage_taken":0.0,"cards_upgraded":["Strike_R","Strike_R","Strike_R","Defend_R","Defend_R","Defend_R","Defend_R"]},{"damage_healed":0.0,"max_hp_gain":0.0,"max_hp_loss":0.0,"gold_gain":0.0,"cards_transformed":["Strike_R"],"event_name":"Transmorgrifier","player_choice":"Transformed","floor":22.0,"gold_loss":0.0,"damage_taken":0.0,"cards_obtained":["Feed"]},{"damage_healed":0.0,"max_hp_gain":0.0,"max_hp_loss":0.0,"gold_gain":0.0,"event_name":"SensoryStone","player_choice":"Memory 1","floor":41.0,"gold_loss":0.0,"damage_taken":0.0},{"damage_healed":0.0,"max_hp_gain":0.0,"max_hp_loss":0.0,"gold_gain":0.0,"event_name":"Tomb of Lord Red Mask","player_choice":"Paid","floor":46.0,"gold_loss":139.0,"damage_taken":0.0,"relics_obtained":["Red Mask"]},{"cards_removed":["Barricade"],"damage_healed":0,"gold_gain":0,"player_choice":"Removed Power","damage_taken":0,"max_hp_gain":0,"max_hp_loss":0,"event_name":"Falling","floor":48,"gold_loss":0}],"is_beta":true,"boss_relics":[{"not_picked":["Runic Cube","Busted Crown"],"picked":"Mark of Pain"},{"not_picked":["Lizard Tail","Calling Bell"],"picked":"Orrery"}],"items_purged_floors":[14,36],"is_endless":false,"potions_floor_spawned":[7,11,16,27,28,31,37,45,47],"killed_by":"Awakened One","ascension_level":20}