{"gold_per_floor":[118,75,75,75,75,75,85,114,114,148,148,148,186,186,186,276,276,297,212,212,235,160,196,196,236,262,262,262,283,308,322,322,416,416,437,437,101,116,136,169,181,226,238,269,281,336,372,717,729,741,753],"floor_reached":51,"playtime":2010,"items_purged":[],"score":1653,"play_id":"1bc15208-dc62-4cc2-98aa-d2f397d2ff12","local_time":"20190810000218","is_ascension_mode":true,"campfire_choices":[{"data":"Combust","floor":6.0,"key":"SMITH"},{"floor":12.0,"key":"REST"},{"data":"Disarm","floor":15.0,"key":"SMITH"},{"data":"Armaments","floor":24.0,"key":"SMITH"},{"data":"Demon Form","floor":27.0,"key":"SMITH"},{"data":"Battle Trance","floor":32.0,"key":"SMITH"},{"data":"Immolate","floor":41,"key":"SMITH"},{"floor":49,"key":"RECALL"}],"neow_cost":"NONE","seed_source_timestamp":66746760208199,"circlet_count":0,"master_deck":["AscendersBane","Strike_R+1","Defend_R","Defend_R","Defend_R","Defend_R","Bash+1","Disarm+1","Combust+1","Twin Strike","Immolate+1","Battle Trance+1","Armaments+1","Offering","Headbutt+1","Flame Barrier+1","Fiend Fire","Demon Form+1","Sword Boomerang+1","Pummel+1","Feel No Pain","Limit Break+1","Clothesline+1","PanicButton+1","Havoc+1","Burning Pact+1","Battle Trance+1","Impervious+1","Metallicize+1","True Grit+1"],"special_seed":0,"relics":["Burning Blood","NeowsBlessing","Letter Opener","Meat on the Bone","Ornamental Fan","Vajra","Dodecahedron","Sozu","Toxic Egg 2","Boot","Ancient Tea Set","Centennial Puzzle","Question Card","Empty Cage","Lantern","Whetstone","MawBank","Charon\u0027s Ashes","Gremlin Horn"],"potions_floor_usage":[],"damage_taken":[{"damage":0.0,"enemies":"Cultist","floor":1.0,"turns":1.0},{"damage":0.0,"enemies":"2 Louse","floor":7.0,"turns":2.0},{"damage":0.0,"enemies":"Gremlin Nob","floor":8.0,"turns":1.0},{"damage":16.0,"enemies":"3 Sentries","floor":10.0,"turns":4.0},{"damage":4.0,"enemies":"Gremlin Nob","floor":13.0,"turns":3.0},{"damage":40.0,"enemies":"Hexaghost","floor":16.0,"turns":11.0},{"damage":8.0,"enemies":"Chosen","floor":18.0,"turns":3.0},{"damage":15.0,"enemies":"2 Thieves","floor":21.0,"turns":4.0},{"damage":8.0,"enemies":"Gremlin Leader","floor":23.0,"turns":3.0},{"damage":23.0,"enemies":"Book of Stabbing","floor":25.0,"turns":3.0},{"damage":12.0,"enemies":"Sentry and Sphere","floor":29.0,"turns":3.0},{"damage":15.0,"enemies":"Snecko","floor":30.0,"turns":5.0},{"damage":34.0,"enemies":"Shelled Parasite and Fungi","floor":31.0,"turns":4.0},{"damage":28.0,"enemies":"Champ","floor":33.0,"turns":9.0},{"damage":6.0,"enemies":"Orb Walker","floor":35.0,"turns":2.0},{"damage":6.0,"enemies":"3 Shapes","floor":38.0,"turns":9.0},{"damage":23.0,"enemies":"Jaw Worm Horde","floor":39.0,"turns":3.0},{"damage":34,"enemies":"Giant Head","floor":40,"turns":5},{"damage":18,"enemies":"Reptomancer","floor":42,"turns":5},{"damage":20,"enemies":"Maw","floor":44,"turns":7},{"damage":8,"enemies":"Giant Head","floor":46,"turns":5},{"damage":28,"enemies":"Writhing Mass","floor":47,"turns":3},{"damage":24,"enemies":"Time Eater","floor":50,"turns":7},{"damage":33,"enemies":"Awakened One","floor":51,"turns":5}],"seed_played":"-1565509443833090057","potions_obtained":[{"floor":10.0,"key":"Energy Potion"},{"floor":13.0,"key":"Regen Potion"}],"is_trial":false,"path_per_floor":["M","$","?","?","?","R","M","E","T","E","?","R","E","?","R","B",null,"M","?","?","M","?","E","R","E","T","R","T","M","M","M","R","B",null,"M","?","$","M","M","E","R","E","T","M","?","E","M","?","R","B","B"],"character_chosen":"IRONCLAD","items_purchased":["Combust","Lantern","Whetstone"],"campfire_rested":1,"item_purchase_floors":[2,37,37],"current_hp_per_floor":[74,74,51,44,9,9,15,21,21,23,23,43,45,50,50,28,62,60,60,60,51,51,49,49,44,44,44,44,50,53,37,37,42,65,65,55,55,55,50,34,34,34,34,32,32,42,32,32,32,26,0],"gold":753,"neow_bonus":"THREE_ENEMY_KILL","is_prod":false,"is_daily":false,"chose_seed":false,"campfire_upgraded":6,"win_rate":0,"timestamp":1565391738,"path_taken":["M","$","?","?","?","R","M","E","T","E","?","R","E","?","R","BOSS","M","?","?","M","?","E","R","E","T","R","?","M","M","M","R","BOSS","M","?","$","M","M","E","R","E","T","M","?","E","?","?","R","BOSS","BOSS"],"build_version":"2019-07-18","purchased_purges":0,"victory":false,"max_hp_per_floor":[75,75,75,75,75,75,75,75,75,75,68,68,68,73,73,73,73,73,73,73,73,73,73,73,73,73,73,73,73,73,73,73,73,73,73,73,73,73,73,73,73,73,73,73,73,73,73,73,73,73,73],"card_choices":[{"not_picked":["Headbutt","Cleave"],"picked":"Disarm","floor":1.0},{"not_picked":["Corruption","Sever Soul"],"picked":"Twin Strike","floor":7.0},{"not_picked":["Heavy Blade","Fire Breathing"],"picked":"Immolate","floor":8.0},{"not_picked":["Hemokinesis","Twin Strike"],"picked":"Battle Trance","floor":10.0},{"not_picked":["Perfected Strike","Wild Strike"],"picked":"Armaments","floor":13.0},{"not_picked":["Bludgeon","Dark Embrace"],"picked":"Offering","floor":16.0},{"not_picked":["Wild Strike","Twin Strike+1"],"picked":"Headbutt+1","floor":18.0},{"not_picked":["Cleave","Carnage+1","Heavy Blade"],"picked":"SKIP","floor":21.0},{"not_picked":["Iron Wave","Burning Pact+1"],"picked":"Fiend Fire","floor":23.0},{"not_picked":["Cleave","Thunderclap"],"picked":"Demon Form","floor":25.0},{"not_picked":["Havoc+1","Pummel","Anger"],"picked":"Sword Boomerang","floor":29.0},{"not_picked":["Sword Boomerang","Cleave","Anger+1"],"picked":"Pummel","floor":30.0},{"not_picked":["Cleave+1","Carnage","Pommel Strike"],"picked":"Feel No Pain","floor":31.0},{"not_picked":["Berserk","Bludgeon","Exhume+1"],"picked":"Limit Break+1","floor":33.0},{"not_picked":["Evolve+1","Body Slam+1","Clash+1"],"picked":"Clothesline+1","floor":35.0},{"not_picked":["Transmutation+1","Good Instincts+1","Magnetism"],"picked":"PanicButton+1","floor":36.0},{"not_picked":["Sword Boomerang","Dual Wield+1","Armaments+1"],"picked":"Havoc+1","floor":38.0},{"not_picked":["Flex+1","Clash","Body Slam"],"picked":"Burning Pact+1","floor":39.0},{"not_picked":["Clash","Headbutt","Cleave","Wild Strike"],"picked":"SKIP","floor":40},{"not_picked":["Warcry+1","Burning Pact+1","Power Through+1"],"picked":"Battle Trance+1","floor":42},{"not_picked":["Sever Soul","Flex+1","Barricade","Infernal Blade+1"],"picked":"SKIP","floor":44},{"not_picked":["Barricade","Bloodletting+1","Burning Pact+1"],"picked":"Metallicize+1","floor":46},{"not_picked":["Power Through+1","Perfected Strike","Headbutt"],"picked":"True Grit+1","floor":47}],"player_experience":2299048,"relics_obtained":[{"floor":8.0,"key":"Meat on the Bone"},{"floor":9.0,"key":"Ornamental Fan"},{"floor":10.0,"key":"Vajra"},{"floor":13.0,"key":"Dodecahedron"},{"floor":23.0,"key":"Boot"},{"floor":25.0,"key":"Ancient Tea Set"},{"floor":26.0,"key":"Centennial Puzzle"},{"floor":28.0,"key":"Question Card"},{"floor":40,"key":"MawBank"},{"floor":42,"key":"Charon\u0027s Ashes"},{"floor":46,"key":"Gremlin Horn"}],"event_choices":[{"damage_healed":0.0,"max_hp_gain":0.0,"max_hp_loss":0.0,"gold_gain":0.0,"event_name":"Shining Light","player_choice":"Entered Light","floor":3.0,"gold_loss":0.0,"damage_taken":23.0,"cards_upgraded":["Strike_R","Bash"]},{"cards_removed":["Strike_R"],"damage_healed":0.0,"max_hp_gain":0.0,"max_hp_loss":0.0,"gold_gain":0.0,"event_name":"Golden Wing","player_choice":"Card Removal","floor":4.0,"gold_loss":0.0,"damage_taken":7.0},{"damage_healed":0.0,"max_hp_gain":0.0,"max_hp_loss":0.0,"gold_gain":0.0,"event_name":"Scrap Ooze","player_choice":"Success","floor":5.0,"gold_loss":0.0,"damage_taken":35.0,"relics_obtained":["Letter Opener"]},{"damage_healed":0.0,"max_hp_gain":0.0,"max_hp_loss":7.0,"gold_gain":0.0,"event_name":"Golden Idol","player_choice":"Lose Max HP","floor":11.0,"gold_loss":0.0,"damage_taken":0.0,"relics_obtained":["Golden Idol"]},{"damage_healed":0.0,"max_hp_gain":5.0,"max_hp_loss":0.0,"gold_gain":0.0,"event_name":"Big Fish","player_choice":"Donut","floor":14.0,"gold_loss":0.0,"damage_taken":0.0},{"damage_healed":0.0,"max_hp_gain":0.0,"max_hp_loss":0.0,"gold_gain":0.0,"event_name":"Addict","player_choice":"Obtained Relic","floor":19.0,"gold_loss":85.0,"damage_taken":0.0,"relics_obtained":["Toxic Egg 2"]},{"damage_healed":0.0,"max_hp_gain":0.0,"max_hp_loss":0.0,"gold_gain":0.0,"event_name":"The Library","player_choice":"Read","floor":20.0,"gold_loss":0.0,"damage_taken":0.0,"cards_obtained":["Flame Barrier"]},{"cards_removed":["Strike_R"],"damage_healed":0.0,"max_hp_gain":0.0,"max_hp_loss":0.0,"gold_gain":0.0,"event_name":"Beggar","player_choice":"Gave Gold","floor":22.0,"gold_loss":75.0,"damage_taken":0.0},{"damage_healed":0.0,"max_hp_gain":0.0,"max_hp_loss":0.0,"gold_gain":0.0,"event_name":"SensoryStone","player_choice":"Memory 3","floor":36.0,"gold_loss":0.0,"damage_taken":10.0},{"damage_healed":0,"gold_gain":0,"player_choice":"1 cards matched","damage_taken":0,"max_hp_gain":0,"max_hp_loss":0,"event_name":"Match and Keep!","floor":45,"gold_loss":0,"cards_obtained":["Impervious"]},{"damage_healed":0,"gold_gain":333,"player_choice":"Gave Idol","damage_taken":0,"max_hp_gain":0,"max_hp_loss":0,"event_name":"The Moai Head","floor":48,"relics_lost":["Golden Idol"],"gold_loss":0}],"is_beta":true,"boss_relics":[{"not_picked":["White Beast Statue","Orrery"],"picked":"Sozu"},{"not_picked":["Cursed Key","Fusion Hammer"],"picked":"Empty Cage"}],"items_purged_floors":[],"is_endless":false,"potions_floor_spawned":[10,13,18,25,29,33,35,39,47],"killed_by":"Awakened One","ascension_level":20}