{"gold_per_floor":[115,115,140,161,45,45,45,79,79,122,122,122,122,166,178,288,300,337,349,380,392,15,15,58,58,58,93,93,47,47,90,90,186,186,200,58,73,406,416,446,446,473,473,486,486,515,515,546,546,546,546,546,546,6,38,38],"floor_reached":57,"playtime":2556,"items_purged":["Strike_R","Strike_R","Shame"],"score":3076,"play_id":"f3d7c11e-4ba7-4d69-9df9-33b9aca1e058","local_time":"20190713015103","is_ascension_mode":true,"campfire_choices":[{"data":"Inflame","floor":7.0,"key":"SMITH"},{"data":"Bash","floor":11.0,"key":"SMITH"},{"data":"Sword Boomerang","floor":15.0,"key":"SMITH"},{"data":"Wild Strike","floor":23.0,"key":"SMITH"},{"floor":25.0,"key":"REST"},{"floor":32.0,"key":"REST"},{"floor":41.0,"key":"DIG"},{"floor":45.0,"key":"DIG"},{"floor":47.0,"key":"RECALL"},{"floor":49.0,"key":"DIG"},{"floor":53.0,"key":"DIG"}],"neow_cost":"NONE","seed_source_timestamp":285558882775893,"circlet_count":0,"master_deck":["AscendersBane","Strike_R","Strike_R+1","Strike_R+1","Defend_R","Defend_R","Defend_R","Defend_R","Bash+1","Wild Strike+1","Shrug It Off","Anger","Inflame+1","Corruption","Sword Boomerang+1","Offering","Clothesline+1","Cleave+1","Pommel Strike+1","Feel No Pain","Shrug It Off","Reaper","Shrug It Off","Shrug It Off","Shrug It Off","Offering","Disarm+1","Shrug It Off","Barricade","Feel No Pain","Corruption","Battle Trance+1"],"special_seed":0,"relics":["Burning Blood","Whetstone","Singing Bowl","The Courier","Bottled Tornado","Mercury Hourglass","MawBank","Cursed Key","Shuriken","ClockworkSouvenir","Pen Nib","Shovel","Red Skull","Orichalcum","Fusion Hammer","Turnip","Dead Branch","Art of War","Lantern","Bottled Lightning","Paper Frog","Blue Candle","Kunai","Bronze Scales","Oddly Smooth Stone","Anchor"],"potions_floor_usage":[55,56,56],"damage_taken":[{"damage":10.0,"enemies":"Small Slimes","floor":1.0,"turns":5.0},{"damage":1.0,"enemies":"2 Louse","floor":3.0,"turns":2.0},{"damage":2.0,"enemies":"Jaw Worm","floor":4.0,"turns":4.0},{"damage":8.0,"enemies":"Gremlin Nob","floor":8.0,"turns":3.0},{"damage":17.0,"enemies":"Lagavulin","floor":10.0,"turns":7.0},{"damage":8.0,"enemies":"Gremlin Nob","floor":14.0,"turns":3.0},{"damage":34.0,"enemies":"The Guardian","floor":16.0,"turns":10.0},{"damage":16.0,"enemies":"3 Byrds","floor":18.0,"turns":5.0},{"damage":23.0,"enemies":"Shell Parasite","floor":20.0,"turns":4.0},{"damage":47.0,"enemies":"Slavers","floor":24.0,"turns":3.0},{"damage":18.0,"enemies":"Book of Stabbing","floor":27.0,"turns":3.0},{"damage":14.0,"enemies":"Gremlin Leader","floor":31.0,"turns":3.0},{"damage":28.0,"enemies":"Automaton","floor":33.0,"turns":6.0},{"damage":10.0,"enemies":"3 Shapes","floor":35.0,"turns":8.0},{"damage":22.0,"enemies":"3 Darklings","floor":37.0,"turns":5.0},{"damage":0.0,"enemies":"Spire Growth","floor":39.0,"turns":4.0},{"damage":54.0,"enemies":"Giant Head","floor":40.0,"turns":6.0},{"damage":0.0,"enemies":"Reptomancer","floor":42.0,"turns":3.0},{"damage":6.0,"enemies":"Transient","floor":44.0,"turns":6.0},{"damage":9.0,"enemies":"Giant Head","floor":46.0,"turns":6.0},{"damage":12.0,"enemies":"Nemesis","floor":48.0,"turns":5.0},{"damage":27.0,"enemies":"Time Eater","floor":50.0,"turns":9.0},{"damage":36.0,"enemies":"Donu and Deca","floor":51.0,"turns":6.0},{"damage":71,"enemies":"Shield and Spear","floor":55,"turns":8},{"damage":26,"enemies":"The Heart","floor":56,"turns":7}],"seed_played":"-1488593138192170843","potions_obtained":[{"floor":8.0,"key":"Strength Potion"},{"floor":14.0,"key":"Energy Potion"},{"floor":21.0,"key":"BloodPotion"},{"floor":24.0,"key":"Weak Potion"},{"floor":42.0,"key":"AttackPotion"},{"floor":46.0,"key":"EntropicBrew"},{"floor":55,"key":"SpeedPotion"}],"is_trial":false,"path_per_floor":["M","?","M","M","$","?","R","E","T","E","R","?","T","E","R","B",null,"M","?","M","?","$","R","E","R","T","E","T","$","?","E","R","B",null,"M","$","M","?","M","E","R","E","T","M","R","E","R","E","R","B","B",null,"R","$","E","B",null],"character_chosen":"IRONCLAD","items_purchased":["Inflame","ClockworkSouvenir","Pen Nib","SteroidPotion","Shrug It Off","Bronze Scales","Shrug It Off","Barricade","Feel No Pain","Corruption","Oddly Smooth Stone"],"campfire_rested":2,"item_purchase_floors":[5,22,22,29,36,54,54,54,54,54,54],"current_hp_per_floor":[64,64,68,68,68,68,68,66,66,57,57,62,62,60,60,32,64,54,54,37,37,37,37,14,36,36,24,24,24,24,16,38,16,60,72,72,61,61,79,52,52,83,83,83,83,83,83,83,83,83,72,80,80,80,38,33],"gold":38,"neow_bonus":"RANDOM_COMMON_RELIC","is_prod":false,"is_daily":false,"chose_seed":false,"campfire_upgraded":4,"win_rate":0,"timestamp":1562979063,"path_taken":["M","?","M","M","$","?","R","E","T","E","R","?","?","E","R","BOSS","M","?","?","?","?","R","E","R","T","E","?","$","?","E","R","BOSS","M","$","M","?","M","E","R","E","T","M","R","E","R","E","R","BOSS","BOSS","R","$","E","BOSS"],"build_version":"2019-07-10","purchased_purges":3,"victory":true,"max_hp_per_floor":[75,68,68,68,68,68,68,68,68,70,70,75,75,75,75,75,75,75,75,75,75,75,75,75,75,75,75,75,75,75,75,75,75,75,77,77,79,79,81,81,81,83,83,83,83,83,83,83,83,83,83,83,83,83,83,83],"card_choices":[{"not_picked":["Clash","Rupture"],"picked":"Wild Strike","floor":1.0},{"not_picked":["Blood for Blood","Havoc"],"picked":"Shrug It Off","floor":3.0},{"not_picked":["Entrench","Sever Soul"],"picked":"Anger","floor":4.0},{"not_picked":["Perfected Strike","Havoc"],"picked":"Corruption","floor":8.0},{"not_picked":["Carnage","Metallicize","Dual Wield"],"picked":"Singing Bowl","floor":10.0},{"not_picked":["Body Slam","Berserk"],"picked":"Sword Boomerang","floor":14.0},{"not_picked":["Bludgeon","Dark Embrace"],"picked":"Offering","floor":16.0},{"not_picked":["Cleave+1","Anger"],"picked":"Clothesline+1","floor":18.0},{"not_picked":["Clothesline","Perfected Strike"],"picked":"Cleave+1","floor":20.0},{"not_picked":["Perfected Strike","Sentinel"],"picked":"Pommel Strike+1","floor":24.0},{"not_picked":["Berserk","Clash"],"picked":"Feel No Pain","floor":27.0},{"not_picked":["Ghostly Armor+1","Metallicize"],"picked":"Shrug It Off","floor":31.0},{"not_picked":["Brutality","Exhume"],"picked":"Reaper","floor":33.0},{"not_picked":["Spot Weakness","Searing Blow","Perfected Strike"],"picked":"Singing Bowl","floor":35.0},{"not_picked":["Warcry","Havoc","Headbutt"],"picked":"Singing Bowl","floor":37.0},{"not_picked":["Whirlwind+1","Wild Strike","Pommel Strike"],"picked":"Singing Bowl","floor":39.0},{"not_picked":["Intimidate","Blood for Blood+1"],"picked":"Shrug It Off","floor":40.0},{"not_picked":["Carnage+1","Bludgeon","Dropkick"],"picked":"Singing Bowl","floor":42.0},{"not_picked":["True Grit","Second Wind+1"],"picked":"Shrug It Off","floor":44.0},{"not_picked":["Second Wind","Rampage"],"picked":"Offering","floor":46.0},{"not_picked":["Armaments","Havoc"],"picked":"Disarm+1","floor":48.0},{"not_picked":["Reckless Charge+1","Sword Boomerang+1"],"picked":"Battle Trance+1","floor":55}],"player_experience":2194303,"relics_obtained":[{"floor":8.0,"key":"Singing Bowl"},{"floor":9.0,"key":"The Courier"},{"floor":10.0,"key":"Bottled Tornado"},{"floor":13.0,"key":"Mercury Hourglass"},{"floor":14.0,"key":"MawBank"},{"floor":19.0,"key":"Shuriken"},{"floor":24.0,"key":"Shovel"},{"floor":27.0,"key":"Red Skull"},{"floor":31.0,"key":"Orichalcum"},{"floor":40.0,"key":"Turnip"},{"floor":41.0,"key":"Dead Branch"},{"floor":42.0,"key":"Art of War"},{"floor":45.0,"key":"Lantern"},{"floor":46.0,"key":"Bottled Lightning"},{"floor":48.0,"key":"Paper Frog"},{"floor":49.0,"key":"Blue Candle"},{"floor":53.0,"key":"Kunai"},{"floor":55,"key":"Anchor"}],"event_choices":[{"damage_healed":0.0,"max_hp_gain":0.0,"max_hp_loss":7.0,"gold_gain":0.0,"event_name":"Golden Idol","player_choice":"Lose Max HP","floor":2.0,"gold_loss":0.0,"damage_taken":0.0,"relics_obtained":["Golden Idol"]},{"damage_healed":0.0,"max_hp_gain":0.0,"max_hp_loss":0.0,"gold_gain":0.0,"event_name":"Liars Game","player_choice":"Ignored","floor":6.0,"gold_loss":0.0,"damage_taken":0.0},{"damage_healed":0.0,"max_hp_gain":5.0,"max_hp_loss":0.0,"gold_gain":0.0,"event_name":"Big Fish","player_choice":"Donut","floor":12.0,"gold_loss":0.0,"damage_taken":0.0},{"damage_healed":0.0,"max_hp_gain":0.0,"max_hp_loss":0.0,"gold_gain":0.0,"event_name":"Wheel of Change","player_choice":"Relic","floor":19.0,"gold_loss":0.0,"damage_taken":0.0},{"damage_healed":0.0,"max_hp_gain":0.0,"max_hp_loss":0.0,"gold_gain":0.0,"event_name":"Lab","player_choice":"Got Potions","floor":21.0,"gold_loss":0.0,"damage_taken":0.0},{"damage_healed":0.0,"max_hp_gain":0.0,"max_hp_loss":0.0,"gold_gain":0.0,"event_name":"Cursed Tome","player_choice":"Ignored","floor":30.0,"gold_loss":0.0,"damage_taken":0.0},{"damage_healed":0.0,"max_hp_gain":0.0,"max_hp_loss":0.0,"gold_gain":333.0,"event_name":"The Moai Head","player_choice":"Gave Idol","floor":38.0,"relics_lost":["Golden Idol"],"gold_loss":0.0,"damage_taken":0.0}],"is_beta":true,"boss_relics":[{"not_picked":["Busted Crown","Lizard Tail"],"picked":"Cursed Key"},{"not_picked":["Velvet Choker","Sozu"],"picked":"Fusion Hammer"}],"items_purged_floors":[5,22,36],"is_endless":false,"potions_floor_spawned":[8,14,18,24,35,42,46,48,55],"ascension_level":20}