{"gold_per_floor":[112,92,103,117,19,51,51,76,129,144,17,50,50,80,80,157,157,176,187,187,11,11,11,37,37,37,37,37,48,80,80,80,157,157,171,188,188,288,288,317,335,350,350,385,385,398,416,447,447,447,447,447,447,7,37,37],"floor_reached":57,"playtime":3150,"items_purged":["Strike_R","Strike_R"],"score":3037,"play_id":"4678ae4d-97e8-42e9-8221-83edde6af36e","local_time":"20190722025256","is_ascension_mode":true,"campfire_choices":[{"data":"Inflame","floor":13.0,"key":"SMITH"},{"data":"Armaments","floor":15.0,"key":"SMITH"},{"floor":23.0,"key":"DIG"},{"floor":25.0,"key":"DIG"},{"floor":27.0,"key":"DIG"},{"floor":32.0,"key":"DIG"},{"floor":45.0,"key":"RECALL"},{"floor":49.0,"key":"DIG"},{"floor":53.0,"key":"DIG"}],"neow_cost":"NONE","seed_source_timestamp":0,"circlet_count":0,"master_deck":["AscendersBane","Strike_R","Strike_R","Strike_R","Defend_R","Defend_R","Defend_R","Defend_R","Bash","Battle Trance","Twin Strike","Cleave+1","Inflame+1","Pummel","Combust","Anger+1","Inflame","Armaments+1","Impervious","Rupture","Ghostly","Ghostly","Ghostly","True Grit+1","Corruption","Juggernaut","Warcry+1","Power Through","Shockwave","Inflame+1","Reaper","Disarm"],"special_seed":0,"relics":["Burning Blood","NeowsBlessing","The Courier","Lantern","Anchor","Smiling Mask","Shovel","Fusion Hammer","Medical Kit","Kunai","Bag of Marbles","Pear","Ancient Tea Set","Unceasing Top","Dead Branch","Happy Flower","Black Star","StoneCalendar","Bronze Scales","Bottled Lightning","Gremlin Horn","Ice Cream","Orichalcum","Meat on the Bone","PreservedInsect","Blue Candle","Centennial Puzzle","Pen Nib","Art of War","Self Forming Clay","Whetstone"],"potions_floor_usage":[],"damage_taken":[{"damage":0.0,"enemies":"Jaw Worm","floor":1.0,"turns":1.0},{"damage":0.0,"enemies":"Cultist","floor":3.0,"turns":1.0},{"damage":0.0,"enemies":"2 Louse","floor":4.0,"turns":1.0},{"damage":32.0,"enemies":"Gremlin Nob","floor":6.0,"turns":4.0},{"damage":25.0,"enemies":"3 Sentries","floor":8.0,"turns":7.0},{"damage":3.0,"enemies":"Exordium Wildlife","floor":10.0,"turns":4.0},{"damage":2.0,"enemies":"Lagavulin","floor":12.0,"turns":4.0},{"damage":23.0,"enemies":"3 Sentries","floor":14.0,"turns":5.0},{"damage":14.0,"enemies":"Hexaghost","floor":16.0,"turns":8.0},{"damage":2.0,"enemies":"2 Thieves","floor":18.0,"turns":4.0},{"damage":22.0,"enemies":"Spheric Guardian","floor":19.0,"turns":4.0},{"damage":29.0,"enemies":"Slavers","floor":24.0,"turns":8.0},{"damage":8.0,"enemies":"Shelled Parasite and Fungi","floor":29.0,"turns":5.0},{"damage":6.0,"enemies":"Book of Stabbing","floor":30.0,"turns":5.0},{"damage":0.0,"enemies":"Collector","floor":33.0,"turns":4.0},{"damage":4.0,"enemies":"3 Darklings","floor":35.0,"turns":4.0},{"damage":0.0,"enemies":"Orb Walker","floor":36.0,"turns":2.0},{"damage":0.0,"enemies":"Mind Bloom Boss Battle","floor":38.0,"turns":5.0},{"damage":12.0,"enemies":"Nemesis","floor":40.0,"turns":5.0},{"damage":6.0,"enemies":"Jaw Worm Horde","floor":41.0,"turns":4.0},{"damage":0.0,"enemies":"4 Shapes","floor":42.0,"turns":4.0},{"damage":5.0,"enemies":"Giant Head","floor":44.0,"turns":5.0},{"damage":0.0,"enemies":"Spire Growth","floor":46.0,"turns":3.0},{"damage":28.0,"enemies":"Jaw Worm Horde","floor":47.0,"turns":4.0},{"damage":1.0,"enemies":"Nemesis","floor":48.0,"turns":3.0},{"damage":5.0,"enemies":"Time Eater","floor":50.0,"turns":12.0},{"damage":40.0,"enemies":"Awakened One","floor":51.0,"turns":8.0},{"damage":37.0,"enemies":"Shield and Spear","floor":55.0,"turns":8.0},{"damage":32,"enemies":"The Heart","floor":56,"turns":10}],"seed_played":"-4019239474738584242","potions_obtained":[{"floor":1.0,"key":"EntropicBrew"},{"floor":2.0,"key":"SpeedPotion"},{"floor":8.0,"key":"Energy Potion"},{"floor":16.0,"key":"SpeedPotion"},{"floor":24.0,"key":"Weak Potion"},{"floor":35.0,"key":"Strength Potion"},{"floor":41.0,"key":"Swift Potion"},{"floor":42.0,"key":"GamblersBrew"}],"is_trial":false,"path_per_floor":["M","?","M","M","$","E","?","E","T","M","$","E","R","E","R","B",null,"M","M","?","$","?","R","E","R","T","R","$","M","E","?","R","B",null,"M","M","?","?","?","E","M","M","T","E","R","M","M","E","R","B","B",null,"R","$","E","B",null],"character_chosen":"IRONCLAD","items_purchased":["Inflame","Fire Potion","Inflame","Medical Kit","Centennial Puzzle","Pen Nib","Art of War"],"campfire_rested":0,"item_purchase_floors":[5,5,11,21,54,54,54],"current_hp_per_floor":[74,74,75,75,75,49,54,35,35,38,38,42,42,25,25,17,64,68,52,52,52,40,40,17,27,27,27,27,25,25,25,25,31,45,47,50,47,47,47,41,41,47,47,47,47,47,25,30,30,47,27,42,42,42,38,33],"gold":37,"neow_bonus":"THREE_ENEMY_KILL","is_prod":false,"is_daily":false,"chose_seed":false,"campfire_upgraded":2,"win_rate":0,"timestamp":1563760376,"path_taken":["M","?","M","?","$","E","?","E","T","M","$","E","R","E","R","BOSS","M","M","?","$","?","R","E","R","T","R","?","?","E","?","R","BOSS","M","M","?","?","?","E","M","M","T","E","R","M","M","E","R","BOSS","BOSS","R","$","E","BOSS"],"build_version":"2019-07-18","purchased_purges":2,"victory":true,"max_hp_per_floor":[75,75,75,75,75,75,80,80,80,80,80,80,80,80,80,80,80,80,80,80,80,40,40,40,50,50,50,50,50,50,50,50,50,50,50,50,47,47,47,47,47,47,47,47,47,47,47,47,47,47,47,47,47,47,47,47],"card_choices":[{"not_picked":["Flex","Pommel Strike"],"picked":"Battle Trance","floor":1.0},{"not_picked":["Heavy Blade","Havoc"],"picked":"Twin Strike","floor":3.0},{"not_picked":["Shrug It Off","Headbutt"],"picked":"Cleave","floor":4.0},{"not_picked":["Dual Wield","True Grit"],"picked":"Pummel","floor":6.0},{"not_picked":["Flex","Ghostly Armor"],"picked":"Combust","floor":8.0},{"not_picked":["Warcry","Cleave"],"picked":"Anger","floor":10.0},{"not_picked":["Anger","Entrench","Pommel Strike"],"picked":"SKIP","floor":12.0},{"not_picked":["Pommel Strike","Twin Strike"],"picked":"Armaments","floor":14.0},{"not_picked":["Demon Form","Brutality"],"picked":"Impervious","floor":16.0},{"not_picked":["Evolve","Inflame"],"picked":"Rupture","floor":18.0},{"not_picked":["Blood for Blood","Whirlwind","Clash"],"picked":"SKIP","floor":19.0},{"not_picked":["Wild Strike","Ghostly Armor"],"picked":"True Grit+1","floor":24.0},{"not_picked":["Ghostly Armor","Iron Wave","Havoc+1"],"picked":"SKIP","floor":29.0},{"not_picked":["Reckless Charge","Flex","Perfected Strike"],"picked":"SKIP","floor":30.0},{"not_picked":["Double Tap","Berserk"],"picked":"Juggernaut","floor":33.0},{"not_picked":["Warcry","Cleave","Clash"],"picked":"SKIP","floor":35.0},{"not_picked":["Perfected Strike","Thunderclap","Searing Blow+1"],"picked":"SKIP","floor":36.0},{"not_picked":["Second Wind","Body Slam"],"picked":"Warcry+1","floor":38.0},{"not_picked":["Sever Soul","Infernal Blade","Second Wind"],"picked":"SKIP","floor":40.0},{"not_picked":["Shrug It Off","Anger"],"picked":"Power Through","floor":41.0},{"not_picked":["Wild Strike","Clash","Warcry"],"picked":"SKIP","floor":42.0},{"not_picked":["Wild Strike","Flex+1"],"picked":"Shockwave","floor":44.0},{"not_picked":["Armaments","True Grit","Spot Weakness"],"picked":"SKIP","floor":46.0},{"not_picked":["Body Slam","Anger"],"picked":"Inflame+1","floor":47.0},{"not_picked":["Flame Barrier+1","Perfected Strike+1"],"picked":"Reaper","floor":48.0},{"not_picked":["Intimidate","Infernal Blade+1"],"picked":"Disarm","floor":55.0}],"player_experience":2229255,"relics_obtained":[{"floor":6.0,"key":"The Courier"},{"floor":8.0,"key":"Lantern"},{"floor":9.0,"key":"Anchor"},{"floor":12.0,"key":"Smiling Mask"},{"floor":14.0,"key":"Shovel"},{"floor":23.0,"key":"Kunai"},{"floor":24.0,"key":"Bag of Marbles"},{"floor":25.0,"key":"Pear"},{"floor":26.0,"key":"Ancient Tea Set"},{"floor":27.0,"key":"Unceasing Top"},{"floor":30.0,"key":"Dead Branch"},{"floor":32.0,"key":"Happy Flower"},{"floor":38.0,"key":"StoneCalendar"},{"floor":40.0,"key":"Bronze Scales"},{"floor":40.0,"key":"Bottled Lightning"},{"floor":44.0,"key":"Gremlin Horn"},{"floor":44.0,"key":"Ice Cream"},{"floor":48.0,"key":"Orichalcum"},{"floor":48.0,"key":"Meat on the Bone"},{"floor":49.0,"key":"PreservedInsect"},{"floor":53.0,"key":"Blue Candle"},{"floor":55.0,"key":"Self Forming Clay"},{"floor":55.0,"key":"Whetstone"}],"event_choices":[{"damage_healed":0.0,"max_hp_gain":0.0,"max_hp_loss":0.0,"gold_gain":0.0,"event_name":"The Woman in Blue","player_choice":"Bought 1 Potion","floor":2.0,"gold_loss":0.0,"damage_taken":0.0},{"damage_healed":0.0,"max_hp_gain":5.0,"max_hp_loss":0.0,"gold_gain":0.0,"event_name":"Big Fish","player_choice":"Donut","floor":7.0,"gold_loss":0.0,"damage_taken":0.0},{"damage_healed":0.0,"max_hp_gain":0.0,"max_hp_loss":0.0,"gold_gain":0.0,"event_name":"Beggar","player_choice":"Ignored","floor":20.0,"gold_loss":0.0,"damage_taken":0.0},{"damage_healed":0.0,"max_hp_gain":0.0,"max_hp_loss":40.0,"gold_gain":0.0,"event_name":"Ghosts","player_choice":"Became a Ghost","floor":22.0,"gold_loss":0.0,"damage_taken":0.0,"cards_obtained":["Ghostly","Ghostly","Ghostly"]},{"damage_healed":0.0,"max_hp_gain":0.0,"max_hp_loss":0.0,"gold_gain":0.0,"event_name":"The Library","player_choice":"Read","floor":31.0,"gold_loss":0.0,"damage_taken":0.0,"cards_obtained":["Corruption"]},{"damage_healed":0.0,"max_hp_gain":0.0,"max_hp_loss":3.0,"gold_gain":0.0,"event_name":"Winding Halls","player_choice":"Max HP","floor":37.0,"gold_loss":0.0,"damage_taken":0.0},{"damage_healed":0.0,"max_hp_gain":0.0,"max_hp_loss":0.0,"gold_gain":0.0,"event_name":"MindBloom","player_choice":"Fight","floor":38.0,"gold_loss":0.0,"damage_taken":0.0},{"damage_healed":0.0,"max_hp_gain":0.0,"max_hp_loss":0.0,"gold_gain":0.0,"event_name":"Tomb of Lord Red Mask","player_choice":"Ignored","floor":39.0,"gold_loss":0.0,"damage_taken":0.0}],"is_beta":true,"boss_relics":[{"not_picked":["Tiny House","Cursed Key"],"picked":"Fusion Hammer"},{"not_picked":["Coffee Dripper","Runic Dome"],"picked":"Black Star"}],"items_purged_floors":[11,54],"is_endless":false,"potions_floor_spawned":[1,4,8,16,24,35,41,42,46],"ascension_level":20}