{"gold_per_floor":[360,376,69,69,83,83,108,128,128,128,141,141,141,171,171,249,249,265,33,33,50,61,61,61],"floor_reached":24,"playtime":959,"items_purged":["Strike_G"],"score":462,"play_id":"3a603439-9093-430a-b99f-2e6e386e0f7b","local_time":"20190719172901","is_ascension_mode":true,"campfire_choices":[{"data":"Dash","floor":6,"key":"SMITH"},{"data":"Predator","floor":10,"key":"SMITH"},{"data":"All Out Attack","floor":13,"key":"SMITH"},{"floor":15,"key":"REST"},{"floor":23,"key":"REST"}],"neow_cost":"TEN_PERCENT_HP_LOSS","seed_source_timestamp":264999343957746,"circlet_count":0,"master_deck":["AscendersBane","Strike_G+1","Strike_G","Strike_G","Strike_G+1","Defend_G","Defend_G","Defend_G","Defend_G","Defend_G","Survivor","Neutralize","Dash+1","Footwork","Footwork","Well Laid Plans","Predator+1","All Out Attack+1","Caltrops","After Image","Deadly Poison","Backflip"],"relics":["Ring of the Snake","Sling","Blue Candle","The Specimen","Ginger","Whetstone","Velvet Choker","Vajra"],"potions_floor_usage":[7,14,16],"damage_taken":[{"damage":1,"enemies":"Cultist","floor":1,"turns":5},{"damage":0,"enemies":"Small Slimes","floor":2,"turns":4},{"damage":0,"enemies":"2 Louse","floor":5,"turns":3},{"damage":20,"enemies":"3 Sentries","floor":7,"turns":10},{"damage":0,"enemies":"Looter","floor":8,"turns":5},{"damage":17,"enemies":"Exordium Thugs","floor":11,"turns":7},{"damage":0,"enemies":"Lagavulin","floor":14,"turns":7},{"damage":12,"enemies":"Slime Boss","floor":16,"turns":10},{"damage":0,"enemies":"Spheric Guardian","floor":18,"turns":6},{"damage":31,"enemies":"Chosen","floor":21,"turns":6},{"damage":11,"enemies":"Snecko","floor":22,"turns":6},{"damage":25,"enemies":"Slavers","floor":24,"turns":2}],"seed_played":"4561025384439662686","potions_obtained":[{"floor":2,"key":"SteroidPotion"},{"floor":7,"key":"Fire Potion"},{"floor":18,"key":"LiquidBronze"}],"is_trial":false,"path_per_floor":["M","M","$","?","M","R","E","M","T","R","M","?","R","E","R","B",null,"M","$","?","M","M","R","E"],"character_chosen":"THE_SILENT","items_purchased":["GhostInAJar","Sling","Vajra"],"campfire_rested":2,"item_purchase_floors":[3,3,19],"current_hp_per_floor":[58,58,58,47,47,47,27,27,27,27,10,10,10,10,28,16,49,49,49,49,18,7,25,0],"gold":61,"neow_bonus":"TWO_FIFTY_GOLD","is_prod":false,"is_daily":false,"chose_seed":false,"campfire_upgraded":3,"win_rate":0,"timestamp":1563553741,"path_taken":["M","M","$","?","M","R","E","M","T","R","M","?","R","E","R","BOSS","M","$","?","M","M","R","E"],"build_version":"2019-07-18","purchased_purges":1,"victory":false,"max_hp_per_floor":[60,60,60,60,60,60,60,60,60,60,60,60,60,60,60,60,60,60,60,60,60,60,60,60],"card_choices":[{"not_picked":["Bane","Heel Hook"],"picked":"Dash","floor":1},{"not_picked":["Flying Knee","Infinite Blades"],"picked":"Footwork","floor":2},{"not_picked":["Eviscerate","Underhanded Strike"],"picked":"Footwork","floor":5},{"not_picked":["Cloak And Dagger","Outmaneuver"],"picked":"Well Laid Plans","floor":7},{"not_picked":["Backflip","Dagger Throw"],"picked":"Predator","floor":8},{"not_picked":["Prepared","Quick Slash"],"picked":"All Out Attack","floor":11},{"not_picked":["Poisoned Stab","Endless Agony"],"picked":"Caltrops","floor":14},{"not_picked":["Tools of the Trade","Envenom"],"picked":"After Image","floor":16},{"not_picked":["Poisoned Stab","Acrobatics","Outmaneuver"],"picked":"SKIP","floor":18},{"not_picked":["Dagger Spray","Die Die Die"],"picked":"Deadly Poison","floor":21},{"not_picked":["Quick Slash","Escape Plan"],"picked":"Backflip","floor":22}],"player_experience":2222479,"relics_obtained":[{"floor":7,"key":"The Specimen"},{"floor":9,"key":"Ginger"},{"floor":14,"key":"Whetstone"}],"event_choices":[{"damage_healed":0,"gold_gain":0,"player_choice":"Success","damage_taken":11,"relics_obtained":["Blue Candle"],"max_hp_gain":0,"max_hp_loss":0,"event_name":"Scrap Ooze","floor":4,"gold_loss":0},{"damage_healed":0,"gold_gain":0,"player_choice":"Ignored","damage_taken":0,"max_hp_gain":0,"max_hp_loss":0,"event_name":"Liars Game","floor":12,"gold_loss":0},{"damage_healed":0,"gold_gain":0,"player_choice":"Ignored","damage_taken":0,"max_hp_gain":0,"max_hp_loss":0,"event_name":"Vampires","floor":20,"gold_loss":0}],"is_beta":true,"boss_relics":[{"not_picked":["Tiny House","WristBlade"],"picked":"Velvet Choker"}],"items_purged_floors":[19],"is_endless":false,"potions_floor_spawned":[2,7,8,18],"killed_by":"Slavers","ascension_level":20}