{"gold_per_floor":[214,214,289,308,325,353,353,407,407,407,438,101,128,142,142,242,242,252,262,281,281,78,78,91,91,91,91,108,108,123,157,157,157],"floor_reached":33,"playtime":4457,"items_purged":["Strike_B"],"score":355,"play_id":"8694368e-4719-4f11-8e92-8e50ba6542fd","local_time":"20190823160601","is_ascension_mode":true,"campfire_choices":[{"floor":7,"key":"REST"},{"floor":15,"key":"REST"},{"floor":23,"key":"REST"},{"data":"Undo","floor":27,"key":"SMITH"},{"floor":29,"key":"REST"},{"data":"Echo Form","floor":32,"key":"SMITH"}],"neow_cost":"NONE","seed_source_timestamp":12903240594614,"circlet_count":0,"master_deck":["Defend_B","Defend_B","Zap","Dualcast","Streamline","Consume","Glacier","Undo+1","Storm","Hologram","Cold Snap","Echo Form+1","Self Repair+1","Scrape+1","Multi-Cast+1","Skim+1","Cold Snap","Bite","Bite","Bite","Bite","Bite","Hologram","Heatsinks+1","Turbo+1"],"relics":["Cracked Core","Dream Catcher","Bag of Marbles","Cables","Incense Burner","Singing Bowl","Anchor","Astrolabe","ClockworkSouvenir","Kunai","Toxic Egg 2"],"potions_floor_usage":[5,6,10,14,28,33],"damage_taken":[{"damage":2,"enemies":"Jaw Worm","floor":1,"turns":4},{"damage":4,"enemies":"Small Slimes","floor":4,"turns":3},{"damage":0,"enemies":"2 Louse","floor":5,"turns":3},{"damage":35,"enemies":"3 Sentries","floor":6,"turns":7},{"damage":0,"enemies":"Exordium Wildlife","floor":10,"turns":1},{"damage":13,"enemies":"Lagavulin","floor":11,"turns":10},{"damage":3,"enemies":"3 Sentries","floor":13,"turns":17},{"damage":6,"enemies":"Exordium Thugs","floor":14,"turns":7},{"damage":21,"enemies":"The Guardian","floor":16,"turns":13},{"damage":13,"enemies":"Chosen","floor":18,"turns":5},{"damage":42,"enemies":"3 Byrds","floor":19,"turns":9},{"damage":20,"enemies":"Snake Plant","floor":20,"turns":5},{"damage":44,"enemies":"Centurion and Healer","floor":24,"turns":9},{"damage":48,"enemies":"3 Cultists","floor":28,"turns":8},{"damage":5,"enemies":"Snecko","floor":30,"turns":6},{"damage":43,"enemies":"Slavers","floor":31,"turns":9},{"damage":65,"enemies":"Automaton","floor":33,"turns":10}],"seed_played":"4906307317196620744","potions_obtained":[{"floor":1,"key":"Energy Potion"},{"floor":4,"key":"Block Potion"},{"floor":5,"key":"SmokeBomb"},{"floor":13,"key":"SpeedPotion"},{"floor":24,"key":"Weak Potion"},{"floor":31,"key":"Block Potion"}],"is_trial":false,"path_per_floor":["M","?","?","M","M","E","R","?","T","M","E","$","E","M","R","B",null,"M","M","M","?","$","R","M","?","T","R","M","R","M","E","R","B"],"character_chosen":"DEFECT","items_purchased":["Singing Bowl","ClockworkSouvenir"],"campfire_rested":4,"item_purchase_floors":[12,22],"current_hp_per_floor":[73,66,55,51,51,16,38,38,38,38,25,25,22,16,38,17,75,74,42,22,22,22,39,33,33,33,33,21,40,43,42,42,0],"gold":157,"neow_bonus":"HUNDRED_GOLD","is_prod":false,"is_daily":false,"chose_seed":false,"campfire_upgraded":2,"win_rate":0,"timestamp":1566601561,"path_taken":["M","?","?","M","M","E","R","?","T","?","E","$","E","M","R","BOSS","M","M","M","?","$","R","M","?","T","R","M","R","M","E","R","BOSS"],"build_version":"2019-07-17","purchased_purges":1,"victory":false,"max_hp_per_floor":[75,75,75,75,75,75,75,75,75,75,75,75,75,75,75,75,75,77,77,77,53,53,55,55,55,55,55,57,59,59,59,59,59],"card_choices":[{"not_picked":["Force Field","Leap"],"picked":"Streamline","floor":1},{"not_picked":["Beam Cell","Fusion","Conserve Battery"],"picked":"SKIP","floor":4},{"not_picked":["BootSequence","Ball Lightning"],"picked":"Consume","floor":5},{"not_picked":["Gash","Turbo"],"picked":"Glacier","floor":6},{"not_picked":["Barrage","Melter"],"picked":"Undo","floor":7},{"not_picked":["Hyperbeam","Fusion","Steam"],"picked":"SKIP","floor":11},{"not_picked":["Go for the Eyes","Machine Learning"],"picked":"Storm","floor":13},{"not_picked":["Stack","Steam"],"picked":"Hologram","floor":14},{"not_picked":["Conserve Battery","Streamline"],"picked":"Cold Snap","floor":15},{"not_picked":["Machine Learning","Thunder Strike"],"picked":"Echo Form","floor":16},{"not_picked":["Reprogram","Sweeping Beam+1","Streamline"],"picked":"Singing Bowl","floor":18},{"not_picked":["Aggregate+1","Ball Lightning+1"],"picked":"Skim+1","floor":19},{"not_picked":["Sunder","Redo"],"picked":"Cold Snap","floor":20},{"not_picked":["Reboot","Conserve Battery+1","Steam"],"picked":"Singing Bowl","floor":23},{"not_picked":["Recycle+1","Cold Snap"],"picked":"Hologram","floor":24},{"not_picked":["Barrage+1","Beam Cell+1","Steam"],"picked":"Singing Bowl","floor":28},{"not_picked":["Sweeping Beam","Hyperbeam","Auto Shields"],"picked":"Singing Bowl","floor":29},{"not_picked":["Steam","Beam Cell"],"picked":"Heatsinks+1","floor":30},{"not_picked":["Redo","Melter"],"picked":"Turbo","floor":31}],"player_experience":197845,"relics_obtained":[{"floor":6,"key":"Bag of Marbles"},{"floor":9,"key":"Cables"},{"floor":11,"key":"Incense Burner"},{"floor":13,"key":"Anchor"},{"floor":26,"key":"Kunai"},{"floor":31,"key":"Toxic Egg 2"}],"event_choices":[{"damage_healed":0,"gold_gain":0,"player_choice":"Success","damage_taken":7,"relics_obtained":["Dream Catcher"],"max_hp_gain":0,"max_hp_loss":0,"event_name":"Scrap Ooze","floor":2,"gold_loss":0},{"damage_healed":0,"gold_gain":75,"player_choice":"Gather Gold","damage_taken":11,"max_hp_gain":0,"max_hp_loss":0,"event_name":"World of Goop","floor":3,"gold_loss":0},{"damage_healed":0,"gold_gain":54,"player_choice":"Gained Gold","damage_taken":0,"max_hp_gain":0,"max_hp_loss":0,"event_name":"Golden Wing","floor":8,"gold_loss":0},{"damage_healed":0,"gold_gain":0,"player_choice":"Became a vampire","damage_taken":0,"max_hp_gain":0,"max_hp_loss":24,"event_name":"Vampires","floor":21,"gold_loss":0,"cards_obtained":["Bite","Bite","Bite","Bite","Bite"]},{"damage_healed":0,"gold_gain":0,"player_choice":"Ignored","damage_taken":0,"max_hp_gain":0,"max_hp_loss":0,"event_name":"Ghosts","floor":25,"gold_loss":0}],"is_beta":false,"boss_relics":[{"not_picked":["Pandora\u0027s Box","Cursed Key"],"picked":"Astrolabe"}],"items_purged_floors":[12],"is_endless":false,"potions_floor_spawned":[1,4,5,13,24,31],"killed_by":"Automaton","ascension_level":3}