{"gold_per_floor":[118,129,2,21,21,54,54,54,78,107,127,127,137,137,137,211,211,228,240,253,30,30,30,62,62],"floor_reached":25,"playtime":1080,"items_purged":[],"score":462,"play_id":"4858f98c-ac07-4975-92cb-08996db72720","local_time":"20181230213526","is_ascension_mode":true,"campfire_choices":[{"floor":7.0,"key":"REST"},{"data":"Go for the Eyes","floor":12.0,"key":"SMITH"},{"data":"Sweeping Beam","floor":15.0,"key":"SMITH"},{"data":"Rainbow","floor":23,"key":"SMITH"}],"neow_cost":"NONE","seed_source_timestamp":0,"circlet_count":0,"master_deck":["AscendersBane","Strike_B","Strike_B","Defend_B","Defend_B","Defend_B","Defend_B","Zap+1","Dualcast","Compile Driver+1","Reinforced Body","Go for the Eyes+1","Loop+1","Cold Snap","Sweeping Beam+1","Sweeping Beam+1","Conserve Battery","Rainbow+1","Conserve Battery+1","BootSequence+1","Fission"],"special_seed":0,"relics":["Cracked Core","Whetstone","Centennial Puzzle","Pen Nib","Runic Dome","Chemical X","Anchor"],"potions_floor_usage":[],"damage_taken":[{"damage":1.0,"enemies":"Cultist","floor":1.0,"turns":3.0},{"damage":4.0,"enemies":"2 Louse","floor":2.0,"turns":3.0},{"damage":18.0,"enemies":"Small Slimes","floor":4.0,"turns":3.0},{"damage":30.0,"enemies":"Gremlin Nob","floor":6.0,"turns":5.0},{"damage":19.0,"enemies":"3 Sentries","floor":10.0,"turns":7.0},{"damage":0.0,"enemies":"Blue Slaver","floor":11.0,"turns":3.0},{"damage":2.0,"enemies":"Large Slime","floor":13.0,"turns":3.0},{"damage":15.0,"enemies":"The Guardian","floor":16.0,"turns":11.0},{"damage":15,"enemies":"Shell Parasite","floor":18,"turns":5},{"damage":0,"enemies":"Chosen","floor":19,"turns":4},{"damage":2,"enemies":"Centurion and Healer","floor":20,"turns":5},{"damage":22,"enemies":"Slavers","floor":24,"turns":5},{"damage":17,"enemies":"Cultist and Chosen","floor":25,"turns":3}],"seed_played":"6920772018988426733","potions_obtained":[{"floor":2.0,"key":"Block Potion"},{"floor":4.0,"key":"AttackPotion"},{"floor":10.0,"key":"Dexterity Potion"},{"floor":13.0,"key":"Regen Potion"}],"is_trial":false,"path_per_floor":["M","M","$","M","?","E","R","?","T","E","M","R","M","?","R","B","M","M","M","$","$","R","E","M"],"character_chosen":"DEFECT","items_purchased":["Go for the Eyes","Loop","Chemical X"],"campfire_rested":1,"item_purchase_floors":[3,3,21],"current_hp_per_floor":[63,59,59,41,41,11,32,32,32,13,13,13,11,11,11,11,56,41,41,39,39,39,39,17,0],"gold":62,"neow_bonus":"REMOVE_CARD","is_prod":false,"is_daily":false,"chose_seed":false,"campfire_upgraded":3,"win_rate":0,"timestamp":1546205726,"path_taken":["M","M","$","M","?","E","R","?","T","E","M","R","?","?","R","BOSS","M","M","M","?","$","R","E","M"],"build_version":"2018-12-25","purchased_purges":0,"victory":false,"max_hp_per_floor":[71,71,71,71,71,71,71,71,71,71,71,71,71,71,71,71,71,71,71,71,71,71,71,71,71],"card_choices":[{"not_picked":["Beam Cell","Redo"],"picked":"Compile Driver","floor":1.0},{"not_picked":["Stack","Barrage"],"picked":"Reinforced Body","floor":2.0},{"not_picked":["Force Field","Steam"],"picked":"Cold Snap","floor":4.0},{"not_picked":["Rebound","Hello World"],"picked":"Sweeping Beam","floor":6.0},{"not_picked":["Redo","Storm","Stack"],"picked":"SKIP","floor":10.0},{"not_picked":["Scrape","Hologram"],"picked":"Sweeping Beam","floor":11.0},{"not_picked":["Undo","Force Field"],"picked":"Conserve Battery","floor":13.0},{"not_picked":["Reboot","Buffer"],"picked":"Rainbow","floor":16.0},{"not_picked":["Reprogram","Darkness"],"picked":"Conserve Battery+1","floor":18},{"not_picked":["Heatsinks","Cold Snap","Undo"],"picked":"SKIP","floor":19},{"not_picked":["Coolheaded","Loop"],"picked":"BootSequence+1","floor":20},{"not_picked":["Sweeping Beam","Barrage+1"],"picked":"Fission","floor":24}],"player_experience":1721809,"relics_obtained":[{"floor":6.0,"key":"Whetstone"},{"floor":9.0,"key":"Centennial Puzzle"},{"floor":10.0,"key":"Pen Nib"},{"floor":24,"key":"Anchor"}],"event_choices":[{"damage_healed":0.0,"max_hp_gain":0.0,"max_hp_loss":0.0,"gold_gain":0.0,"event_name":"Living Wall","player_choice":"Grow","floor":5.0,"gold_loss":0.0,"damage_taken":0.0,"cards_upgraded":["Zap"]},{"damage_healed":0.0,"max_hp_gain":0.0,"max_hp_loss":0.0,"gold_gain":0.0,"event_name":"Upgrade Shrine","player_choice":"Upgraded","floor":8.0,"gold_loss":0.0,"damage_taken":0.0,"cards_upgraded":["Loop"]},{"cards_removed":["Strike_B"],"damage_healed":0.0,"max_hp_gain":0.0,"max_hp_loss":0.0,"gold_gain":0.0,"event_name":"Bonfire Elementals","player_choice":"Offered Basic","floor":14.0,"gold_loss":0.0,"damage_taken":0.0}],"is_beta":true,"boss_relics":[{"not_picked":["Tiny House","Coffee Dripper"],"picked":"Runic Dome"}],"items_purged_floors":[],"is_endless":false,"potions_floor_spawned":[2,4,10,13],"killed_by":"Cultist and Chosen","ascension_level":20}