{"gold_per_floor":[110,285,385,67,80,105,121,121,121,196,196,213,213],"floor_reached":13,"playtime":342,"items_purged":["Doubt"],"score":104,"play_id":"77011ff3-99dc-4157-b2b8-284b0a0a307c","local_time":"20190710211758","is_ascension_mode":true,"campfire_choices":[{"data":"Pommel Strike","floor":8,"key":"SMITH"}],"neow_cost":"NONE","seed_source_timestamp":27624499302400,"circlet_count":0,"master_deck":["Strike_R","Strike_R","Strike_R","Strike_R","Strike_R","Defend_R","Defend_R","Defend_R","Defend_R","Bash","Twin Strike","Brutality+1","Pommel Strike+1"],"relics":["Burning Blood","Centennial Puzzle","Frozen Egg 2","Incense Burner","Mango","Boot"],"potions_floor_usage":[],"damage_taken":[{"damage":4,"enemies":"2 Louse","floor":1,"turns":3},{"damage":2,"enemies":"Jaw Worm","floor":5,"turns":3},{"damage":45,"enemies":"3 Sentries","floor":6,"turns":8},{"damage":1,"enemies":"Cultist","floor":7,"turns":3},{"damage":7,"enemies":"Looter","floor":12,"turns":3},{"damage":36,"enemies":"Lagavulin","floor":13,"turns":7}],"seed_played":"-5019390001317661932","potions_obtained":[],"is_trial":false,"path_per_floor":["M","?","?","$","M","E","M","R","T","?","?","M","E"],"character_chosen":"IRONCLAD","items_purchased":["Frozen Egg 2"],"campfire_rested":0,"item_purchase_floors":[4],"current_hp_per_floor":[80,80,80,80,80,41,46,46,60,49,37,36,0],"gold":213,"neow_bonus":"RANDOM_COMMON_RELIC","is_prod":false,"is_daily":false,"chose_seed":false,"campfire_upgraded":1,"win_rate":0,"timestamp":1562761078,"path_taken":["M","?","?","$","M","E","?","R","T","?","?","M","E"],"build_version":"2019-07-05","purchased_purges":1,"victory":false,"max_hp_per_floor":[80,80,80,80,80,80,80,80,94,94,94,94,94],"card_choices":[{"not_picked":["Armaments","Body Slam"],"picked":"Twin Strike","floor":1},{"not_picked":["Intimidate","Heavy Blade","Clothesline"],"picked":"SKIP","floor":5},{"not_picked":["Perfected Strike","Reaper"],"picked":"Brutality+1","floor":6},{"not_picked":["Spot Weakness","Thunderclap"],"picked":"Pommel Strike","floor":7},{"not_picked":["Sever Soul","Feel No Pain+1","Flex"],"picked":"SKIP","floor":12}],"player_experience":114274,"relics_obtained":[{"floor":6,"key":"Incense Burner"},{"floor":9,"key":"Mango"}],"event_choices":[{"damage_healed":0,"gold_gain":175,"player_choice":"AGREE","damage_taken":0,"max_hp_gain":0,"max_hp_loss":0,"event_name":"Liars Game","floor":2,"gold_loss":0,"cards_obtained":["Doubt"]},{"damage_healed":0,"gold_gain":100,"player_choice":"Pray","damage_taken":0,"max_hp_gain":0,"max_hp_loss":0,"event_name":"Golden Shrine","floor":3,"gold_loss":0},{"damage_healed":0,"gold_gain":75,"player_choice":"Gather Gold","damage_taken":11,"max_hp_gain":0,"max_hp_loss":0,"event_name":"World of Goop","floor":10,"gold_loss":0},{"damage_healed":0,"gold_gain":0,"player_choice":"Success","damage_taken":12,"relics_obtained":["Boot"],"max_hp_gain":0,"max_hp_loss":0,"event_name":"Scrap Ooze","floor":11,"gold_loss":0}],"is_beta":false,"boss_relics":[],"items_purged_floors":[4],"is_endless":false,"potions_floor_spawned":[],"killed_by":"Lagavulin","ascension_level":5}