{"gold_per_floor":[115,128,128,128,142,142,154,188,188,222,222,222,258,258,258,354,354,369,369,9,34,34,34,34],"floor_reached":24,"playtime":1076,"items_purged":["Strike_B"],"score":474,"play_id":"908ab5c8-f6f2-43ab-b113-72b46f3895af","local_time":"20181201215535","is_ascension_mode":true,"campfire_choices":[{"data":"Hyperbeam","floor":6.0,"key":"SMITH"},{"data":"Self Repair","floor":12.0,"key":"SMITH"},{"data":"Ball Lightning","floor":15.0,"key":"SMITH"},{"data":"Defragment","floor":23,"key":"SMITH"}],"neow_cost":"NONE","seed_source_timestamp":0,"circlet_count":0,"master_deck":["AscendersBane","Strike_B","Strike_B","Defend_B","Defend_B","Defend_B","Defend_B","Zap+1","Dualcast","Ball Lightning+1","Self Repair+1","Hyperbeam+1","Compile Driver","Cold Snap","All For One","Coolheaded+1","Steam+1","Defragment+1","Undo+1","Darkness+1","Steam+1","Electrodynamics","Hologram+1","Coolheaded+1"],"special_seed":0,"relics":["Cracked Core","Anchor","Pear","Toxic Egg 2","Gremlin Horn","Golden Idol","Matryoshka","Toy Ornithopter","Nloth\u0027s Gift"],"potions_floor_usage":[24,24],"damage_taken":[{"damage":11.0,"enemies":"Small Slimes","floor":1.0,"turns":5.0},{"damage":0.0,"enemies":"2 Louse","floor":2.0,"turns":2.0},{"damage":1.0,"enemies":"Cultist","floor":5.0,"turns":3.0},{"damage":7.0,"enemies":"Large Slime","floor":7.0,"turns":6.0},{"damage":12.0,"enemies":"Lagavulin","floor":8.0,"turns":7.0},{"damage":8.0,"enemies":"Gremlin Nob","floor":10.0,"turns":3.0},{"damage":0.0,"enemies":"3 Sentries","floor":13.0,"turns":2.0},{"damage":33.0,"enemies":"The Guardian","floor":16.0,"turns":12.0},{"damage":41,"enemies":"Chosen","floor":18,"turns":6},{"damage":1,"enemies":"Spheric Guardian","floor":21,"turns":4},{"damage":61,"enemies":"Book of Stabbing","floor":24,"turns":5}],"seed_played":"1426196924942527875","potions_obtained":[{"floor":2.0,"key":"Weak Potion"},{"floor":5.0,"key":"SkillPotion"},{"floor":13.0,"key":"SteroidPotion"},{"floor":16.0,"key":"FearPotion"}],"is_trial":false,"path_per_floor":["M","M","?","?","M","R","M","E","T","E","?","R","E","?","R","B",null,"M","?","$","M","?","R","E"],"character_chosen":"DEFECT","items_purchased":["Toy Ornithopter","Hologram+1"],"campfire_rested":0,"item_purchase_floors":[20,20],"current_hp_per_floor":[53,53,53,53,59,59,59,64,64,63,63,63,73,78,78,55,72,41,41,41,50,50,50,0],"gold":34,"neow_bonus":"RANDOM_COMMON_RELIC","is_prod":false,"is_daily":false,"chose_seed":false,"campfire_upgraded":4,"win_rate":0,"timestamp":1543701335,"path_taken":["M","M","?","?","M","R","?","E","T","E","?","R","E","?","R","BOSS","M","?","$","M","?","R","E"],"build_version":"2018-11-15","purchased_purges":1,"victory":false,"max_hp_per_floor":[71,71,71,71,71,71,71,81,81,81,73,73,73,78,78,78,78,78,78,78,78,78,78,78],"card_choices":[{"not_picked":["Hologram","Reprogram"],"picked":"Ball Lightning","floor":1.0},{"not_picked":["Rebound","Beam Cell"],"picked":"Self Repair","floor":2.0},{"not_picked":["Turbo","Conserve Battery"],"picked":"Hyperbeam","floor":5.0},{"not_picked":["Steam","Tempest"],"picked":"Compile Driver","floor":7.0},{"not_picked":["Sunder","Capacitor"],"picked":"Cold Snap","floor":8.0},{"not_picked":["Lockon","Rebound","Beam Cell"],"picked":"SKIP","floor":10.0},{"not_picked":["Beam Cell","Double Energy+1","Barrage"],"picked":"SKIP","floor":13.0},{"not_picked":["Thunder Strike","Rainbow+1"],"picked":"All For One","floor":16.0},{"not_picked":["Undo+1","Sweeping Beam"],"picked":"Coolheaded+1","floor":17},{"not_picked":["Melter","Chaos+1"],"picked":"Steam+1","floor":17},{"not_picked":["Ball Lightning","Lockon"],"picked":"Defragment","floor":17},{"not_picked":["Tempest+1","Chill+1"],"picked":"Undo+1","floor":17},{"not_picked":["Streamline","Undo+1"],"picked":"Darkness+1","floor":17},{"not_picked":["Doom and Gloom","Skim+1"],"picked":"Steam+1","floor":18},{"not_picked":["Force Field+1","Turbo+1"],"picked":"Coolheaded+1","floor":21}],"player_experience":1675139,"relics_obtained":[{"floor":8.0,"key":"Pear"},{"floor":9.0,"key":"Toxic Egg 2"},{"floor":10.0,"key":"Gremlin Horn"},{"floor":13.0,"key":"Matryoshka"}],"event_choices":[{"damage_healed":0.0,"max_hp_gain":0.0,"max_hp_loss":0.0,"gold_gain":0.0,"event_name":"Living Wall","player_choice":"Grow","floor":3.0,"gold_loss":0.0,"damage_taken":0.0,"cards_upgraded":["Zap"]},{"cards_removed":["Strike_B"],"damage_healed":0.0,"max_hp_gain":0.0,"max_hp_loss":0.0,"gold_gain":0.0,"event_name":"Bonfire Elementals","player_choice":"Offered Basic","floor":4.0,"gold_loss":0.0,"damage_taken":0.0},{"damage_healed":0.0,"max_hp_gain":0.0,"max_hp_loss":8.0,"gold_gain":0.0,"event_name":"Golden Idol","player_choice":"Lose Max HP","floor":11.0,"gold_loss":0.0,"damage_taken":0.0,"relics_obtained":["Golden Idol"]},{"damage_healed":0.0,"max_hp_gain":5.0,"max_hp_loss":0.0,"gold_gain":0.0,"event_name":"Big Fish","player_choice":"Donut","floor":14.0,"gold_loss":0.0,"damage_taken":0.0},{"damage_healed":0,"gold_gain":0,"player_choice":"Read","damage_taken":0,"max_hp_gain":0,"max_hp_loss":0,"event_name":"The Library","floor":19,"gold_loss":0,"cards_obtained":["Electrodynamics"]},{"damage_healed":0,"gold_gain":0,"player_choice":"Traded Relic","damage_taken":0,"relics_obtained":["Nloth\u0027s Gift"],"max_hp_gain":0,"max_hp_loss":0,"event_name":"N\u0027loth","floor":22,"relics_lost":["Orrery"],"gold_loss":0}],"is_beta":true,"boss_relics":[{"not_picked":["Busted Crown","Fusion Hammer"],"picked":"Orrery"}],"items_purged_floors":[20],"is_endless":false,"potions_floor_spawned":[2,5,7,13,16,21],"killed_by":"Book of Stabbing","ascension_level":20}