{"gold_per_floor":[363,210,210,223,242,242,271,271,294,309,309,309,309,342,342,420,420,437,453,433,433],"floor_reached":21,"playtime":704,"items_purged":["Strike_R"],"score":374,"play_id":"89114214-61ca-4e49-a863-f64863c33308","local_time":"20190615185857","is_ascension_mode":true,"campfire_choices":[{"data":"Inflame","floor":6.0,"key":"SMITH"},{"data":"Bash","floor":8.0,"key":"SMITH"},{"data":"Inflame","floor":13.0,"key":"SMITH"},{"data":"Disarm","floor":15.0,"key":"SMITH"}],"neow_cost":"TEN_PERCENT_HP_LOSS","seed_source_timestamp":370616254489274,"circlet_count":0,"master_deck":["AscendersBane","Strike_R","Strike_R","Strike_R","Strike_R","Defend_R","Defend_R","Defend_R","Defend_R","Bash+1","Disarm+1","Inflame+1","Headbutt","Clothesline","Inflame+1","Corruption","Limit Break+1","Sword Boomerang+1","True Grit+1"],"special_seed":0,"relics":["Burning Blood","Centennial Puzzle","Pen Nib","Vajra","Toxic Egg 2","Black Star"],"potions_floor_usage":[18,21],"damage_taken":[{"damage":4.0,"enemies":"2 Louse","floor":1.0,"turns":4.0},{"damage":6.0,"enemies":"Cultist","floor":4.0,"turns":3.0},{"damage":12.0,"enemies":"Jaw Worm","floor":5.0,"turns":4.0},{"damage":26.0,"enemies":"Lagavulin","floor":7.0,"turns":7.0},{"damage":5.0,"enemies":"Gremlin Gang","floor":10.0,"turns":4.0},{"damage":32.0,"enemies":"Gremlin Nob","floor":14.0,"turns":4.0},{"damage":13.0,"enemies":"The Guardian","floor":16.0,"turns":14.0},{"damage":31,"enemies":"3 Byrds","floor":18,"turns":7},{"damage":29,"enemies":"2 Thieves","floor":19,"turns":4},{"damage":9,"enemies":"Snake Plant","floor":21,"turns":1}],"seed_played":"7781054222290974387","potions_obtained":[{"floor":7.0,"key":"Explosive Potion"},{"floor":10.0,"key":"Block Potion"},{"floor":18,"key":"AttackPotion"},{"floor":20,"key":"Weak Potion"}],"is_trial":false,"path_per_floor":["M","$","?","M","M","R","E","R","T","M","?","?","R","E","R","B",null,"M","M","?","M"],"character_chosen":"IRONCLAD","items_purchased":["Inflame"],"campfire_rested":0,"item_purchase_floors":[2],"current_hp_per_floor":[68,68,68,68,62,62,42,42,42,43,38,43,43,17,17,10,57,32,9,9,0],"gold":433,"neow_bonus":"TWO_FIFTY_GOLD","is_prod":false,"is_daily":false,"chose_seed":false,"campfire_upgraded":4,"win_rate":0,"timestamp":1560621537,"path_taken":["M","$","?","M","M","R","E","R","T","M","?","?","R","E","R","BOSS","M","M","?","M"],"build_version":"2019-06-13","purchased_purges":1,"victory":false,"max_hp_per_floor":[68,68,68,68,68,68,68,68,68,68,68,73,73,73,73,73,73,73,73,73,73],"card_choices":[{"not_picked":["Havoc","Rage"],"picked":"Disarm","floor":1.0},{"not_picked":["Flex","Havoc"],"picked":"Headbutt","floor":4.0},{"not_picked":["Cleave","Armaments"],"picked":"Clothesline","floor":5.0},{"not_picked":["Ghostly Armor","Heavy Blade"],"picked":"Inflame","floor":7.0},{"not_picked":["Infernal Blade","Cleave"],"picked":"Corruption","floor":10.0},{"not_picked":["Carnage","Clothesline","Body Slam"],"picked":"SKIP","floor":14.0},{"not_picked":["Juggernaut","Demon Form"],"picked":"Limit Break+1","floor":16.0},{"not_picked":["Intimidate+1","Blood for Blood"],"picked":"Sword Boomerang+1","floor":18},{"not_picked":["Heavy Blade","Fire Breathing"],"picked":"True Grit+1","floor":19}],"player_experience":2110731,"relics_obtained":[{"floor":7.0,"key":"Centennial Puzzle"},{"floor":9.0,"key":"Pen Nib"},{"floor":14.0,"key":"Toxic Egg 2"}],"event_choices":[{"damage_healed":0.0,"max_hp_gain":0.0,"max_hp_loss":0.0,"gold_gain":0.0,"event_name":"Liars Game","player_choice":"Ignored","floor":3.0,"gold_loss":0.0,"damage_taken":0.0},{"damage_healed":0.0,"max_hp_gain":0.0,"max_hp_loss":0.0,"gold_gain":0.0,"event_name":"Scrap Ooze","player_choice":"Success","floor":11.0,"gold_loss":0.0,"damage_taken":5.0,"relics_obtained":["Vajra"]},{"damage_healed":0.0,"max_hp_gain":5.0,"max_hp_loss":0.0,"gold_gain":0.0,"event_name":"Big Fish","player_choice":"Donut","floor":12.0,"gold_loss":0.0,"damage_taken":0.0},{"damage_healed":0,"gold_gain":0,"player_choice":"Bought 1 Potion","damage_taken":0,"max_hp_gain":0,"max_hp_loss":0,"event_name":"The Woman in Blue","floor":20,"gold_loss":0}],"is_beta":true,"boss_relics":[{"not_picked":["Runic Dome","Coffee Dripper"],"picked":"Black Star"}],"items_purged_floors":[2],"is_endless":false,"potions_floor_spawned":[7,10,18],"killed_by":"Snake Plant","ascension_level":20}