{"gold_per_floor":[115,11,25,37,37,37,71,71,71,82,82,94,113,146,146,221,221,241,261,261,273,291,291,326,326,377,412,428,448,448,463,463,540,540,558,53,53,65,84,114,114,140,140,140,153,153,12,45,45,45,45,45,45,45,78,78],"floor_reached":56,"playtime":2625,"items_purged":["Strike_R"],"score":2057,"play_id":"9393e7b1-bedb-4f3d-a0fd-3110cd4f8a07","local_time":"20190816220810","is_ascension_mode":true,"campfire_choices":[{"data":"Bash","floor":6.0,"key":"SMITH"},{"data":"Clothesline","floor":8.0,"key":"SMITH"},{"data":"Cleave","floor":11.0,"key":"SMITH"},{"data":"Searing Blow","floor":15.0,"key":"SMITH"},{"data":"True Grit","floor":23.0,"key":"SMITH"},{"data":"Inflame","floor":30.0,"key":"SMITH"},{"data":"Heavy Blade","floor":32.0,"key":"SMITH"},{"floor":41.0,"key":"RECALL"},{"data":"Bludgeon","floor":46.0,"key":"SMITH"},{"data":"Shockwave","floor":49.0,"key":"SMITH"},{"data":"Sword Boomerang","floor":53,"key":"SMITH"}],"neow_cost":"PERCENT_DAMAGE","seed_source_timestamp":0,"circlet_count":0,"master_deck":["AscendersBane","Strike_R","Strike_R","Defend_R","Defend_R","Defend_R","Defend_R","Bash+1","Clothesline+1","Cleave+1","Pommel Strike","Searing Blow+1","Shockwave+1","Thunderclap","Reaper","Inflame+1","Shrug It Off","Heavy Blade+1","True Grit+1","Sword Boomerang+1","Power Through+1","Fiend Fire","Barricade","Bludgeon+1","Shrug It Off","Parasite","Shrug It Off+1","Corruption"],"special_seed":0,"relics":["Burning Blood","Pear","Sundial","Dodecahedron","Snecko Eye","Mercury Hourglass","Bronze Scales","Bottled Tornado","Coffee Dripper","Medical Kit","Bag of Marbles","Juzu Bracelet","Potion Belt","Gambling Chip","Pocketwatch"],"potions_floor_usage":[51,51,51],"damage_taken":[{"damage":12.0,"enemies":"Jaw Worm","floor":1.0,"turns":5.0},{"damage":0.0,"enemies":"Cultist","floor":3.0,"turns":3.0},{"damage":1.0,"enemies":"Small Slimes","floor":4.0,"turns":3.0},{"damage":18.0,"enemies":"Lagavulin","floor":7.0,"turns":8.0},{"damage":19.0,"enemies":"Gremlin Gang","floor":10.0,"turns":5.0},{"damage":6.0,"enemies":"2 Fungi Beasts","floor":12.0,"turns":3.0},{"damage":6.0,"enemies":"Red Slaver","floor":13.0,"turns":5.0},{"damage":25.0,"enemies":"3 Sentries","floor":14.0,"turns":6.0},{"damage":30.0,"enemies":"Slime Boss","floor":16.0,"turns":7.0},{"damage":21.0,"enemies":"Shell Parasite","floor":18.0,"turns":4.0},{"damage":0.0,"enemies":"Chosen","floor":19.0,"turns":2.0},{"damage":10.0,"enemies":"Snake Plant","floor":21.0,"turns":3.0},{"damage":20.0,"enemies":"Centurion and Healer","floor":22.0,"turns":7.0},{"damage":57.0,"enemies":"Book of Stabbing","floor":24.0,"turns":6.0},{"damage":0.0,"enemies":"Sentry and Sphere","floor":25.0,"turns":1.0},{"damage":24.0,"enemies":"Gremlin Leader","floor":27.0,"turns":6.0},{"damage":2.0,"enemies":"Snecko","floor":28.0,"turns":3.0},{"damage":2.0,"enemies":"Centurion and Healer","floor":29.0,"turns":4.0},{"damage":4.0,"enemies":"Snake Plant","floor":31.0,"turns":3.0},{"damage":36.0,"enemies":"Collector","floor":33.0,"turns":8.0},{"damage":3.0,"enemies":"3 Shapes","floor":35.0,"turns":6.0},{"damage":3.0,"enemies":"Orb Walker","floor":38.0,"turns":2.0},{"damage":9.0,"enemies":"4 Shapes","floor":39.0,"turns":5.0},{"damage":1.0,"enemies":"Nemesis","floor":40.0,"turns":3.0},{"damage":18.0,"enemies":"Reptomancer","floor":42.0,"turns":5.0},{"damage":3.0,"enemies":"Writhing Mass","floor":45.0,"turns":5.0},{"damage":0.0,"enemies":"Giant Head","floor":48.0,"turns":5.0},{"damage":56.0,"enemies":"Awakened One","floor":50.0,"turns":10.0},{"damage":28,"enemies":"Time Eater","floor":51,"turns":9},{"damage":64,"enemies":"Shield and Spear","floor":55,"turns":6},{"damage":48,"enemies":"The Heart","floor":56,"turns":2}],"seed_played":"685227398424639721","potions_obtained":[{"floor":1.0,"key":"SkillPotion"},{"floor":3.0,"key":"Fire Potion"},{"floor":12.0,"key":"SteroidPotion"},{"floor":14.0,"key":"GamblersBrew"},{"floor":22.0,"key":"SmokeBomb"},{"floor":27.0,"key":"FearPotion"},{"floor":28.0,"key":"SpeedPotion"},{"floor":45.0,"key":"Ancient Potion"},{"floor":48.0,"key":"Block Potion"}],"is_trial":false,"path_per_floor":["M","$","M","M","?","R","E","R","T","M","R","M","M","E","R","B",null,"M","M","?","M","M","R","E","M","T","E","M","M","R","M","R","B",null,"M","$","?","M","M","E","R","E","T","?","M","R","$","E","R","B","B",null,"R","$","E","B"],"character_chosen":"IRONCLAD","items_purchased":["Cleave","Pommel Strike","Medical Kit","Bag of Marbles","PowerPotion","Corruption","SteroidPotion"],"campfire_rested":0,"item_purchase_floors":[2,2,36,36,36,47,47],"current_hp_per_floor":[58,58,64,69,69,69,67,67,67,54,54,54,54,35,35,11,77,68,83,83,83,81,81,30,36,36,36,46,59,59,61,61,31,82,85,85,85,94,96,99,99,97,97,87,95,95,95,99,99,49,45,86,86,86,37,0],"gold":78,"neow_bonus":"TWENTY_PERCENT_HP_BONUS","is_prod":false,"is_daily":false,"chose_seed":false,"campfire_upgraded":10,"win_rate":0,"timestamp":1565989690,"path_taken":["M","$","M","M","?","R","E","R","T","M","R","M","?","E","R","BOSS","M","M","?","?","M","R","E","M","T","E","M","M","R","M","R","BOSS","M","$","?","?","M","E","R","E","T","?","M","R","$","E","R","BOSS","BOSS","R","$","E","BOSS"],"build_version":"2019-08-15","purchased_purges":1,"victory":false,"max_hp_per_floor":[89,89,89,89,89,89,99,99,99,99,99,99,99,99,99,99,99,99,99,99,99,99,99,99,99,99,99,99,99,99,99,99,99,99,99,99,99,99,99,99,99,99,99,99,99,99,99,99,99,99,99,99,99,99,99,99],"card_choices":[{"not_picked":["Seeing Red","Cleave"],"picked":"Clothesline","floor":1.0},{"not_picked":["Sword Boomerang","Rupture","Warcry"],"picked":"SKIP","floor":3.0},{"not_picked":["Perfected Strike","Seeing Red","Reckless Charge"],"picked":"SKIP","floor":4.0},{"not_picked":["Evolve","Corruption","Dropkick"],"picked":"SKIP","floor":7.0},{"not_picked":["Anger","Carnage"],"picked":"Shockwave","floor":10.0},{"not_picked":["Havoc","Cleave","Body Slam"],"picked":"SKIP","floor":12.0},{"not_picked":["Hemokinesis","Body Slam"],"picked":"Thunderclap","floor":13.0},{"not_picked":["Perfected Strike","Blood for Blood","Clothesline"],"picked":"SKIP","floor":14.0},{"not_picked":["Bludgeon","Dark Embrace"],"picked":"Reaper","floor":16.0},{"not_picked":["True Grit","Twin Strike"],"picked":"Inflame","floor":18.0},{"not_picked":["Iron Wave","Carnage"],"picked":"Shrug It Off","floor":19.0},{"not_picked":["Bloodletting","Pommel Strike"],"picked":"Heavy Blade","floor":21.0},{"not_picked":["Clothesline","Body Slam","True Grit"],"picked":"SKIP","floor":22.0},{"not_picked":["Clothesline","Body Slam"],"picked":"True Grit","floor":22.0},{"not_picked":["Clash","Rage"],"picked":"Sword Boomerang","floor":24.0},{"not_picked":["Evolve+1","Whirlwind","Carnage"],"picked":"SKIP","floor":27.0},{"not_picked":["Carnage","Warcry"],"picked":"Power Through+1","floor":28.0},{"not_picked":["Anger","Iron Wave"],"picked":"Fiend Fire","floor":29.0},{"not_picked":["Sword Boomerang","Wild Strike","True Grit"],"picked":"SKIP","floor":31.0},{"not_picked":["Brutality","Exhume"],"picked":"Barricade","floor":33.0},{"not_picked":["Headbutt","Flex","Blood for Blood"],"picked":"SKIP","floor":35.0},{"not_picked":["Dual Wield","Thunderclap","Clothesline"],"picked":"SKIP","floor":38.0},{"not_picked":["Second Wind","True Grit","Reckless Charge+1"],"picked":"SKIP","floor":39.0},{"not_picked":["Sever Soul","Rampage"],"picked":"Bludgeon","floor":40.0},{"not_picked":["Blood for Blood","Burning Pact"],"picked":"Shrug It Off","floor":42.0},{"not_picked":["Armaments","Havoc"],"picked":"Shrug It Off+1","floor":45.0},{"not_picked":["Pommel Strike","Perfected Strike","Flex"],"picked":"SKIP","floor":48.0},{"not_picked":["Wild Strike","Whirlwind","Perfected Strike"],"picked":"SKIP","floor":55}],"player_experience":2327766,"relics_obtained":[{"floor":7.0,"key":"Pear"},{"floor":9.0,"key":"Sundial"},{"floor":14.0,"key":"Dodecahedron"},{"floor":24.0,"key":"Mercury Hourglass"},{"floor":26.0,"key":"Bronze Scales"},{"floor":27.0,"key":"Bottled Tornado"},{"floor":40.0,"key":"Juzu Bracelet"},{"floor":42.0,"key":"Potion Belt"},{"floor":48.0,"key":"Gambling Chip"},{"floor":55,"key":"Pocketwatch"}],"event_choices":[{"damage_healed":0.0,"max_hp_gain":0.0,"max_hp_loss":0.0,"gold_gain":0.0,"cards_transformed":["Strike_R"],"event_name":"Transmorgrifier","player_choice":"Transformed","floor":5.0,"gold_loss":0.0,"damage_taken":0.0,"cards_obtained":["Searing Blow"]},{"damage_healed":0.0,"max_hp_gain":0.0,"max_hp_loss":0.0,"gold_gain":0.0,"event_name":"Match and Keep!","player_choice":"0 cards matched","floor":20.0,"gold_loss":0.0,"damage_taken":0.0,"cards_obtained":[]},{"cards_removed":["Strike_R"],"damage_healed":0.0,"max_hp_gain":0.0,"max_hp_loss":0.0,"gold_gain":0.0,"event_name":"Purifier","player_choice":"Purged","floor":37.0,"gold_loss":0.0,"damage_taken":0.0},{"damage_healed":0.0,"max_hp_gain":0.0,"max_hp_loss":0.0,"gold_gain":0.0,"event_name":"SensoryStone","player_choice":"Memory 3","floor":44.0,"gold_loss":0.0,"damage_taken":10.0}],"is_beta":true,"boss_relics":[{"not_picked":["Velvet Choker","Orrery"],"picked":"Snecko Eye"},{"not_picked":["Astrolabe","Fusion Hammer"],"picked":"Coffee Dripper"}],"items_purged_floors":[36],"is_endless":false,"potions_floor_spawned":[1,3,12,14,22,27,28,38,45,48],"killed_by":"The Heart","ascension_level":20}