{"gold_per_floor":[109,109,109,124,10,10,40,40,40,55,69,85,100,117,117,217,217,237,253,273,284,11,38,38,0,0,0,13,31,31,41,41,141,141,151,170,188,119,168,168,168,186,186,186,197,208,25,41,41,41],"floor_reached":51,"playtime":6642,"items_purged":["Strike_G","Defend_G"],"score":727,"play_id":"94b18146-cdfc-487e-968c-b0b23889492a","local_time":"20190813214957","is_ascension_mode":false,"campfire_choices":[{"data":"Backstab","floor":6,"key":"SMITH"},{"data":"Neutralize","floor":8,"key":"SMITH"},{"data":"After Image","floor":15,"key":"SMITH"},{"floor":24,"key":"REST"},{"floor":32,"key":"REST"},{"floor":40,"key":"REST"},{"floor":49,"key":"REST"}],"neow_cost":"NONE","seed_source_timestamp":17097193475823,"circlet_count":0,"master_deck":["Strike_G","Strike_G","Strike_G","Defend_G","Defend_G","Defend_G","Survivor","Slice","Flying Knee","Backstab+1","Flying Knee","Heel Hook","After Image+1","Blade Dance","Calculated Gamble","Underhanded Strike","Night Terror","Blur+1","Acrobatics","Backflip","Secret Technique","Blade Dance+1","Distraction","Endless Agony+1","Adrenaline","Well Laid Plans+1","Predator+1","Distraction+1","Skewer+1","After Image+1","Expertise","Envenom","Magnetism","Parasite","Blade Dance+1"],"relics":["Ring of the Snake","NeowsBlessing","Pear","Letter Opener","Philosopher\u0027s Stone","Molten Egg 2","FossilizedHelix","HoveringKite","Torii","Thread and Needle"],"potions_floor_usage":[16,16,20,20,29,33,33,35,39,50],"damage_taken":[{"damage":0,"enemies":"2 Louse","floor":1,"turns":1},{"damage":0,"enemies":"Jaw Worm","floor":4,"turns":1},{"damage":0,"enemies":"Gremlin Nob","floor":7,"turns":1},{"damage":0,"enemies":"Cultist","floor":10,"turns":2},{"damage":0,"enemies":"Lots of Slimes","floor":11,"turns":3},{"damage":2,"enemies":"Blue Slaver","floor":12,"turns":3},{"damage":2,"enemies":"Exordium Thugs","floor":13,"turns":5},{"damage":0,"enemies":"Lots of Slimes","floor":14,"turns":3},{"damage":31,"enemies":"Slime Boss","floor":16,"turns":12},{"damage":1,"enemies":"Shell Parasite","floor":18,"turns":5},{"damage":17,"enemies":"Spheric Guardian","floor":19,"turns":4},{"damage":1,"enemies":"Centurion and Healer","floor":20,"turns":5},{"damage":14,"enemies":"3 Cultists","floor":21,"turns":7},{"damage":30,"enemies":"Slavers","floor":23,"turns":7},{"damage":2,"enemies":"Sentry and Sphere","floor":28,"turns":6},{"damage":0,"enemies":"Snecko","floor":29,"turns":4},{"damage":14,"enemies":"Shelled Parasite and Fungi","floor":31,"turns":4},{"damage":44,"enemies":"Collector","floor":33,"turns":12},{"damage":22,"enemies":"3 Darklings","floor":35,"turns":9},{"damage":0,"enemies":"3 Shapes","floor":36,"turns":4},{"damage":0,"enemies":"Sphere and 2 Shapes","floor":37,"turns":4},{"damage":35,"enemies":"2 Orb Walkers","floor":39,"turns":7},{"damage":21,"enemies":"Maw","floor":42,"turns":8},{"damage":0,"enemies":"Transient","floor":45,"turns":5},{"damage":0,"enemies":"Spire Growth","floor":46,"turns":4},{"damage":0,"enemies":"Writhing Mass","floor":48,"turns":6},{"damage":34,"enemies":"Donu and Deca","floor":50,"turns":18}],"seed_played":"-8246342128529847454","potions_obtained":[{"floor":1,"key":"Poison Potion"},{"floor":4,"key":"Ancient Potion"},{"floor":10,"key":"Explosive Potion"},{"floor":14,"key":"Block Potion"},{"floor":19,"key":"FearPotion"},{"floor":23,"key":"SteroidPotion"},{"floor":28,"key":"Strength Potion"},{"floor":31,"key":"EssenceOfSteel"},{"floor":33,"key":"Weak Potion"},{"floor":36,"key":"Fire Potion"},{"floor":42,"key":"GhostInAJar"},{"floor":48,"key":"Fruit Juice"}],"is_trial":false,"path_per_floor":["M","?","?","M","$","R","E","R","T","M","M","M","M","M","R","B",null,"M","M","M","M","$","E","R","?","T","$","M","M","?","M","R","B",null,"M","M","M","$","?","R","?","M","T","?","M","M","$","M","R","B",null],"character_chosen":"THE_SILENT","items_purchased":["Backstab","Secret Technique","Predator+1","Magnetism"],"campfire_rested":4,"item_purchase_floors":[5,22,38,47],"current_hp_per_floor":[70,70,70,70,70,70,80,80,80,80,80,78,76,76,76,45,80,79,62,61,47,47,17,41,41,41,41,39,39,39,25,49,5,80,58,58,58,58,23,47,47,26,26,26,26,26,26,26,50,21],"gold":41,"neow_bonus":"THREE_ENEMY_KILL","is_prod":false,"is_daily":false,"chose_seed":false,"campfire_upgraded":3,"win_rate":0.0,"timestamp":1565758197,"path_taken":["M","?","?","?","?","R","E","R","T","M","M","M","M","M","R","BOSS","M","M","M","?","$","E","R","?","T","?","M","?","?","M","R","BOSS","M","M","M","$","?","R","?","M","T","?","M","M","$","?","R","BOSS"],"build_version":"2019-07-17","purchased_purges":2,"victory":true,"max_hp_per_floor":[70,70,70,70,70,70,80,80,80,80,80,80,80,80,80,80,80,80,80,80,80,80,80,80,80,80,80,80,80,80,80,80,80,80,80,80,80,80,80,80,80,80,80,80,80,80,80,80,80,85],"card_choices":[{"not_picked":["Masterful Stab","Sucker Punch"],"picked":"Slice","floor":1},{"not_picked":["Prepared","Acrobatics"],"picked":"Flying Knee","floor":4},{"not_picked":["Burst","Slice"],"picked":"Flying Knee","floor":7},{"not_picked":["Dagger Spray","Blade Dance"],"picked":"Heel Hook","floor":10},{"not_picked":["Dagger Spray","Dagger Throw"],"picked":"After Image","floor":11},{"not_picked":["Dagger Throw","Acrobatics"],"picked":"Blade Dance","floor":12},{"not_picked":["Quick Slash","Well Laid Plans"],"picked":"Calculated Gamble","floor":13},{"not_picked":["Quick Slash","Deadly Poison"],"picked":"Underhanded Strike","floor":14},{"not_picked":["Corpse Explosion","Die Die Die"],"picked":"Night Terror","floor":16},{"not_picked":["Dagger Spray","Bane","Quick Slash"],"picked":"SKIP","floor":18},{"not_picked":["Caltrops","Backflip"],"picked":"Blur+1","floor":19},{"not_picked":["Backflip+1","Deadly Poison"],"picked":"Acrobatics","floor":20},{"not_picked":["Deadly Poison","Dagger Spray"],"picked":"Backflip","floor":21},{"not_picked":["Flechettes+1","Tactician","Bouncing Flask"],"picked":"SKIP","floor":23},{"not_picked":["Venomology","Backflip"],"picked":"Blade Dance+1","floor":28},{"not_picked":["Dodge and Roll","Dagger Throw+1"],"picked":"Distraction","floor":29},{"not_picked":["Deadly Poison","Acrobatics"],"picked":"Endless Agony+1","floor":31},{"not_picked":["Malaise","Night Terror"],"picked":"Adrenaline","floor":33},{"not_picked":["Quick Slash+1","Slice+1","Dodge and Roll+1"],"picked":"SKIP","floor":35},{"not_picked":["Dagger Spray+1","Blade Dance","Catalyst+1"],"picked":"SKIP","floor":36},{"not_picked":["Underhanded Strike+1","Deflect"],"picked":"Well Laid Plans+1","floor":37},{"not_picked":["Calculated Gamble+1","Sucker Punch+1"],"picked":"Distraction+1","floor":39},{"not_picked":["Well Laid Plans+1","Eviscerate+1"],"picked":"Skewer+1","floor":42},{"not_picked":["Acrobatics+1","Leg Sweep"],"picked":"Expertise","floor":45},{"not_picked":["PiercingWail+1","Slice+1"],"picked":"Envenom","floor":46},{"not_picked":["Sucker Punch+1","Poisoned Stab+1"],"picked":"Blade Dance+1","floor":48}],"player_experience":91785,"relics_obtained":[{"floor":7,"key":"Pear"},{"floor":9,"key":"Letter Opener"},{"floor":23,"key":"Molten Egg 2"},{"floor":26,"key":"FossilizedHelix"},{"floor":39,"key":"Torii"},{"floor":43,"key":"Thread and Needle"}],"event_choices":[{"cards_removed":["Strike_G"],"damage_healed":0,"gold_gain":0,"player_choice":"Forget","damage_taken":0,"max_hp_gain":0,"max_hp_loss":0,"event_name":"Living Wall","floor":2,"gold_loss":0},{"cards_removed":["Defend_G"],"damage_healed":0,"gold_gain":0,"player_choice":"Offered Basic","damage_taken":0,"max_hp_gain":0,"max_hp_loss":0,"event_name":"Bonfire Elementals","floor":3,"gold_loss":0},{"damage_healed":0,"gold_gain":0,"player_choice":"Paid Fearfully","damage_taken":0,"max_hp_gain":0,"max_hp_loss":0,"event_name":"Masked Bandits","floor":25,"gold_loss":38},{"damage_healed":0,"gold_gain":0,"player_choice":"Ignored","damage_taken":0,"max_hp_gain":0,"max_hp_loss":0,"event_name":"Vampires","floor":30,"gold_loss":0},{"damage_healed":0,"gold_gain":0,"player_choice":"Fight","damage_taken":0,"max_hp_gain":0,"max_hp_loss":0,"event_name":"Mysterious Sphere","floor":39,"gold_loss":0},{"cards_removed":["Neutralize"],"damage_healed":0,"gold_gain":0,"player_choice":"Removed Attack","damage_taken":0,"max_hp_gain":0,"max_hp_loss":0,"event_name":"Falling","floor":41,"gold_loss":0},{"damage_healed":0,"gold_gain":0,"player_choice":"Copied","damage_taken":0,"max_hp_gain":0,"max_hp_loss":0,"event_name":"Duplicator","floor":44,"gold_loss":0,"cards_obtained":["After Image"]}],"is_beta":false,"boss_relics":[{"not_picked":["Busted Crown","Ectoplasm"],"picked":"Philosopher\u0027s Stone"},{"not_picked":["Velvet Choker","Eternal Feather"],"picked":"HoveringKite"}],"items_purged_floors":[5,22],"is_endless":false,"potions_floor_spawned":[1,4,10,14,19,23,28,31,33,36,42,48],"ascension_level":0}