{"gold_per_floor":[19,19,19,32,32,57,68,68],"floor_reached":8,"playtime":510,"items_purged":[],"score":59,"play_id":"30166f8d-87ba-40ae-9a24-792bb6f5dff9","local_time":"20190628220529","is_ascension_mode":true,"campfire_choices":[],"neow_cost":"NO_GOLD","seed_source_timestamp":217237753524200,"circlet_count":0,"master_deck":["Defend_G","Defend_G","Defend_G","Defend_G","Defend_G","Strike_G","Strike_G","Strike_G","Strike_G","Strike_G","Survivor","Neutralize","Adrenaline","Quick Slash","Outmaneuver","Prepared","Cloak And Dagger"],"relics":["Ring of the Snake","Lantern","Pen Nib"],"potions_floor_usage":[6],"damage_taken":[{"damage":0,"enemies":"Jaw Worm","floor":1,"turns":7},{"damage":0,"enemies":"2 Louse","floor":4,"turns":2},{"damage":26,"enemies":"3 Sentries","floor":6,"turns":11},{"damage":4,"enemies":"Cultist","floor":7,"turns":4},{"damage":40,"enemies":"Lagavulin","floor":8,"turns":8}],"seed_played":"9051885143019285197","potions_obtained":[{"floor":1,"key":"SkillPotion"}],"is_trial":false,"path_per_floor":["M","?","$","M","?","E","M","E"],"character_chosen":"THE_SILENT","items_purchased":[],"campfire_rested":0,"item_purchase_floors":[],"current_hp_per_floor":[70,70,70,70,63,37,33,0],"gold":68,"neow_bonus":"THREE_RARE_CARDS","is_prod":false,"is_daily":false,"chose_seed":false,"campfire_upgraded":0,"win_rate":0,"timestamp":1561727129,"path_taken":["M","?","$","M","?","E","M","E"],"build_version":"2019-01-23","purchased_purges":0,"victory":false,"max_hp_per_floor":[70,70,70,70,70,70,70,70],"card_choices":[{"not_picked":["Burst","Unload"],"picked":"Adrenaline","floor":0},{"not_picked":["Noxious Fumes","Dodge and Roll"],"picked":"Quick Slash","floor":1},{"not_picked":["Dagger Spray","Endless Agony"],"picked":"Outmaneuver","floor":4},{"not_picked":["Dash","Caltrops"],"picked":"Prepared","floor":6},{"not_picked":["Poisoned Stab","Underhanded Strike"],"picked":"Cloak And Dagger","floor":7}],"player_experience":23617,"relics_obtained":[{"floor":6,"key":"Pen Nib"}],"event_choices":[{"damage_healed":0,"gold_gain":0,"player_choice":"Ignored","damage_taken":0,"max_hp_gain":0,"max_hp_loss":0,"event_name":"Golden Wing","floor":2,"gold_loss":0},{"damage_healed":0,"gold_gain":0,"player_choice":"Success","damage_taken":7,"relics_obtained":["Lantern"],"max_hp_gain":0,"max_hp_loss":0,"event_name":"Scrap Ooze","floor":5,"gold_loss":0}],"is_beta":false,"boss_relics":[],"items_purged_floors":[],"is_endless":false,"potions_floor_spawned":[1],"killed_by":"Lagavulin","ascension_level":1}