{"gold_per_floor":[13,30,30,50,50,83,83,0,26,47,60,98,118,156,156,246,246,271,285,59,72,72,72,72,106,106,140,158,158,177,74,74,146,146,159,1158,660,672,689,689,720,720,720,720,736,736],"floor_reached":46,"playtime":6549,"items_purged":["Strike_G","Normality"],"score":1025,"play_id":"befc0b43-a33d-433b-88b3-cad9e7206ca7","local_time":"20190416004727","is_ascension_mode":true,"campfire_choices":[{"data":"Poisoned Stab","floor":7.0,"key":"SMITH"},{"data":"Noxious Fumes","floor":15.0,"key":"SMITH"},{"data":"Wraith Form v2","floor":23,"key":"SMITH"},{"floor":29,"key":"REST"},{"data":"Noxious Fumes","floor":32,"key":"SMITH"},{"floor":40,"key":"REST"},{"floor":42,"key":"REST"},{"floor":44,"key":"RECALL"}],"neow_cost":"NO_GOLD","seed_source_timestamp":283979147902720,"circlet_count":0,"master_deck":["AscendersBane","Defend_G","Defend_G","Defend_G","Defend_G","Defend_G","Strike_G+1","Strike_G","Strike_G+1","Survivor","Neutralize","Predator","Poisoned Stab+1","Noxious Fumes+1","PiercingWail","Backstab","Deadly Poison","Wraith Form v2+1","Noxious Fumes+1","Dodge and Roll","Blur","Backflip+1","Underhanded Strike","After Image","Catalyst","Normality","Well Laid Plans+1"],"special_seed":0,"relics":["Ring of the Snake","Bloody Idol","Centennial Puzzle","Regal Pillow","Odd Mushroom","Art of War","Snecko Eye","Lee\u0027s Waffle","Whetstone","Du-Vu Doll","Dodecahedron","Philosopher\u0027s Stone","Happy Flower","ClockworkSouvenir","Potion Belt"],"potions_floor_usage":[16,18,25,25,28,33,39],"damage_taken":[{"damage":1.0,"enemies":"Cultist","floor":1.0,"turns":4.0},{"damage":1.0,"enemies":"Small Slimes","floor":2.0,"turns":3.0},{"damage":0.0,"enemies":"2 Louse","floor":4.0,"turns":2.0},{"damage":47.0,"enemies":"Lagavulin","floor":6.0,"turns":8.0},{"damage":7.0,"enemies":"Lots of Slimes","floor":10.0,"turns":8.0},{"damage":1.0,"enemies":"Looter","floor":11.0,"turns":3.0},{"damage":2.0,"enemies":"The Mushroom Lair","floor":12.0,"turns":4.0},{"damage":0.0,"enemies":"Exordium Wildlife","floor":13.0,"turns":3.0},{"damage":8.0,"enemies":"Gremlin Nob","floor":14.0,"turns":3.0},{"damage":3,"enemies":"Hexaghost","floor":16,"turns":9},{"damage":23,"enemies":"3 Byrds","floor":18,"turns":6},{"damage":20,"enemies":"Spheric Guardian","floor":19,"turns":6},{"damage":21,"enemies":"Snake Plant","floor":21,"turns":4},{"damage":41,"enemies":"Slavers","floor":25,"turns":7},{"damage":12,"enemies":"Gremlin Leader","floor":27,"turns":8},{"damage":8,"enemies":"Centurion and Healer","floor":28,"turns":8},{"damage":0,"enemies":"Snecko","floor":30,"turns":5},{"damage":46,"enemies":"Champ","floor":33,"turns":10},{"damage":31,"enemies":"3 Darklings","floor":35,"turns":6},{"damage":6,"enemies":"Orb Walker","floor":38,"turns":5},{"damage":24,"enemies":"Spire Growth","floor":39,"turns":6},{"damage":49,"enemies":"Giant Head","floor":41,"turns":9},{"damage":5,"enemies":"4 Shapes","floor":45,"turns":5},{"damage":54,"enemies":"Reptomancer","floor":46,"turns":2}],"seed_played":"-5668061749972975668","potions_obtained":[{"floor":10.0,"key":"Fire Potion"},{"floor":12.0,"key":"EssenceOfSteel"},{"floor":14.0,"key":"Block Potion"},{"floor":16,"key":"Swift Potion"},{"floor":19,"key":"AttackPotion"},{"floor":27,"key":"Block Potion"},{"floor":28,"key":"SkillPotion"},{"floor":33,"key":"Dexterity Potion"},{"floor":35,"key":"Energy Potion"},{"floor":41,"key":"Weak Potion"}],"is_trial":false,"path_per_floor":["M","M","?","M","?","E","R","$","T","M","M","?","M","E","R","B",null,"M","M","$","M","?","R","?","E","T","E","M","R","M","$","R","B",null,"M","?","$","M","M","R","E","R","T","R","M","E"],"character_chosen":"THE_SILENT","items_purchased":["Noxious Fumes","Lee\u0027s Waffle","Underhanded Strike","Happy Flower","ClockworkSouvenir"],"campfire_rested":3,"item_purchase_floors":[8,20,31,37,37],"current_hp_per_floor":[70,69,69,69,69,22,22,22,22,15,14,12,12,4,4,1,54,31,11,78,57,57,57,57,21,21,14,11,49,54,54,54,13,62,36,41,41,40,21,59,15,53,53,53,53,0],"gold":736,"neow_bonus":"TWENTY_PERCENT_HP_BONUS","is_prod":false,"is_daily":false,"chose_seed":false,"campfire_upgraded":4,"win_rate":0,"timestamp":1555372047,"path_taken":["M","?","?","M","?","E","R","$","T","M","?","?","M","E","R","BOSS","M","M","$","M","?","R","?","E","T","E","M","R","M","$","R","BOSS","M","?","$","M","M","R","E","R","T","R","M","E"],"build_version":"2019-04-04","purchased_purges":2,"victory":false,"max_hp_per_floor":[78,78,71,71,71,71,71,71,71,71,71,71,71,71,71,71,71,71,71,78,78,78,78,78,78,78,78,78,78,78,78,78,78,78,78,78,78,78,78,78,78,78,78,78,78,78],"card_choices":[{"not_picked":["Acrobatics","Sucker Punch"],"picked":"Predator","floor":1.0},{"not_picked":["Riddle With Holes","Prepared"],"picked":"Poisoned Stab","floor":2.0},{"not_picked":["Acrobatics","Cloak And Dagger","Dodge and Roll"],"picked":"SKIP","floor":4.0},{"not_picked":["Slice","Flechettes","Night Terror"],"picked":"SKIP","floor":6.0},{"not_picked":["Blade Dance","Dagger Spray","Infinite Blades"],"picked":"SKIP","floor":10.0},{"not_picked":["Slice","Dodge and Roll"],"picked":"PiercingWail","floor":11.0},{"not_picked":["Deadly Poison","Venomology"],"picked":"Backstab","floor":12.0},{"not_picked":["Heel Hook","Predator"],"picked":"Deadly Poison","floor":13.0},{"not_picked":["Acrobatics","Dodge and Roll","Sucker Punch"],"picked":"SKIP","floor":14.0},{"not_picked":["Doppelganger","A Thousand Cuts"],"picked":"Wraith Form v2","floor":16},{"not_picked":["Terror","Acrobatics+1"],"picked":"Noxious Fumes","floor":18},{"not_picked":["Bane","Underhanded Strike"],"picked":"Dodge and Roll","floor":19},{"not_picked":["Cloak And Dagger","Slice+1"],"picked":"Blur","floor":21},{"not_picked":["Flechettes","Unload"],"picked":"Backflip+1","floor":25},{"not_picked":["Cloak And Dagger","Outmaneuver","Dagger Throw"],"picked":"SKIP","floor":27},{"not_picked":["Slice","Underhanded Strike+1","Deadly Poison"],"picked":"SKIP","floor":28},{"not_picked":["Quick Slash","Poisoned Stab","Flying Knee"],"picked":"SKIP","floor":30},{"not_picked":["Adrenaline","Storm of Steel"],"picked":"After Image","floor":33},{"not_picked":["Endless Agony","Dagger Spray"],"picked":"Catalyst","floor":35},{"not_picked":["Sucker Punch","Deflect","Quick Slash"],"picked":"SKIP","floor":38},{"not_picked":["Predator","Poisoned Stab"],"picked":"Well Laid Plans+1","floor":39},{"not_picked":["Sucker Punch","Setup","Underhanded Strike"],"picked":"SKIP","floor":41},{"not_picked":["Deflect+1","Sucker Punch","Deadly Poison"],"picked":"SKIP","floor":45}],"player_experience":2010412,"relics_obtained":[{"floor":6.0,"key":"Centennial Puzzle"},{"floor":9.0,"key":"Regal Pillow"},{"floor":12.0,"key":"Odd Mushroom"},{"floor":14.0,"key":"Art of War"},{"floor":25,"key":"Whetstone"},{"floor":26,"key":"Du-Vu Doll"},{"floor":27,"key":"Dodecahedron"},{"floor":41,"key":"Potion Belt"}],"event_choices":[{"damage_healed":0.0,"max_hp_gain":0.0,"max_hp_loss":7.0,"gold_gain":0.0,"event_name":"Golden Idol","player_choice":"Lose Max HP","floor":3.0,"gold_loss":0.0,"damage_taken":0.0,"relics_obtained":["Golden Idol"]},{"cards_removed":["Strike_G"],"damage_healed":0.0,"max_hp_gain":0.0,"max_hp_loss":0.0,"gold_gain":0.0,"event_name":"Purifier","player_choice":"Purged","floor":5.0,"gold_loss":0.0,"damage_taken":0.0},{"damage_healed":0.0,"max_hp_gain":0.0,"max_hp_loss":0.0,"gold_gain":0.0,"event_name":"Mushrooms","player_choice":"Fought Mushrooms","floor":12.0,"gold_loss":0.0,"damage_taken":0.0},{"damage_healed":0,"gold_gain":0,"player_choice":"Ignored","damage_taken":0,"max_hp_gain":0,"max_hp_loss":0,"event_name":"The Mausoleum","floor":22,"gold_loss":0},{"damage_healed":0,"gold_gain":0,"player_choice":"Gave Idol","damage_taken":0,"relics_obtained":["Bloody Idol"],"max_hp_gain":0,"max_hp_loss":0,"event_name":"Forgotten Altar","floor":24,"relics_lost":["Golden Idol"],"gold_loss":0},{"damage_healed":0,"gold_gain":999,"player_choice":"Gold","damage_taken":0,"max_hp_gain":0,"max_hp_loss":0,"event_name":"MindBloom","floor":36,"gold_loss":0,"cards_obtained":["Normality","Normality"]}],"is_beta":true,"boss_relics":[{"not_picked":["Busted Crown","Ring of the Serpent"],"picked":"Snecko Eye"},{"not_picked":["Runic Dome","Black Star"],"picked":"Philosopher\u0027s Stone"}],"items_purged_floors":[31,37],"is_endless":false,"potions_floor_spawned":[10,12,14,16,19,27,28,33,35,41],"killed_by":"Reptomancer","ascension_level":20}