{"gold_per_floor":[119,133,133,133,133,166,166,179,260,260,20,41,62,102,102,193,193,211,211,234,254,298,298,397,428,428,461,241,241,241,257,257,257],"floor_reached":33,"playtime":1216,"items_purged":["Strike_R"],"score":525,"play_id":"ee8b1906-c07e-41c5-a9d9-d5dd6e46533a","local_time":"20190823063916","is_ascension_mode":true,"campfire_choices":[{"data":"Bash","floor":7,"key":"SMITH"},{"data":"Pommel Strike","floor":15,"key":"SMITH"},{"data":"Metallicize","floor":23,"key":"SMITH"},{"data":"Pommel Strike","floor":30,"key":"SMITH"},{"data":"Flex","floor":32,"key":"SMITH"}],"neow_cost":"NONE","seed_source_timestamp":92893661565600,"circlet_count":0,"master_deck":["AscendersBane","Strike_R","Strike_R+1","Strike_R","Strike_R","Defend_R","Defend_R+1","Defend_R","Defend_R","Bash+1","Flex+1","Fiend Fire+1","Reaper","Infernal Blade","Pommel Strike+1","Shrug It Off+1","Double Tap+1","Spot Weakness+1","Shockwave+1","Metallicize+1","Pommel Strike+1","Limit Break+1","Warcry+1"],"relics":["Burning Blood","NeowsBlessing","Golden Idol","Happy Flower","Mummified Hand","Toxic Egg 2","Art of War","Coffee Dripper","Mango","Red Mask","Meat on the Bone","Bottled Flame","MawBank","Enchiridion"],"potions_floor_usage":[8,16,21,27,33],"damage_taken":[{"damage":0,"enemies":"Cultist","floor":1,"turns":1},{"damage":0,"enemies":"2 Louse","floor":2,"turns":1},{"damage":0,"enemies":"Gremlin Nob","floor":6,"turns":1},{"damage":2,"enemies":"Jaw Worm","floor":8,"turns":3},{"damage":8,"enemies":"Exordium Wildlife","floor":12,"turns":5},{"damage":19,"enemies":"Red Slaver","floor":13,"turns":4},{"damage":40,"enemies":"3 Sentries","floor":14,"turns":6},{"damage":48,"enemies":"The Guardian","floor":16,"turns":12},{"damage":17,"enemies":"2 Thieves","floor":18,"turns":3},{"damage":3,"enemies":"Spheric Guardian","floor":20,"turns":3},{"damage":12,"enemies":"Cultist and Chosen","floor":21,"turns":6},{"damage":27,"enemies":"Masked Bandits","floor":22,"turns":5},{"damage":2,"enemies":"Book of Stabbing","floor":25,"turns":4},{"damage":19,"enemies":"Slavers","floor":27,"turns":6},{"damage":6,"enemies":"3 Cultists","floor":31,"turns":4},{"damage":97,"enemies":"Champ","floor":33,"turns":8}],"seed_played":"-9056156530921893678","potions_obtained":[{"floor":2,"key":"BloodPotion"},{"floor":6,"key":"BloodPotion"},{"floor":8,"key":"SkillPotion"},{"floor":12,"key":"Fire Potion"},{"floor":18,"key":"Block Potion"},{"floor":21,"key":"SmokeBomb"},{"floor":27,"key":"EssenceOfSteel"}],"is_trial":false,"path_per_floor":["M","M","?","?","?","E","R","M","T","$","$","M","M","E","R","B",null,"M","?","M","M","?","R","?","E","T","E","$","?","R","M","R","B"],"character_chosen":"IRONCLAD","items_purchased":["Toxic Egg 2","Limit Break+1"],"campfire_rested":0,"item_purchase_floors":[11,28],"current_hp_per_floor":[78,80,60,44,44,50,50,74,74,74,74,75,64,30,30,8,62,51,65,76,79,78,78,78,82,82,69,69,53,53,77,77,0],"gold":257,"neow_bonus":"THREE_ENEMY_KILL","is_prod":false,"is_daily":false,"chose_seed":false,"campfire_upgraded":5,"win_rate":0,"timestamp":1566509956,"path_taken":["M","M","?","?","?","E","R","M","T","?","$","M","M","E","R","BOSS","M","?","?","M","?","R","?","E","T","E","$","?","R","M","R","BOSS"],"build_version":"2019-07-17","purchased_purges":1,"victory":false,"max_hp_per_floor":[80,80,80,80,80,80,80,80,80,80,80,80,80,80,80,80,80,80,94,94,94,94,94,94,94,94,94,94,94,94,94,94,94],"card_choices":[{"not_picked":["Body Slam","Clothesline"],"picked":"Flex","floor":1},{"not_picked":["Infernal Blade","Clothesline"],"picked":"Fiend Fire","floor":2},{"not_picked":["Clash","Inflame"],"picked":"Reaper","floor":6},{"not_picked":["Seeing Red","Flex"],"picked":"Infernal Blade","floor":8},{"not_picked":["Body Slam","Clothesline","Searing Blow"],"picked":"SKIP","floor":12},{"not_picked":["Cleave","Rage+1"],"picked":"Pommel Strike","floor":13},{"not_picked":["Seeing Red+1","Iron Wave"],"picked":"Shrug It Off+1","floor":14},{"not_picked":["Offering+1","Exhume+1"],"picked":"Double Tap+1","floor":16},{"not_picked":["Metallicize+1","Anger"],"picked":"Spot Weakness+1","floor":18},{"not_picked":["Perfected Strike","Body Slam"],"picked":"Shockwave+1","floor":20},{"not_picked":["Body Slam","Infernal Blade+1"],"picked":"Metallicize","floor":21},{"not_picked":["Havoc+1","Perfected Strike","Anger"],"picked":"SKIP","floor":25},{"not_picked":["Iron Wave","Twin Strike"],"picked":"Pommel Strike","floor":27},{"not_picked":["Heavy Blade","Blood for Blood"],"picked":"Warcry+1","floor":31}],"player_experience":179566,"relics_obtained":[{"floor":6,"key":"Happy Flower"},{"floor":9,"key":"Mummified Hand"},{"floor":14,"key":"Art of War"},{"floor":19,"key":"Mango"},{"floor":22,"key":"Red Mask"},{"floor":25,"key":"Meat on the Bone"},{"floor":26,"key":"Bottled Flame"},{"floor":27,"key":"MawBank"},{"floor":29,"key":"Enchiridion"}],"event_choices":[{"damage_healed":0,"gold_gain":0,"player_choice":"Take Damage","damage_taken":20,"relics_obtained":["Golden Idol"],"max_hp_gain":0,"max_hp_loss":0,"event_name":"Golden Idol","floor":3,"gold_loss":0},{"damage_healed":0,"gold_gain":0,"player_choice":"Entered Light","damage_taken":16,"max_hp_gain":0,"max_hp_loss":0,"event_name":"Shining Light","floor":4,"gold_loss":0,"cards_upgraded":["Defend_R","Strike_R"]},{"damage_healed":0,"gold_gain":0,"player_choice":"Grow","damage_taken":0,"max_hp_gain":0,"max_hp_loss":0,"event_name":"Living Wall","floor":5,"gold_loss":0,"cards_upgraded":["Fiend Fire"]},{"damage_healed":0,"gold_gain":0,"player_choice":"Relic","damage_taken":0,"max_hp_gain":0,"max_hp_loss":0,"event_name":"Wheel of Change","floor":19,"gold_loss":0},{"damage_healed":0,"gold_gain":0,"player_choice":"Fought Bandits","damage_taken":0,"max_hp_gain":0,"max_hp_loss":0,"event_name":"Masked Bandits","floor":22,"gold_loss":0},{"damage_healed":0,"gold_gain":99,"player_choice":"Stole From Cult","damage_taken":0,"max_hp_gain":0,"max_hp_loss":0,"event_name":"Nest","floor":24,"gold_loss":0},{"damage_healed":0,"gold_gain":0,"player_choice":"Obtained Book","damage_taken":16,"max_hp_gain":0,"max_hp_loss":0,"event_name":"Cursed Tome","floor":29,"gold_loss":0}],"is_beta":false,"boss_relics":[{"not_picked":["Cursed Key","Calling Bell"],"picked":"Coffee Dripper"}],"items_purged_floors":[28],"is_endless":false,"potions_floor_spawned":[2,6,8,12,13,18,21,27],"killed_by":"Champ","ascension_level":13}