{"gold_per_floor":[363,49,63,63,73,90,105,5,58,78,78,105,192,154,166,274,286,310,340,380,392],"floor_reached":21,"playtime":2263,"items_purged":["Strike_B","Regret"],"score":181,"play_id":"83e7f334-bb61-4594-8771-b16b0a1ec0e7","local_time":"20190811164518","is_ascension_mode":false,"campfire_choices":[{"data":"Echo Form","floor":11.0,"key":"SMITH"},{"floor":15.0,"key":"REST"}],"neow_cost":"TEN_PERCENT_HP_LOSS","seed_source_timestamp":0,"circlet_count":0,"master_deck":["Strike_B","Strike_B","Defend_B","Defend_B","Defend_B","Defend_B","Zap","Dualcast","Cold Snap","Zap","Static Discharge","Streamline","Undo","Conserve Battery","Echo Form+1","Hologram","Electrodynamics","Force Field","White Noise","Static Discharge"],"special_seed":0,"relics":["Cracked Core","DollysMirror","Question Card","Potion Belt","MawBank","Orrery","Red Mask"],"potions_floor_usage":[20,21],"damage_taken":[{"damage":0.0,"enemies":"2 Louse","floor":1.0,"turns":4.0},{"damage":0.0,"enemies":"Small Slimes","floor":3.0,"turns":2.0},{"damage":3.0,"enemies":"Jaw Worm","floor":5.0,"turns":3.0},{"damage":11.0,"enemies":"Lots of Slimes","floor":6.0,"turns":3.0},{"damage":3.0,"enemies":"2 Fungi Beasts","floor":7.0,"turns":3.0},{"damage":2.0,"enemies":"3 Louse","floor":10.0,"turns":4.0},{"damage":30.0,"enemies":"Gremlin Nob","floor":12.0,"turns":5.0},{"damage":18.0,"enemies":"The Guardian","floor":16.0,"turns":7.0},{"damage":15,"enemies":"Spheric Guardian","floor":18,"turns":5},{"damage":17,"enemies":"3 Byrds","floor":19,"turns":4},{"damage":26,"enemies":"Masked Bandits","floor":20,"turns":3},{"damage":11,"enemies":"Shelled Parasite and Fungi","floor":21,"turns":4}],"seed_played":"-380624822238637227","potions_obtained":[{"floor":5.0,"key":"FocusPotion"},{"floor":6.0,"key":"Explosive Potion"},{"floor":12.0,"key":"AttackPotion"},{"floor":19,"key":"Fire Potion"},{"floor":20,"key":"Block Potion"}],"is_trial":false,"path_per_floor":["M","$","M","?","M","M","M","$","T","M","R","E","?","?","R","B",null,"M","M","?","M"],"character_chosen":"DEFECT","items_purchased":["DollysMirror","Static Discharge"],"campfire_rested":1,"item_purchase_floors":[2,2],"current_hp_per_floor":[68,68,68,68,65,54,51,51,51,49,49,19,8,8,28,10,68,53,36,10,0],"gold":392,"neow_bonus":"TWO_FIFTY_GOLD","is_prod":false,"is_daily":false,"chose_seed":false,"campfire_upgraded":1,"win_rate":0.0,"timestamp":1565567118,"path_taken":["M","$","M","?","M","M","M","$","T","M","R","E","?","?","R","BOSS","M","M","?","M"],"build_version":"2019-07-17","purchased_purges":2,"victory":false,"max_hp_per_floor":[68,68,68,68,68,68,68,68,68,68,68,68,68,68,68,68,68,68,68,68,68],"card_choices":[{"not_picked":["Gash","Chill"],"picked":"Cold Snap","floor":1.0},{"not_picked":["Aggregate","Sweeping Beam"],"picked":"Streamline","floor":3.0},{"not_picked":["Rebound","Leap","Beam Cell","Cold Snap"],"picked":"SKIP","floor":5.0},{"not_picked":["Glacier","Rebound","Rip and Tear"],"picked":"Undo","floor":6.0},{"not_picked":["Leap","Compile Driver","Gash"],"picked":"Conserve Battery","floor":7.0},{"not_picked":["FTL","Hologram","Defragment"],"picked":"Echo Form","floor":10.0},{"not_picked":["Scrape","Undo","Self Repair"],"picked":"Hologram","floor":12.0},{"not_picked":["Seek","Creative AI","Biased Cognition"],"picked":"Electrodynamics","floor":16.0},{"not_picked":["Cold Snap","Rip and Tear","Self Repair"],"picked":"Force Field","floor":17},{"not_picked":["Coolheaded","Self Repair","Reinforced Body"],"picked":"White Noise","floor":17},{"not_picked":["BootSequence","Leap+1","Biased Cognition"],"picked":"Static Discharge","floor":18},{"not_picked":["FTL","Scrape","Blizzard+1","Steam"],"picked":"SKIP","floor":19}],"player_experience":73409,"relics_obtained":[{"floor":9.0,"key":"Potion Belt"},{"floor":12.0,"key":"MawBank"},{"floor":20,"key":"Red Mask"}],"event_choices":[{"damage_healed":0.0,"max_hp_gain":0.0,"max_hp_loss":0.0,"gold_gain":0.0,"event_name":"Big Fish","player_choice":"Box","floor":4.0,"gold_loss":0.0,"damage_taken":0.0,"relics_obtained":["Question Card"],"cards_obtained":["Regret"]},{"damage_healed":0.0,"max_hp_gain":0.0,"max_hp_loss":0.0,"gold_gain":75.0,"event_name":"World of Goop","player_choice":"Gather Gold","floor":13.0,"gold_loss":0.0,"damage_taken":11.0},{"cards_removed":["Strike_B"],"damage_healed":0.0,"max_hp_gain":0.0,"max_hp_loss":0.0,"gold_gain":0.0,"event_name":"The Cleric","player_choice":"Card Removal","floor":14.0,"gold_loss":50.0,"damage_taken":0.0},{"damage_healed":0,"gold_gain":0,"player_choice":"Fought Bandits","damage_taken":0,"max_hp_gain":0,"max_hp_loss":0,"event_name":"Masked Bandits","floor":20,"gold_loss":0}],"is_beta":false,"boss_relics":[{"not_picked":["Sozu","Eternal Feather"],"picked":"Orrery"}],"items_purged_floors":[2,8],"is_endless":false,"potions_floor_spawned":[5,6,12,19,20],"killed_by":"Shelled Parasite and Fungi","ascension_level":0}