{"gold_per_floor":[117,7,22,22,38,64,64,98,177,177,189,218,19,38,38,138,138,148,88,99,115,115,141,141,141,212,241,241,241,275,289,289,392,392,406,422,422,441,452,484,533,567,567,174,174,174,174,74,74,74],"floor_reached":51,"playtime":3491,"items_purged":["Entrench","Strike_R"],"score":919,"play_id":"ced7d13b-aa04-48f0-b6e0-bd97887ed446","local_time":"20190818100850","is_ascension_mode":true,"campfire_choices":[{"data":"True Grit","floor":7.0,"key":"SMITH"},{"data":"Metallicize","floor":10.0,"key":"SMITH"},{"data":"Armaments","floor":15.0,"key":"SMITH"},{"floor":25.0,"key":"REST"},{"floor":29.0,"key":"REST"},{"data":"Dark Embrace","floor":32.0,"key":"SMITH"},{"data":"Limit Break","floor":45,"key":"SMITH"},{"data":"Bludgeon","floor":47,"key":"SMITH"},{"data":"Metallicize","floor":49,"key":"SMITH"}],"neow_cost":"NONE","seed_source_timestamp":0,"circlet_count":0,"master_deck":["Strike_R","Strike_R","Strike_R","Defend_R","Defend_R","Defend_R","Bash","Cleave","True Grit+1","Bludgeon+1","Rampage","Clash","Metallicize+1","Heavy Blade","Dark Embrace+1","Armaments+1","Shrug It Off","Reaper","Flex+1","Rage","Entrench","Clash","Headbutt","Necronomicurse","Flex+1","Pummel+1","Limit Break+1","Battle Trance+1","Spot Weakness+1","Heavy Blade+1","Ghostly Armor+1","Metallicize+1"],"special_seed":0,"relics":["Burning Blood","NeowsBlessing","FossilizedHelix","Happy Flower","Thread and Needle","Question Card","Kunai","Oddly Smooth Stone","White Beast Statue","Necronomicon","Pear","Shuriken","PreservedInsect","Meat on the Bone","Vajra","Eternal Feather","Potion Belt","Calipers","Pen Nib","Mummified Hand","Letter Opener"],"potions_floor_usage":[42,42,50,50],"damage_taken":[{"damage":0.0,"enemies":"Jaw Worm","floor":1.0,"turns":1.0},{"damage":0.0,"enemies":"Cultist","floor":3.0,"turns":1.0},{"damage":0.0,"enemies":"Small Slimes","floor":5.0,"turns":1.0},{"damage":20.0,"enemies":"3 Sentries","floor":6.0,"turns":6.0},{"damage":24.0,"enemies":"Gremlin Nob","floor":8.0,"turns":4.0},{"damage":0.0,"enemies":"Gremlin Gang","floor":11.0,"turns":4.0},{"damage":13.0,"enemies":"3 Sentries","floor":12.0,"turns":8.0},{"damage":0.0,"enemies":"2 Fungi Beasts","floor":14.0,"turns":3.0},{"damage":28.0,"enemies":"Slime Boss","floor":16.0,"turns":13.0},{"damage":0.0,"enemies":"Shell Parasite","floor":18.0,"turns":6.0},{"damage":5.0,"enemies":"Spheric Guardian","floor":20.0,"turns":6.0},{"damage":0.0,"enemies":"Cultist and Chosen","floor":21.0,"turns":6.0},{"damage":56.0,"enemies":"Gremlin Leader","floor":23.0,"turns":6.0},{"damage":36.0,"enemies":"Book of Stabbing","floor":27.0,"turns":5.0},{"damage":11.0,"enemies":"Slavers","floor":30.0,"turns":4.0},{"damage":0.0,"enemies":"Centurion and Healer","floor":31.0,"turns":5.0},{"damage":46.0,"enemies":"Automaton","floor":33.0,"turns":10.0},{"damage":0,"enemies":"3 Shapes","floor":35,"turns":5},{"damage":22,"enemies":"3 Darklings","floor":36,"turns":6},{"damage":11,"enemies":"Maw","floor":38,"turns":8},{"damage":16,"enemies":"Jaw Worm Horde","floor":39,"turns":5},{"damage":0,"enemies":"Giant Head","floor":40,"turns":5},{"damage":31,"enemies":"2 Orb Walkers","floor":41,"turns":5},{"damage":15,"enemies":"Nemesis","floor":42,"turns":7},{"damage":40,"enemies":"Time Eater","floor":50,"turns":10}],"seed_played":"962914092573066710","potions_obtained":[{"floor":5.0,"key":"Energy Potion"},{"floor":6.0,"key":"GamblersBrew"},{"floor":11.0,"key":"LiquidBronze"},{"floor":12.0,"key":"AttackPotion"},{"floor":18.0,"key":"Dexterity Potion"},{"floor":20.0,"key":"PowerPotion"},{"floor":21.0,"key":"Swift Potion"},{"floor":23.0,"key":"AttackPotion"},{"floor":27.0,"key":"AttackPotion"},{"floor":30.0,"key":"Explosive Potion"},{"floor":31.0,"key":"SkillPotion"},{"floor":33.0,"key":"SneckoOil"},{"floor":35,"key":"Fire Potion"},{"floor":36,"key":"Explosive Potion"},{"floor":40,"key":"Poison Potion"},{"floor":41,"key":"Block Potion"},{"floor":42,"key":"Explosive Potion"},{"floor":46,"key":"EssenceOfSteel"},{"floor":46,"key":"BloodPotion"}],"is_trial":false,"path_per_floor":["M","?","M","?","M","E","R","E","T","R","M","E","$","M","R","B",null,"M","?","M","M","?","E","?","R","T","E","?","R","E","M","R","B",null,"M","M","?","M","M","E","?","E","T","$","R","?","R","$","R","B",null],"character_chosen":"IRONCLAD","items_purchased":["Oddly Smooth Stone","Armaments","Letter Opener","Metallicize"],"campfire_rested":2,"item_purchase_floors":[13,13,44,44],"current_hp_per_floor":[80,80,80,80,80,66,66,48,48,48,54,47,47,53,53,31,80,80,80,80,80,64,54,36,64,64,34,34,62,67,73,73,61,95,95,79,79,74,76,82,57,60,60,60,78,78,95,95,95,84],"gold":74,"neow_bonus":"THREE_ENEMY_KILL","is_prod":false,"is_daily":false,"chose_seed":false,"campfire_upgraded":7,"win_rate":0,"timestamp":1566112130,"path_taken":["M","?","?","?","M","E","R","E","T","R","?","E","$","M","R","BOSS","M","?","M","?","?","E","?","R","T","E","?","R","E","M","R","BOSS","M","M","?","?","M","E","?","E","T","$","R","?","R","$","R","BOSS"],"build_version":"2019-07-17","purchased_purges":2,"victory":true,"max_hp_per_floor":[80,80,80,80,80,80,80,80,80,80,80,80,80,80,80,80,80,80,80,80,80,80,90,95,95,95,95,95,95,95,95,95,95,95,95,95,95,95,95,95,95,95,95,95,95,95,95,95,95,95],"card_choices":[{"not_picked":["Ghostly Armor","Bloodletting"],"picked":"Cleave","floor":1.0},{"not_picked":["Cleave","Corruption"],"picked":"True Grit","floor":3.0},{"not_picked":["True Grit","Body Slam"],"picked":"Clash","floor":5.0},{"not_picked":["True Grit","Second Wind"],"picked":"Metallicize","floor":6.0},{"not_picked":["Dual Wield","Perfected Strike"],"picked":"Heavy Blade","floor":8.0},{"not_picked":["Intimidate","Heavy Blade","Pommel Strike"],"picked":"Dark Embrace","floor":11.0},{"not_picked":["Feel No Pain","Combust","Havoc"],"picked":"Entrench","floor":12.0},{"not_picked":["Havoc","Twin Strike","Sever Soul"],"picked":"Shrug It Off","floor":14.0},{"not_picked":["Brutality","Barricade","Juggernaut"],"picked":"Reaper","floor":16.0},{"not_picked":["Iron Wave","Heavy Blade+1","Twin Strike"],"picked":"Flex+1","floor":18.0},{"not_picked":["Ghostly Armor+1","Havoc","Thunderclap"],"picked":"Clash","floor":20.0},{"not_picked":["Sentinel","Clash","Evolve"],"picked":"Headbutt","floor":21.0},{"not_picked":["Rampage","Feed","Corruption"],"picked":"Flex+1","floor":23.0},{"not_picked":["Flex","Searing Blow","Rage","Brutality"],"picked":"SKIP","floor":27.0},{"not_picked":["Sentinel","Perfected Strike","Pommel Strike"],"picked":"Pummel+1","floor":30.0},{"not_picked":["Fire Breathing","Perfected Strike","Iron Wave","Power Through"],"picked":"SKIP","floor":31.0},{"not_picked":["Reaper","Barricade","Fiend Fire"],"picked":"Limit Break","floor":33.0},{"not_picked":["Ghostly Armor","Body Slam+1","Anger+1","Cleave"],"picked":"SKIP","floor":35},{"not_picked":["Entrench","Power Through+1","Intimidate"],"picked":"Battle Trance+1","floor":36},{"not_picked":["Corruption+1","Shockwave+1","Fire Breathing+1"],"picked":"Spot Weakness+1","floor":38},{"not_picked":["Blood for Blood","Sever Soul","Anger+1","Havoc+1"],"picked":"SKIP","floor":39},{"not_picked":["Flex","Sword Boomerang","Corruption"],"picked":"Heavy Blade+1","floor":40},{"not_picked":["Body Slam","Dark Embrace","Flex"],"picked":"Ghostly Armor+1","floor":41},{"not_picked":["Anger","Rampage+1","Thunderclap+1","Disarm"],"picked":"SKIP","floor":42}],"player_experience":183340,"relics_obtained":[{"floor":6.0,"key":"Happy Flower"},{"floor":8.0,"key":"Thread and Needle"},{"floor":9.0,"key":"Question Card"},{"floor":12.0,"key":"Kunai"},{"floor":22.0,"key":"Necronomicon"},{"floor":23.0,"key":"Pear"},{"floor":26.0,"key":"Shuriken"},{"floor":27.0,"key":"PreservedInsect"},{"floor":30.0,"key":"Vajra"},{"floor":40,"key":"Potion Belt"},{"floor":41,"key":"Calipers"},{"floor":42,"key":"Pen Nib"},{"floor":43,"key":"Mummified Hand"}],"event_choices":[{"damage_healed":0.0,"max_hp_gain":0.0,"max_hp_loss":0.0,"gold_gain":0.0,"event_name":"WeMeetAgain","player_choice":"Paid Gold","floor":2.0,"gold_loss":110.0,"damage_taken":0.0,"relics_obtained":["FossilizedHelix"]},{"damage_healed":0.0,"max_hp_gain":0.0,"max_hp_loss":0.0,"gold_gain":0.0,"event_name":"Match and Keep!","player_choice":"2 cards matched","floor":4.0,"gold_loss":0.0,"damage_taken":0.0,"cards_obtained":["Bludgeon","Rampage"]},{"damage_healed":0.0,"max_hp_gain":0.0,"max_hp_loss":0.0,"gold_gain":0.0,"cards_transformed":["Strike_R","Defend_R"],"event_name":"Designer","player_choice":"Transformed Cards","floor":19.0,"gold_loss":60.0,"damage_taken":0.0,"cards_obtained":["Rage","Entrench"]},{"damage_healed":0.0,"max_hp_gain":0.0,"max_hp_loss":0.0,"gold_gain":0.0,"event_name":"Cursed Tome","player_choice":"Obtained Book","floor":22.0,"gold_loss":0.0,"damage_taken":16.0},{"damage_healed":0.0,"max_hp_gain":5.0,"max_hp_loss":0.0,"gold_gain":0.0,"event_name":"Forgotten Altar","player_choice":"Shed Blood","floor":24.0,"gold_loss":0.0,"damage_taken":23.0},{"damage_healed":0.0,"max_hp_gain":0.0,"max_hp_loss":0.0,"gold_gain":0.0,"event_name":"The Mausoleum","player_choice":"Opened","floor":28.0,"gold_loss":0.0,"damage_taken":0.0,"relics_obtained":["Meat on the Bone"]},{"damage_healed":0,"gold_gain":0,"player_choice":"0 cards matched","damage_taken":0,"max_hp_gain":0,"max_hp_loss":0,"event_name":"Match and Keep!","floor":37,"gold_loss":0,"cards_obtained":[]},{"damage_healed":0,"gold_gain":0,"player_choice":"Fight","damage_taken":0,"max_hp_gain":0,"max_hp_loss":0,"event_name":"Mysterious Sphere","floor":41,"gold_loss":0},{"damage_healed":0,"gold_gain":0,"player_choice":"Got Potions","damage_taken":0,"max_hp_gain":0,"max_hp_loss":0,"event_name":"Lab","floor":46,"gold_loss":0}],"is_beta":false,"boss_relics":[{"not_picked":["Velvet Choker","Runic Dome"],"picked":"White Beast Statue"},{"not_picked":["Lizard Tail","Coffee Dripper"],"picked":"Eternal Feather"}],"items_purged_floors":[44,48],"is_endless":false,"potions_floor_spawned":[5,6,11,12,18,20,21,23,27,30,31,33,35,36,38,39,40,41,42],"ascension_level":3}