{"gold_per_floor":[10,10,21,38,38,38,55,84,84,115,115,128,53,69,69,145,145,164,214,224,239,239,239,239],"floor_reached":24,"playtime":1028,"items_purged":["Strike_B"],"score":441,"play_id":"4d2c5334-6a5d-43d7-a992-91ce8f0e0cc0","local_time":"20190221173930","is_ascension_mode":true,"campfire_choices":[{"data":"Zap","floor":6.0,"key":"SMITH"},{"data":"Go for the Eyes","floor":15.0,"key":"SMITH"},{"floor":23.0,"key":"REST"}],"neow_cost":"NO_GOLD","seed_source_timestamp":0,"circlet_count":0,"master_deck":["AscendersBane","Strike_B+1","Strike_B","Strike_B","Defend_B","Defend_B","Defend_B","Defend_B","Zap+1","Dualcast","Go for the Eyes+1","Genetic Algorithm","Ball Lightning","Glacier","Gash+1","Sweeping Beam","Beam Cell","Gash","Fission","Leap","Conserve Battery+1"],"special_seed":0,"relics":["Cracked Core","Whetstone","Potion Belt","Shuriken","Inserter"],"potions_floor_usage":[24,24,24],"damage_taken":[{"damage":1.0,"enemies":"Cultist","floor":1.0,"turns":3.0},{"damage":0.0,"enemies":"2 Louse","floor":3.0,"turns":3.0},{"damage":4.0,"enemies":"Small Slimes","floor":4.0,"turns":4.0},{"damage":0.0,"enemies":"Exordium Wildlife","floor":7.0,"turns":3.0},{"damage":33.0,"enemies":"3 Sentries","floor":8.0,"turns":9.0},{"damage":10.0,"enemies":"Lagavulin","floor":10.0,"turns":7.0},{"damage":0.0,"enemies":"2 Fungi Beasts","floor":12.0,"turns":2.0},{"damage":3.0,"enemies":"Looter","floor":14.0,"turns":2.0},{"damage":7.0,"enemies":"The Guardian","floor":16.0,"turns":11.0},{"damage":10.0,"enemies":"2 Thieves","floor":18.0,"turns":4.0},{"damage":22.0,"enemies":"Spheric Guardian","floor":20.0,"turns":6.0},{"damage":22.0,"enemies":"Centurion and Healer","floor":21.0,"turns":9.0},{"damage":15,"enemies":"Colosseum Slavers","floor":24,"turns":6},{"damage":42,"enemies":"Colosseum Nobs","floor":24,"turns":3}],"seed_played":"-4434553553429659859","potions_obtained":[{"floor":1.0,"key":"Ancient Potion"},{"floor":10.0,"key":"Strength Potion"},{"floor":12.0,"key":"AttackPotion"},{"floor":16.0,"key":"Weak Potion"},{"floor":20.0,"key":"Weak Potion"},{"floor":21.0,"key":"PowerPotion"}],"is_trial":false,"path_per_floor":["M","?","M","M","?","R","M","E","T","E","?","M","$","M","R","B",null,"M","?","M","M","?","R","?"],"character_chosen":"DEFECT","items_purchased":[],"campfire_rested":1,"item_purchase_floors":[],"current_hp_per_floor":[77,77,77,73,73,73,73,40,40,30,35,35,35,32,32,25,74,64,64,42,20,20,47,0],"gold":239,"neow_bonus":"TWENTY_PERCENT_HP_BONUS","is_prod":false,"is_daily":false,"chose_seed":false,"campfire_upgraded":2,"win_rate":0,"timestamp":1550770770,"path_taken":["M","?","M","M","?","R","M","E","T","E","?","?","$","M","R","BOSS","M","?","M","M","?","R","?"],"build_version":"2019-02-06","purchased_purges":1,"victory":false,"max_hp_per_floor":[85,85,85,85,85,85,85,85,85,85,90,90,90,90,90,90,90,90,90,90,90,90,90,90],"card_choices":[{"not_picked":["Chill","Scrape"],"picked":"Go for the Eyes","floor":1.0},{"not_picked":["Double Energy","Static Discharge"],"picked":"Genetic Algorithm","floor":3.0},{"not_picked":["Steam","Gash"],"picked":"Ball Lightning","floor":4.0},{"not_picked":["Compile Driver","BootSequence"],"picked":"Glacier","floor":7.0},{"not_picked":["Scrape","Conserve Battery"],"picked":"Gash","floor":8.0},{"not_picked":["Streamline","Darkness"],"picked":"Sweeping Beam","floor":10.0},{"not_picked":["Glacier","Rip and Tear"],"picked":"Beam Cell","floor":12.0},{"not_picked":["Force Field","Rip and Tear"],"picked":"Gash","floor":14.0},{"not_picked":["Creative AI","Meteor Strike"],"picked":"Fission","floor":16.0},{"not_picked":["Capacitor","Sweeping Beam"],"picked":"Leap","floor":18.0},{"not_picked":["Melter","Beam Cell","Steam Power"],"picked":"SKIP","floor":20.0},{"not_picked":["Hello World","Beam Cell"],"picked":"Conserve Battery+1","floor":21.0}],"player_experience":1859494,"relics_obtained":[{"floor":8.0,"key":"Whetstone"},{"floor":9.0,"key":"Potion Belt"},{"floor":10.0,"key":"Shuriken"}],"event_choices":[{"damage_healed":0.0,"max_hp_gain":0.0,"max_hp_loss":0.0,"gold_gain":0.0,"event_name":"Liars Game","player_choice":"Ignored","floor":2.0,"gold_loss":0.0,"damage_taken":0.0},{"damage_healed":0.0,"max_hp_gain":0.0,"max_hp_loss":0.0,"gold_gain":0.0,"event_name":"The Cleric","player_choice":"Leave","floor":5.0,"gold_loss":0.0,"damage_taken":0.0},{"damage_healed":0.0,"max_hp_gain":5.0,"max_hp_loss":0.0,"gold_gain":0.0,"event_name":"Big Fish","player_choice":"Donut","floor":11.0,"gold_loss":0.0,"damage_taken":0.0},{"damage_healed":0.0,"max_hp_gain":0.0,"max_hp_loss":0.0,"gold_gain":50.0,"event_name":"Nest","player_choice":"Stole From Cult","floor":19.0,"gold_loss":0.0,"damage_taken":0.0},{"damage_healed":0.0,"max_hp_gain":0.0,"max_hp_loss":0.0,"gold_gain":0.0,"event_name":"Cursed Tome","player_choice":"Ignored","floor":22.0,"gold_loss":0.0,"damage_taken":0.0},{"damage_healed":0,"gold_gain":0,"player_choice":"Fight","damage_taken":0,"max_hp_gain":0,"max_hp_loss":0,"event_name":"Colosseum","floor":24,"gold_loss":0},{"damage_healed":0,"gold_gain":0,"player_choice":"Fought Nobs","damage_taken":0,"max_hp_gain":0,"max_hp_loss":0,"event_name":"Colosseum","floor":24,"gold_loss":0}],"is_beta":true,"boss_relics":[{"not_picked":["Snecko Eye","Sozu"],"picked":"Inserter"}],"items_purged_floors":[13],"is_endless":false,"potions_floor_spawned":[1,10,12,16,20,21],"killed_by":"Colosseum Nobs","ascension_level":20}