{"gold_per_floor":[112,123,133,133,194,194,226,239,239,255,288,288,288,305,305,403,403,422,120,120,120,120,120,130,130,130,147,62,96,106,106,106,202,202,212,225,271,284,284,284,311,209,290,306,125,160,160,178,178,178,178,178,4,37,37],"floor_reached":55,"playtime":3401,"items_purged":[],"score":918,"play_id":"a77fd80c-2cba-40a9-922e-8fe317f5a703","local_time":"20190628231423","is_ascension_mode":true,"campfire_choices":[{"floor":6,"key":"RECALL"},{"data":"Inflame","floor":13,"key":"SMITH"},{"floor":15,"key":"REST"},{"data":"Limit Break","floor":23,"key":"SMITH"},{"floor":25,"key":"REST"},{"data":"1","floor":32,"key":"LIFT"},{"data":"2","floor":40,"key":"LIFT"},{"data":"3","floor":47,"key":"LIFT"},{"floor":49,"key":"REST"},{"floor":52,"key":"REST"}],"neow_cost":"NONE","seed_source_timestamp":218476990215700,"circlet_count":0,"master_deck":["Strike_R","Strike_R","Strike_R","Strike_R","Strike_R","Defend_R","Defend_R","Defend_R","Defend_R","Bash+1","Heavy Blade","Sword Boomerang","Clash","Ghostly Armor","Heavy Blade","Feed+1","Inflame+1","Battle Trance","Double Tap","Flex","Limit Break+1","Clash","J.A.X.","Reaper","Flex+1","Rampage+1","Clash+1","Clash+1","Fiend Fire+1","Heavy Blade+1","Heavy Blade+1","Dual Wield+1","Iron Wave+1","Battle Trance","Twin Strike+1","Burning Pact+1","Warcry","Reaper+1"],"relics":["White Beast Statue","Vajra","FossilizedHelix","Philosopher\u0027s Stone","Membership Card","Girya","Potion Belt","Oddly Smooth Stone","Molten Egg 2","Fusion Hammer","Ginger","Omamori","Sling","Bottled Lightning","Bronze Scales","Regal Pillow","Shuriken","Lantern","DollysMirror","Pen Nib"],"potions_floor_usage":[7,11,14,18,24,27,30,33,36,36,37,41,41,50,55,55,55,55,55],"damage_taken":[{"damage":0,"enemies":"Small Slimes","floor":1,"turns":4},{"damage":0,"enemies":"2 Louse","floor":2,"turns":2},{"damage":1,"enemies":"Cultist","floor":3,"turns":3},{"damage":28,"enemies":"Gremlin Nob","floor":7,"turns":4},{"damage":0,"enemies":"Looter","floor":8,"turns":2},{"damage":0,"enemies":"Blue Slaver","floor":10,"turns":2},{"damage":21,"enemies":"Lagavulin","floor":11,"turns":6},{"damage":7,"enemies":"Exordium Wildlife","floor":14,"turns":4},{"damage":36,"enemies":"Hexaghost","floor":16,"turns":9},{"damage":30,"enemies":"3 Byrds","floor":18,"turns":5},{"damage":41,"enemies":"2 Thieves","floor":24,"turns":4},{"damage":12,"enemies":"3 Cultists","floor":27,"turns":4},{"damage":16,"enemies":"Book of Stabbing","floor":29,"turns":3},{"damage":1,"enemies":"Centurion and Healer","floor":30,"turns":4},{"damage":18,"enemies":"Champ","floor":33,"turns":6},{"damage":18,"enemies":"3 Shapes","floor":35,"turns":3},{"damage":0,"enemies":"3 Darklings","floor":36,"turns":3},{"damage":16,"enemies":"2 Orb Walkers","floor":37,"turns":2},{"damage":15,"enemies":"Sphere and 2 Shapes","floor":38,"turns":6},{"damage":17,"enemies":"Nemesis","floor":41,"turns":3},{"damage":0,"enemies":"Spire Growth","floor":44,"turns":2},{"damage":0,"enemies":"Giant Head","floor":46,"turns":5},{"damage":6,"enemies":"4 Shapes","floor":48,"turns":2},{"damage":67,"enemies":"Awakened One","floor":50,"turns":6},{"damage":6,"enemies":"Shield and Spear","floor":54,"turns":2},{"damage":145,"enemies":"The Heart","floor":55,"turns":5}],"seed_played":"-4008218451703693392","potions_obtained":[{"floor":1,"key":"SpeedPotion"},{"floor":2,"key":"PowerPotion"},{"floor":3,"key":"Swift Potion"},{"floor":7,"key":"FearPotion"},{"floor":11,"key":"Weak Potion"},{"floor":14,"key":"Block Potion"},{"floor":16,"key":"SteroidPotion"},{"floor":18,"key":"Block Potion"},{"floor":24,"key":"Weak Potion"},{"floor":27,"key":"Dexterity Potion"},{"floor":29,"key":"Energy Potion"},{"floor":30,"key":"Strength Potion"},{"floor":33,"key":"FearPotion"},{"floor":35,"key":"Poison Potion"},{"floor":36,"key":"Regen Potion"},{"floor":37,"key":"Strength Potion"},{"floor":38,"key":"Fire Potion"},{"floor":41,"key":"Explosive Potion"},{"floor":44,"key":"AttackPotion"},{"floor":48,"key":"Block Potion"},{"floor":54,"key":"EssenceOfSteel"}],"is_trial":false,"path_per_floor":["M","M","M","?","?","R","E","M","T","M","E","?","R","M","R","B",null,"M","$","?","?","?","R","M","R","T","M","?","E","M","T","R","B",null,"M","M","?","M","?","R","E","$","T","M","$","E","R","M","R","B",null,"R","$","E","B"],"character_chosen":"IRONCLAD","items_purchased":["Membership Card","Limit Break","Clash","Sling","Regen Potion","Bronze Scales","Regal Pillow","Lantern","DollysMirror"],"campfire_rested":4,"item_purchase_floors":[19,19,19,42,45,45,45,53,53],"current_hp_per_floor":[80,80,79,79,79,79,51,51,51,51,30,30,30,27,52,20,88,62,62,62,62,62,62,35,63,63,72,72,66,69,69,69,51,104,90,90,79,87,87,87,84,84,84,84,84,116,116,116,116,49,116,116,116,110,0],"gold":37,"neow_bonus":"BOSS_RELIC","is_prod":false,"is_daily":false,"chose_seed":false,"campfire_upgraded":2,"win_rate":1,"timestamp":1561731263,"path_taken":["M","M","M","?","?","R","E","M","T","M","E","?","R","M","R","BOSS","M","$","?","?","?","R","M","R","T","?","?","E","M","?","R","BOSS","M","M","?","M","?","R","E","$","T","M","$","E","R","?","R","BOSS","R","$","E","BOSS"],"build_version":"2019-01-23","purchased_purges":0,"victory":false,"max_hp_per_floor":[80,80,80,80,80,80,80,80,80,80,80,80,80,84,84,88,88,92,92,92,92,92,92,96,96,96,100,100,100,104,104,104,104,104,108,108,108,112,112,112,112,112,112,112,112,116,116,116,116,116,116,116,116,116,116],"card_choices":[{"not_picked":["Body Slam","Sword Boomerang"],"picked":"Heavy Blade","floor":1},{"not_picked":["Burning Pact","Power Through"],"picked":"Sword Boomerang","floor":2},{"not_picked":["Headbutt","True Grit"],"picked":"Clash","floor":3},{"not_picked":["Flame Barrier","Rupture"],"picked":"Ghostly Armor","floor":7},{"not_picked":["Anger","Disarm"],"picked":"Heavy Blade","floor":8},{"not_picked":["Cleave","Headbutt"],"picked":"Feed","floor":10},{"not_picked":["Metallicize","Heavy Blade"],"picked":"Inflame","floor":11},{"not_picked":["Headbutt","Rage"],"picked":"Battle Trance","floor":14},{"not_picked":["Fiend Fire","Impervious"],"picked":"Double Tap","floor":16},{"not_picked":["Anger","Armaments"],"picked":"Flex","floor":18},{"not_picked":["Cleave","Bloodletting+1"],"picked":"Flex+1","floor":24},{"not_picked":["Shrug It Off+1","Pummel"],"picked":"Rampage+1","floor":27},{"not_picked":["Perfected Strike","Uppercut"],"picked":"Clash+1","floor":29},{"not_picked":["Warcry+1","True Grit"],"picked":"Clash+1","floor":30},{"not_picked":["Offering","Demon Form"],"picked":"Fiend Fire+1","floor":33},{"not_picked":["Iron Wave+1","True Grit"],"picked":"Heavy Blade+1","floor":35},{"not_picked":["Second Wind+1","Thunderclap+1"],"picked":"Heavy Blade+1","floor":36},{"not_picked":["Shrug It Off+1","Iron Wave+1"],"picked":"Dual Wield+1","floor":37},{"not_picked":["Berserk","True Grit+1"],"picked":"Iron Wave+1","floor":38},{"not_picked":["Perfected Strike+1","Iron Wave+1","Fire Breathing+1"],"picked":"SKIP","floor":41},{"not_picked":["Iron Wave+1","Body Slam+1"],"picked":"Twin Strike+1","floor":44},{"not_picked":["Cleave+1","Power Through+1"],"picked":"Burning Pact+1","floor":46},{"not_picked":["Armaments+1","Thunderclap+1"],"picked":"Warcry","floor":48},{"not_picked":["Blood for Blood+1","Flex+1","Pummel+1"],"picked":"SKIP","floor":54}],"player_experience":24813,"relics_obtained":[{"floor":7,"key":"Vajra"},{"floor":11,"key":"FossilizedHelix"},{"floor":26,"key":"Girya"},{"floor":29,"key":"Oddly Smooth Stone"},{"floor":31,"key":"Molten Egg 2"},{"floor":37,"key":"Ginger"},{"floor":41,"key":"Omamori"},{"floor":43,"key":"Bottled Lightning"},{"floor":46,"key":"Shuriken"},{"floor":54,"key":"Pen Nib"}],"event_choices":[{"damage_healed":0,"gold_gain":0,"player_choice":"Grow","damage_taken":0,"max_hp_gain":0,"max_hp_loss":0,"event_name":"Living Wall","floor":4,"gold_loss":0,"cards_upgraded":["Bash"]},{"damage_healed":0,"gold_gain":61,"player_choice":"Gained Gold","damage_taken":0,"max_hp_gain":0,"max_hp_loss":0,"event_name":"Golden Wing","floor":5,"gold_loss":0},{"damage_healed":0,"gold_gain":0,"player_choice":"Upgraded","damage_taken":0,"max_hp_gain":0,"max_hp_loss":0,"event_name":"Upgrade Shrine","floor":12,"gold_loss":0,"cards_upgraded":["Feed"]},{"damage_healed":0,"gold_gain":0,"player_choice":"Obtain J.A.X.","damage_taken":0,"max_hp_gain":0,"max_hp_loss":0,"event_name":"Drug Dealer","floor":20,"gold_loss":0,"cards_obtained":["J.A.X."]},{"damage_healed":0,"gold_gain":0,"player_choice":"Read","damage_taken":0,"max_hp_gain":0,"max_hp_loss":0,"event_name":"The Library","floor":21,"gold_loss":0,"cards_obtained":["Reaper"]},{"damage_healed":0,"gold_gain":0,"player_choice":"Ignored","damage_taken":0,"max_hp_gain":0,"max_hp_loss":0,"event_name":"Ghosts","floor":22,"gold_loss":0},{"damage_healed":0,"gold_gain":0,"player_choice":"Obtained Relic","damage_taken":0,"relics_obtained":["Potion Belt"],"max_hp_gain":0,"max_hp_loss":0,"event_name":"Addict","floor":28,"gold_loss":85},{"damage_healed":0,"gold_gain":0,"player_choice":"Fight","damage_taken":0,"max_hp_gain":0,"max_hp_loss":0,"event_name":"Mysterious Sphere","floor":37,"gold_loss":0},{"damage_healed":0,"gold_gain":0,"player_choice":"Copied","damage_taken":0,"max_hp_gain":0,"max_hp_loss":0,"event_name":"Duplicator","floor":39,"gold_loss":0,"cards_obtained":["Battle Trance"]}],"is_beta":false,"boss_relics":[{"not_picked":["Sozu","Runic Pyramid"],"picked":"Philosopher\u0027s Stone"},{"not_picked":["Busted Crown","Coffee Dripper"],"picked":"Fusion Hammer"}],"items_purged_floors":[],"is_endless":false,"potions_floor_spawned":[1,2,3,7,8,10,11,14,16,18,24,27,29,30,33,35,36,37,38,41,44,46,48,54],"killed_by":"The Heart","ascension_level":1}