{"gold_per_floor":[212,212,34,34,49,49,82,97,97,97,130,130,144,171,171,243,243,257,307,307,325,325,325,359,359,359,359,386,386,403,96,96,170,170,185,185,199,199,199,225,225,250,276,287,267,302,318,333,333,333,333,333,333,51,86,86],"floor_reached":56,"playtime":3034,"items_purged":["Strike_B"],"score":2103,"play_id":"aefc9d2d-0324-4c09-88ca-33ce7cbda2c6","local_time":"20190805201402","is_ascension_mode":true,"campfire_choices":[{"data":"Static Discharge","floor":6.0,"key":"SMITH"},{"data":"Defragment","floor":10.0,"key":"SMITH"},{"floor":12.0,"key":"REST"},{"data":"Zap","floor":15.0,"key":"SMITH"},{"floor":23.0,"key":"REST"},{"floor":25.0,"key":"REST"},{"data":"Defragment","floor":27.0,"key":"SMITH"},{"floor":32.0,"key":"REST"},{"data":"Defragment","floor":41.0,"key":"SMITH"},{"floor":49,"key":"RECALL"},{"data":"Defragment","floor":53,"key":"SMITH"}],"neow_cost":"NONE","seed_source_timestamp":0,"circlet_count":0,"master_deck":["AscendersBane","Defend_B","Defend_B","Defend_B","Defend_B","Zap+1","Dualcast","Compile Driver","Defragment+1","Sweeping Beam","Static Discharge+1","Gash","Chill","All For One","Cold Snap","Defragment+1","Static Discharge","Defragment+1","Go for the Eyes","Leap","Self Repair","Biased Cognition","Defragment+1","Steam","Leap+1","Core Surge","Coolheaded","Hologram","Skim"],"special_seed":0,"relics":["Cracked Core","Strawberry","Omamori","Emotion Chip","Symbiotic Virus","Runic Pyramid","DataDisk","Blood Vial","Bottled Lightning","Runic Capacitor","Velvet Choker","Cables","Juzu Bracelet","Boot","Pear","Bottled Tornado","Centennial Puzzle"],"potions_floor_usage":[46,56,56],"damage_taken":[{"damage":4.0,"enemies":"2 Louse","floor":1.0,"turns":4.0},{"damage":7.0,"enemies":"Jaw Worm","floor":5.0,"turns":4.0},{"damage":20.0,"enemies":"Lagavulin","floor":7.0,"turns":6.0},{"damage":0.0,"enemies":"Cultist","floor":8.0,"turns":3.0},{"damage":5.0,"enemies":"3 Sentries","floor":11.0,"turns":3.0},{"damage":12.0,"enemies":"2 Fungi Beasts","floor":13.0,"turns":2.0},{"damage":1.0,"enemies":"Lagavulin","floor":14.0,"turns":5.0},{"damage":9.0,"enemies":"Slime Boss","floor":16.0,"turns":5.0},{"damage":23.0,"enemies":"3 Byrds","floor":18.0,"turns":3.0},{"damage":13.0,"enemies":"2 Thieves","floor":21.0,"turns":3.0},{"damage":28.0,"enemies":"Gremlin Leader","floor":24.0,"turns":4.0},{"damage":36.0,"enemies":"Book of Stabbing","floor":28.0,"turns":3.0},{"damage":4.0,"enemies":"Snecko","floor":30.0,"turns":4.0},{"damage":7.0,"enemies":"Collector","floor":33.0,"turns":10.0},{"damage":0.0,"enemies":"3 Shapes","floor":35.0,"turns":10.0},{"damage":0.0,"enemies":"3 Darklings","floor":37.0,"turns":6.0},{"damage":28.0,"enemies":"Reptomancer","floor":40.0,"turns":8.0},{"damage":23.0,"enemies":"Nemesis","floor":42.0,"turns":6.0},{"damage":13.0,"enemies":"Spire Growth","floor":44.0,"turns":5.0},{"damage":1,"enemies":"Reptomancer","floor":46,"turns":4},{"damage":0,"enemies":"Writhing Mass","floor":47,"turns":7},{"damage":9,"enemies":"Jaw Worm Horde","floor":48,"turns":4},{"damage":0,"enemies":"Donu and Deca","floor":50,"turns":10},{"damage":23,"enemies":"Time Eater","floor":51,"turns":6},{"damage":41,"enemies":"Shield and Spear","floor":55,"turns":6},{"damage":50,"enemies":"The Heart","floor":56,"turns":3}],"seed_played":"1392362188771424333","potions_obtained":[{"floor":7.0,"key":"AttackPotion"},{"floor":8.0,"key":"Fire Potion"},{"floor":13.0,"key":"Weak Potion"},{"floor":14.0,"key":"SkillPotion"},{"floor":20.0,"key":"LiquidBronze"},{"floor":20.0,"key":"SkillPotion"},{"floor":24.0,"key":"Dexterity Potion"},{"floor":28.0,"key":"AttackPotion"},{"floor":44.0,"key":"SteroidPotion"},{"floor":45.0,"key":"GamblersBrew"},{"floor":46,"key":"SteroidPotion"},{"floor":55,"key":"Block Potion"}],"is_trial":false,"path_per_floor":["M","?","$","?","M","R","E","M","T","R","E","R","M","E","R","B",null,"M","?","?","M","?","R","E","R","T","R","E","?","M","$","R","B",null,"M","$","M","$","?","E","R","E","T","M","?","E","M","M","R","B","B",null,"R","$","E","B"],"character_chosen":"DEFECT","items_purchased":["Defragment","Sweeping Beam","Runic Capacitor","Self Repair","Bottled Tornado"],"campfire_rested":4,"item_purchase_floors":[3,3,31,31,54],"current_hp_per_floor":[60,53,53,55,48,48,28,28,28,28,23,46,34,33,33,24,65,42,42,42,29,29,52,24,47,47,47,13,13,11,11,34,36,68,77,77,78,78,78,57,57,43,43,39,39,57,66,66,66,75,54,80,80,80,48,0],"gold":86,"neow_bonus":"HUNDRED_GOLD","is_prod":false,"is_daily":false,"chose_seed":false,"campfire_upgraded":6,"win_rate":0,"timestamp":1565032442,"path_taken":["M","?","$","?","M","R","E","M","T","R","E","R","M","E","R","BOSS","M","?","?","?","?","R","E","R","T","R","E","?","M","$","R","BOSS","M","?","M","$","?","E","R","E","T","M","?","E","M","M","R","BOSS","BOSS","R","$","E","BOSS"],"build_version":"2019-07-18","purchased_purges":1,"victory":false,"max_hp_per_floor":[71,71,71,78,78,78,78,78,78,78,78,78,78,78,78,78,78,78,78,78,78,78,78,78,78,78,78,78,78,78,78,78,78,78,78,78,78,78,78,78,78,78,78,78,78,88,88,88,88,88,88,88,88,88,88,88],"card_choices":[{"not_picked":["Beam Cell","Heatsinks"],"picked":"Compile Driver","floor":1.0},{"not_picked":["Hello World","Gash"],"picked":"Static Discharge","floor":5.0},{"not_picked":["Reprogram","Tempest"],"picked":"FTL","floor":7.0},{"not_picked":["Go for the Eyes","Reprogram"],"picked":"Gash","floor":8.0},{"not_picked":["Reinforced Body","Hello World"],"picked":"Chill","floor":11.0},{"not_picked":["Conserve Battery","Beam Cell","Consume"],"picked":"SKIP","floor":13.0},{"not_picked":["Stack","Turbo","Storm"],"picked":"SKIP","floor":14.0},{"not_picked":["Reboot","Creative AI"],"picked":"All For One","floor":16.0},{"not_picked":["Ball Lightning","Turbo"],"picked":"Cold Snap","floor":18.0},{"not_picked":["Fusion","Turbo"],"picked":"Defragment","floor":21.0},{"not_picked":["Rebound","Cold Snap","Beam Cell"],"picked":"SKIP","floor":24.0},{"not_picked":["Meteor Strike","Auto Shields"],"picked":"Go for the Eyes","floor":28.0},{"not_picked":["Cold Snap","Go for the Eyes"],"picked":"Leap","floor":30.0},{"not_picked":["Meteor Strike","Rainbow"],"picked":"Biased Cognition","floor":33.0},{"not_picked":["Stack","Sweeping Beam"],"picked":"Defragment","floor":35.0},{"not_picked":["Self Repair","Steam Power+1","Reprogram+1"],"picked":"SKIP","floor":37.0},{"not_picked":["White Noise","Double Energy","Redo"],"picked":"SKIP","floor":40.0},{"not_picked":["Rebound","Cold Snap"],"picked":"Steam","floor":42.0},{"not_picked":["Undo","Chaos"],"picked":"Leap+1","floor":44.0},{"not_picked":["Coolheaded","Tempest"],"picked":"Core Surge","floor":46},{"not_picked":["Steam","Stack+1"],"picked":"Coolheaded","floor":47},{"not_picked":["Heatsinks","Beam Cell"],"picked":"Hologram","floor":48},{"not_picked":["Compile Driver","Darkness"],"picked":"Skim","floor":55}],"player_experience":2284464,"relics_obtained":[{"floor":7.0,"key":"Omamori"},{"floor":11.0,"key":"Emotion Chip"},{"floor":14.0,"key":"Symbiotic Virus"},{"floor":24.0,"key":"DataDisk"},{"floor":26.0,"key":"Blood Vial"},{"floor":28.0,"key":"Bottled Lightning"},{"floor":40.0,"key":"Cables"},{"floor":42.0,"key":"Juzu Bracelet"},{"floor":43.0,"key":"Boot"},{"floor":46,"key":"Pear"},{"floor":55,"key":"Centennial Puzzle"}],"event_choices":[{"cards_removed":["Strike_B"],"damage_healed":0.0,"max_hp_gain":0.0,"max_hp_loss":0.0,"gold_gain":0.0,"event_name":"Golden Wing","player_choice":"Card Removal","floor":2.0,"gold_loss":0.0,"damage_taken":7.0},{"damage_healed":0.0,"max_hp_gain":0.0,"max_hp_loss":0.0,"gold_gain":0.0,"event_name":"Scrap Ooze","player_choice":"Success","floor":4.0,"gold_loss":0.0,"damage_taken":5.0,"relics_obtained":["Strawberry"]},{"damage_healed":0.0,"max_hp_gain":0.0,"max_hp_loss":0.0,"gold_gain":50.0,"event_name":"Nest","player_choice":"Stole From Cult","floor":19.0,"gold_loss":0.0,"damage_taken":0.0},{"damage_healed":0.0,"max_hp_gain":0.0,"max_hp_loss":0.0,"gold_gain":0.0,"event_name":"Lab","player_choice":"Got Potions","floor":20.0,"gold_loss":0.0,"damage_taken":0.0},{"damage_healed":0.0,"max_hp_gain":0.0,"max_hp_loss":0.0,"gold_gain":0.0,"cards_transformed":["Strike_B","Strike_B"],"event_name":"Drug Dealer","player_choice":"Became Test Subject","floor":22.0,"gold_loss":0.0,"damage_taken":0.0,"cards_obtained":["Static Discharge","Defragment"]},{"damage_healed":0.0,"max_hp_gain":0.0,"max_hp_loss":0.0,"gold_gain":0.0,"event_name":"Match and Keep!","player_choice":"0 cards matched","floor":29.0,"gold_loss":0.0,"damage_taken":0.0,"cards_obtained":[]},{"cards_removed":["FTL"],"damage_healed":0.0,"max_hp_gain":0.0,"max_hp_loss":0.0,"gold_gain":0.0,"event_name":"Purifier","player_choice":"Purged","floor":39.0,"gold_loss":0.0,"damage_taken":0.0},{"damage_healed":0.0,"max_hp_gain":0.0,"max_hp_loss":0.0,"gold_gain":0.0,"event_name":"The Woman in Blue","player_choice":"Bought 1 Potion","floor":45.0,"gold_loss":0.0,"damage_taken":0.0}],"is_beta":true,"boss_relics":[{"not_picked":["Calling Bell","Tiny House"],"picked":"Runic Pyramid"},{"not_picked":["Astrolabe","Orrery"],"picked":"Velvet Choker"}],"items_purged_floors":[3],"is_endless":false,"potions_floor_spawned":[7,8,13,14,24,28,35,44,46,48,55],"killed_by":"The Heart","ascension_level":20}