{"gold_per_floor":[114,129,144,159,159,159,159,178,253,303,352,23,42,61,61,186,186,205,224,243,262,281,300,319,244,244,244,263,63,82,120,120,245,245,264,322,242,261,280,280,280,299,299,299,299,299,318,337,337,337],"floor_reached":51,"playtime":1561,"items_purged":["Strike_B","Parasite"],"score":846,"play_id":"76835137-ffb0-42cb-a5e7-86c3b7a34cb1","local_time":"20190815214736","daily_mods":["Cursed Run","Vintage","Terminal"],"is_ascension_mode":false,"campfire_choices":[{"data":"Zap","floor":6,"key":"SMITH"},{"data":"Streamline","floor":15,"key":"SMITH"},{"data":"Multi-Cast","floor":32,"key":"SMITH"},{"data":"Go for the Eyes","floor":40,"key":"SMITH"},{"data":"Flash of Steel","floor":46,"key":"SMITH"},{"floor":49,"key":"REST"}],"neow_cost":"","seed_source_timestamp":0,"circlet_count":0,"master_deck":["Strike_B","Strike_B+1","Strike_B+1","Defend_B","Defend_B","Defend_B","Zap+1","Dualcast","Streamline+1","Multi-Cast+1","Go for the Eyes+1","Flash of Steel+1","Master of Strategy","Doubt"],"special_seed":18123,"relics":["Cursed Key","Darkstone Periapt","Du-Vu Doll","Lantern","Strawberry","Potion Belt","Symbiotic Virus","Golden Idol","Torii","Omamori","Dodecahedron","Blood Vial","Tiny Chest","HandDrill","PreservedInsect","Mummified Hand","Busted Crown","Ancient Tea Set","Bronze Scales","Anchor","Whetstone","The Courier","Meat on the Bone","DataDisk","Vajra","Pear","Letter Opener","Bag of Marbles","Orrery","Regal Pillow","Calipers","Cables","Incense Burner","Bottled Lightning","Mercury Hourglass","Orichalcum"],"potions_floor_usage":[31,33,33,36,36,47,50,50],"damage_taken":[{"damage":0,"enemies":"Small Slimes","floor":1,"turns":3},{"damage":0,"enemies":"2 Louse","floor":2,"turns":2},{"damage":0,"enemies":"Jaw Worm","floor":3,"turns":4},{"damage":0,"enemies":"Gremlin Gang","floor":4,"turns":4},{"damage":0,"enemies":"Large Slime","floor":8,"turns":5},{"damage":0,"enemies":"Looter","floor":11,"turns":4},{"damage":0,"enemies":"Lots of Slimes","floor":13,"turns":4},{"damage":1,"enemies":"2 Fungi Beasts","floor":14,"turns":3},{"damage":5,"enemies":"The Guardian","floor":16,"turns":8},{"damage":1,"enemies":"Chosen","floor":18,"turns":3},{"damage":0,"enemies":"Spheric Guardian","floor":19,"turns":3},{"damage":14,"enemies":"Snake Plant","floor":20,"turns":3},{"damage":12,"enemies":"Shelled Parasite and Fungi","floor":21,"turns":3},{"damage":1,"enemies":"Snecko","floor":22,"turns":4},{"damage":0,"enemies":"Cultist and Chosen","floor":23,"turns":3},{"damage":0,"enemies":"Snake Plant","floor":24,"turns":2},{"damage":12,"enemies":"Centurion and Healer","floor":28,"turns":4},{"damage":10,"enemies":"Sentry and Sphere","floor":30,"turns":5},{"damage":0,"enemies":"Book of Stabbing","floor":31,"turns":2},{"damage":35,"enemies":"Champ","floor":33,"turns":6},{"damage":0,"enemies":"Orb Walker","floor":35,"turns":2},{"damage":18,"enemies":"2 Orb Walkers","floor":36,"turns":4},{"damage":0,"enemies":"3 Shapes","floor":38,"turns":3},{"damage":11,"enemies":"Sphere and 2 Shapes","floor":39,"turns":4},{"damage":1,"enemies":"Writhing Mass","floor":42,"turns":3},{"damage":7,"enemies":"Transient","floor":47,"turns":5},{"damage":11,"enemies":"Spire Growth","floor":48,"turns":3},{"damage":22,"enemies":"Donu and Deca","floor":50,"turns":5}],"seed_played":"2724722799782611133","potions_obtained":[{"floor":2,"key":"SkillPotion"},{"floor":4,"key":"PowerPotion"},{"floor":11,"key":"Poison Potion"},{"floor":14,"key":"SkillPotion"},{"floor":20,"key":"PowerPotion"},{"floor":28,"key":"Fire Potion"},{"floor":33,"key":"Ancient Potion"},{"floor":38,"key":"LiquidBronze"},{"floor":42,"key":"Swift Potion"}],"is_trial":false,"path_per_floor":["M","M","M","M","?","R","?","M","T","T","M","$","M","M","R","B",null,"M","M","M","M","M","M","M","?","T","?","M","$","M","E","R","B",null,"M","?","$","M","M","R","?","M","T","?","T","R","M","M","R","B",null],"character_chosen":"DEFECT","items_purchased":["HandDrill","Streamline","Pear"],"campfire_rested":1,"item_purchase_floors":[12,12,29],"current_hp_per_floor":[73,79,78,77,58,58,40,40,40,40,42,42,44,45,45,48,70,69,68,54,44,45,47,49,49,49,49,39,49,41,43,43,28,69,68,50,50,52,43,43,43,44,44,34,34,34,29,32,51,35],"gold":337,"neow_bonus":"","is_prod":false,"is_daily":true,"chose_seed":false,"campfire_upgraded":5,"win_rate":0,"timestamp":1565873256,"path_taken":["M","M","M","M","?","R","?","M","T","?","M","$","M","?","R","BOSS","M","M","M","M","M","M","M","?","T","?","?","$","M","E","R","BOSS","M","?","$","M","M","R","?","M","T","?","?","R","M","M","R","BOSS"],"build_version":"2019-07-17","purchased_purges":2,"victory":true,"max_hp_per_floor":[73,79,78,77,76,75,74,73,72,71,70,69,68,67,66,71,70,69,68,67,66,65,64,63,62,61,60,59,68,67,66,65,70,69,68,67,63,62,61,60,59,58,57,56,55,54,53,52,51,56],"card_choices":[{"not_picked":["Hyperbeam","Electrodynamics"],"picked":"Multi-Cast","floor":16},{"not_picked":["Leap"],"picked":"SKIP","floor":31},{"not_picked":[],"picked":"Go for the Eyes","floor":34},{"not_picked":[],"picked":"Flash of Steel","floor":44},{"not_picked":[],"picked":"Master of Strategy","floor":44}],"player_experience":145971,"relics_obtained":[{"floor":1,"key":"Lantern"},{"floor":2,"key":"Strawberry"},{"floor":3,"key":"Potion Belt"},{"floor":4,"key":"Symbiotic Virus"},{"floor":8,"key":"Omamori"},{"floor":9,"key":"Dodecahedron"},{"floor":10,"key":"Blood Vial"},{"floor":11,"key":"Tiny Chest"},{"floor":13,"key":"PreservedInsect"},{"floor":14,"key":"Mummified Hand"},{"floor":18,"key":"Ancient Tea Set"},{"floor":19,"key":"Bronze Scales"},{"floor":20,"key":"Anchor"},{"floor":21,"key":"Whetstone"},{"floor":22,"key":"The Courier"},{"floor":23,"key":"Meat on the Bone"},{"floor":24,"key":"DataDisk"},{"floor":28,"key":"Vajra"},{"floor":30,"key":"Letter Opener"},{"floor":31,"key":"Bag of Marbles"},{"floor":35,"key":"Regal Pillow"},{"floor":36,"key":"Calipers"},{"floor":38,"key":"Cables"},{"floor":39,"key":"Incense Burner"},{"floor":42,"key":"Bottled Lightning"},{"floor":47,"key":"Mercury Hourglass"},{"floor":48,"key":"Orichalcum"}],"event_choices":[{"damage_healed":0,"gold_gain":0,"player_choice":"Take Damage","damage_taken":19,"relics_obtained":["Golden Idol"],"max_hp_gain":0,"max_hp_loss":0,"event_name":"Golden Idol","floor":5,"gold_loss":0},{"damage_healed":0,"gold_gain":0,"player_choice":"Success","damage_taken":18,"relics_obtained":["Torii"],"max_hp_gain":0,"max_hp_loss":0,"event_name":"Scrap Ooze","floor":7,"gold_loss":0},{"cards_removed":["Decay"],"damage_healed":0,"gold_gain":0,"player_choice":"Gave Gold","damage_taken":0,"max_hp_gain":0,"max_hp_loss":0,"event_name":"Beggar","floor":25,"gold_loss":75},{"cards_removed":["Defend_B"],"damage_healed":0,"gold_gain":0,"player_choice":"Purged","damage_taken":0,"max_hp_gain":0,"max_hp_loss":0,"event_name":"Purifier","floor":27,"gold_loss":0},{"damage_healed":0,"gold_gain":0,"player_choice":"Fight","damage_taken":0,"max_hp_gain":0,"max_hp_loss":0,"event_name":"Mysterious Sphere","floor":36,"gold_loss":0},{"damage_healed":0,"gold_gain":0,"player_choice":"Ignored","damage_taken":0,"max_hp_gain":0,"max_hp_loss":0,"event_name":"Tomb of Lord Red Mask","floor":41,"gold_loss":0},{"damage_healed":0,"gold_gain":0,"player_choice":"Memory 3","damage_taken":10,"max_hp_gain":0,"max_hp_loss":0,"event_name":"SensoryStone","floor":44,"gold_loss":0}],"is_beta":false,"boss_relics":[{"not_picked":["Velvet Choker","Runic Dome"],"picked":"Busted Crown"},{"not_picked":["Eternal Feather","Coffee Dripper"],"picked":"Orrery"}],"items_purged_floors":[12,37],"is_endless":false,"potions_floor_spawned":[2,4,11,14,20,22,23,28,33,38,42],"ascension_level":0}