{"gold_per_floor":[110,127,277,41,56,88,88,122,122,122],"floor_reached":10,"playtime":440,"items_purged":["Doubt"],"score":152,"play_id":"0e15f9ed-b89c-4552-9c16-847644bd842c","local_time":"20190611141808","is_ascension_mode":true,"campfire_choices":[{"data":"Bash","floor":7,"key":"SMITH"}],"neow_cost":"NONE","seed_source_timestamp":8567200737023,"circlet_count":0,"master_deck":["AscendersBane","Strike_R","Strike_R","Strike_R","Strike_R","Strike_R","Defend_R+1","Defend_R","Defend_R","Defend_R+1","Bash+1","Twin Strike","Clothesline","Limit Break","Headbutt","Armaments"],"relics":["Burning Blood","War Paint","Champion Belt","Shuriken"],"potions_floor_usage":[8,10],"damage_taken":[{"damage":7,"enemies":"Small Slimes","floor":1,"turns":4},{"damage":1,"enemies":"2 Louse","floor":2,"turns":3},{"damage":4,"enemies":"Jaw Worm","floor":5,"turns":3},{"damage":32,"enemies":"Gremlin Nob","floor":6,"turns":5},{"damage":20,"enemies":"Lagavulin","floor":8,"turns":7},{"damage":35,"enemies":"3 Sentries","floor":10,"turns":9}],"seed_played":"3191641067957380912","potions_obtained":[{"floor":2,"key":"Weak Potion"},{"floor":5,"key":"SkillPotion"},{"floor":6,"key":"Block Potion"}],"is_trial":false,"path_per_floor":["M","M","?","$","M","E","R","E","T","E"],"character_chosen":"IRONCLAD","items_purchased":["War Paint"],"campfire_rested":0,"item_purchase_floors":[4],"current_hp_per_floor":[67,72,72,72,74,48,48,34,34,0],"gold":122,"neow_bonus":"THREE_CARDS","is_prod":false,"is_daily":false,"chose_seed":false,"campfire_upgraded":1,"win_rate":0,"timestamp":1560259088,"path_taken":["M","M","?","$","M","E","R","E","T","E"],"build_version":"2019-06-10","purchased_purges":1,"victory":false,"max_hp_per_floor":[75,75,75,75,75,75,75,75,75,75],"card_choices":[{"not_picked":["Havoc","Body Slam"],"picked":"Twin Strike","floor":0},{"not_picked":["Clash","Evolve"],"picked":"Clothesline","floor":1},{"not_picked":["Body Slam","Cleave","Flex"],"picked":"SKIP","floor":2},{"not_picked":["Flex","Thunderclap"],"picked":"Limit Break","floor":5},{"not_picked":["Entrench","Shrug It Off"],"picked":"Headbutt","floor":6},{"not_picked":["Uppercut","Entrench"],"picked":"Armaments","floor":8}],"player_experience":2102084,"relics_obtained":[{"floor":6,"key":"Champion Belt"},{"floor":8,"key":"Shuriken"}],"event_choices":[{"damage_healed":0,"gold_gain":150,"player_choice":"AGREE","damage_taken":0,"max_hp_gain":0,"max_hp_loss":0,"event_name":"Liars Game","floor":3,"gold_loss":0,"cards_obtained":["Doubt"]}],"is_beta":true,"boss_relics":[],"items_purged_floors":[4],"is_endless":false,"potions_floor_spawned":[2,5,6],"killed_by":"3 Sentries","ascension_level":20}