{"gold_per_floor":[115,290,290,365,93,93,93,93,120,152,152,52,84,84,84,162,162,175,194,194,194,293,293,293,328,352,352,352,367,367,382,382,456,456,474,240,240,250,250,282,282,297,297,297,352,368,384,42,42,42],"floor_reached":51,"playtime":2681,"items_purged":["Doubt","Regret","Parasite"],"score":1239,"play_id":"d4c3c593-e01b-406c-aaaf-9c7a7d9bb681","local_time":"20190824065231","is_ascension_mode":true,"campfire_choices":[{"data":"Pommel Strike","floor":6,"key":"SMITH"},{"data":"Defend_R","floor":8,"key":"SMITH"},{"data":"Uppercut","floor":15,"key":"SMITH"},{"data":"Armaments","floor":24,"key":"SMITH"},{"data":"Battle Trance","floor":28,"key":"SMITH"},{"data":"Entrench","floor":32,"key":"SMITH"},{"data":"Secret Technique","floor":41,"key":"SMITH"},{"floor":49,"key":"DIG"}],"neow_cost":"NONE","seed_source_timestamp":178594933558000,"circlet_count":0,"master_deck":["AscendersBane","Defend_R","Defend_R","Defend_R","Defend_R+1","Bash+1","Pommel Strike+1","Uppercut+1","Battle Trance+1","Reaper","Armaments+1","Bite","Bite","Bite","Bite","Bite","Disarm","Entrench+1","Bludgeon","Secret Technique+1","Spot Weakness+1","Shrug It Off"],"relics":["Coffee Dripper","MealTicket","Strawberry","Red Skull","Ornamental Fan","Oddly Smooth Stone","Singing Bowl","White Beast Statue","Ancient Tea Set","Boot","Sundial","Pantograph","Mark of Pain","Medical Kit","Vajra","Gremlin Horn","Shovel","Centennial Puzzle","Pen Nib"],"potions_floor_usage":[19,23,25,31,33,35,40,45,45,46,50],"damage_taken":[{"damage":2,"enemies":"2 Louse","floor":1,"turns":2},{"damage":17,"enemies":"3 Sentries","floor":10,"turns":6},{"damage":0,"enemies":"Gremlin Nob","floor":13,"turns":2},{"damage":26,"enemies":"Hexaghost","floor":16,"turns":10},{"damage":8,"enemies":"Chosen","floor":18,"turns":4},{"damage":9,"enemies":"Shell Parasite","floor":19,"turns":4},{"damage":0,"enemies":"Gremlin Leader","floor":23,"turns":1},{"damage":93,"enemies":"Slavers","floor":25,"turns":11},{"damage":13,"enemies":"Shelled Parasite and Fungi","floor":29,"turns":6},{"damage":1,"enemies":"Centurion and Healer","floor":31,"turns":9},{"damage":119,"enemies":"Automaton","floor":33,"turns":15},{"damage":40,"enemies":"3 Shapes","floor":35,"turns":8},{"damage":61,"enemies":"3 Darklings","floor":38,"turns":7},{"damage":60,"enemies":"Nemesis","floor":40,"turns":9},{"damage":28,"enemies":"4 Shapes","floor":42,"turns":5},{"damage":14,"enemies":"2 Orb Walkers","floor":45,"turns":6},{"damage":17,"enemies":"Writhing Mass","floor":46,"turns":8},{"damage":21,"enemies":"Transient","floor":47,"turns":5},{"damage":75,"enemies":"Awakened One","floor":50,"turns":19}],"seed_played":"-6703738469076660825","potions_obtained":[{"floor":16,"key":"SmokeBomb"},{"floor":18,"key":"Explosive Potion"},{"floor":19,"key":"Regen Potion"},{"floor":25,"key":"LiquidBronze"},{"floor":29,"key":"EssenceOfSteel"},{"floor":31,"key":"FairyPotion"},{"floor":33,"key":"LiquidBronze"},{"floor":35,"key":"Ancient Potion"},{"floor":40,"key":"FearPotion"},{"floor":42,"key":"Block Potion"},{"floor":45,"key":"GamblersBrew"},{"floor":46,"key":"SpeedPotion"},{"floor":47,"key":"SneckoOil"}],"is_trial":false,"path_per_floor":["M","?","?","?","$","R","?","R","T","E","?","$","E","$","R","B",null,"M","M","?","?","?","E","R","E","T","T","R","M","T","M","R","B",null,"M","$","?","M","?","E","R","M","T","?","?","M","M","$","R","B",null],"character_chosen":"IRONCLAD","items_purchased":["MealTicket","Medical Kit","Feel No Pain","Centennial Puzzle","LiquidBronze"],"campfire_rested":0,"item_purchase_floors":[5,36,36,48,48],"current_hp_per_floor":[70,70,70,59,59,59,41,41,41,24,24,39,39,54,54,28,72,72,69,52,52,52,52,52,12,12,12,12,26,26,63,63,6,52,29,44,44,29,29,14,14,48,48,48,47,49,57,72,72,74],"gold":42,"neow_bonus":"BOSS_RELIC","is_prod":false,"is_daily":false,"chose_seed":false,"campfire_upgraded":7,"win_rate":0,"timestamp":1566597151,"path_taken":["M","?","?","?","$","R","?","R","T","E","?","$","E","?","R","BOSS","M","M","?","?","?","E","R","E","T","?","R","?","?","M","R","BOSS","M","$","?","?","?","E","R","M","T","?","?","?","M","$","R","BOSS"],"build_version":"2019-07-17","purchased_purges":3,"victory":true,"max_hp_per_floor":[80,80,80,80,80,80,87,87,87,87,87,87,87,87,87,87,87,89,89,94,65,65,65,65,67,67,67,67,67,67,67,67,67,67,69,69,69,71,71,71,71,73,73,73,75,77,77,74,74,74],"card_choices":[{"not_picked":["Thunderclap","Havoc"],"picked":"Pommel Strike","floor":1},{"not_picked":["Clothesline","Havoc"],"picked":"Uppercut","floor":10},{"not_picked":["Sentinel","Limit Break"],"picked":"Battle Trance","floor":13},{"not_picked":["Berserk","Double Tap"],"picked":"Reaper","floor":16},{"not_picked":["Heavy Blade+1","Cleave","Twin Strike"],"picked":"Singing Bowl","floor":18},{"not_picked":["Reckless Charge","Spot Weakness"],"picked":"Armaments","floor":19},{"not_picked":["Thunderclap","Headbutt","Hemokinesis"],"picked":"Singing Bowl","floor":25},{"not_picked":["Rage","Cleave"],"picked":"Disarm","floor":29},{"not_picked":["Clothesline","Flex"],"picked":"Entrench","floor":31},{"not_picked":["Offering","Immolate"],"picked":"Bludgeon","floor":33},{"not_picked":["Perfected Strike","Iron Wave","Heavy Blade"],"picked":"Singing Bowl","floor":35},{"not_picked":["Heavy Blade+1","Cleave","Havoc"],"picked":"Singing Bowl","floor":38},{"not_picked":["Good Instincts","Deep Breath"],"picked":"Secret Technique","floor":39},{"not_picked":["Reaper","Clothesline"],"picked":"Spot Weakness+1","floor":40},{"not_picked":["Body Slam","Rage","Wild Strike"],"picked":"Singing Bowl","floor":42},{"not_picked":["Dual Wield","Sword Boomerang","Second Wind+1"],"picked":"Singing Bowl","floor":45},{"not_picked":["Headbutt","Cleave","Anger"],"picked":"Singing Bowl","floor":46},{"not_picked":["Thunderclap+1","Uppercut"],"picked":"Shrug It Off","floor":47}],"player_experience":185457,"relics_obtained":[{"floor":9,"key":"Red Skull"},{"floor":10,"key":"Ornamental Fan"},{"floor":13,"key":"Singing Bowl"},{"floor":25,"key":"Ancient Tea Set"},{"floor":26,"key":"Boot"},{"floor":27,"key":"Sundial"},{"floor":30,"key":"Pantograph"},{"floor":40,"key":"Vajra"},{"floor":43,"key":"Gremlin Horn"},{"floor":45,"key":"Shovel"},{"floor":49,"key":"Pen Nib"}],"event_choices":[{"damage_healed":0,"gold_gain":175,"player_choice":"AGREE","damage_taken":0,"max_hp_gain":0,"max_hp_loss":0,"event_name":"Liars Game","floor":2,"gold_loss":0,"cards_obtained":["Doubt"]},{"damage_healed":0,"gold_gain":0,"player_choice":"Grow","damage_taken":0,"max_hp_gain":0,"max_hp_loss":0,"event_name":"Living Wall","floor":3,"gold_loss":0,"cards_upgraded":["Bash"]},{"damage_healed":0,"gold_gain":75,"player_choice":"Gather Gold","damage_taken":11,"max_hp_gain":0,"max_hp_loss":0,"event_name":"World of Goop","floor":4,"gold_loss":0},{"damage_healed":0,"gold_gain":0,"player_choice":"Success","damage_taken":25,"relics_obtained":["Strawberry"],"max_hp_gain":0,"max_hp_loss":0,"event_name":"Scrap Ooze","floor":7,"gold_loss":0},{"damage_healed":0,"gold_gain":0,"player_choice":"Box","damage_taken":0,"relics_obtained":["Oddly Smooth Stone"],"max_hp_gain":0,"max_hp_loss":0,"event_name":"Big Fish","floor":11,"gold_loss":0,"cards_obtained":["Regret"]},{"damage_healed":0,"gold_gain":0,"player_choice":"Shed Blood","damage_taken":22,"max_hp_gain":5,"max_hp_loss":0,"event_name":"Forgotten Altar","floor":20,"gold_loss":0},{"damage_healed":0,"gold_gain":0,"player_choice":"Became a vampire","damage_taken":0,"max_hp_gain":0,"max_hp_loss":29,"event_name":"Vampires","floor":21,"gold_loss":0,"cards_obtained":["Bite","Bite","Bite","Bite","Bite"]},{"damage_healed":0,"gold_gain":99,"player_choice":"Stole From Cult","damage_taken":0,"max_hp_gain":0,"max_hp_loss":0,"event_name":"Nest","floor":22,"gold_loss":0},{"damage_healed":0,"gold_gain":0,"player_choice":"Bought 0 Potions","damage_taken":0,"max_hp_gain":0,"max_hp_loss":0,"event_name":"The Woman in Blue","floor":37,"gold_loss":0},{"damage_healed":0,"gold_gain":0,"player_choice":"Memory 1","damage_taken":0,"max_hp_gain":0,"max_hp_loss":0,"event_name":"SensoryStone","floor":39,"gold_loss":0},{"cards_removed":["Feel No Pain"],"damage_healed":0,"gold_gain":0,"player_choice":"Removed Power","damage_taken":0,"max_hp_gain":0,"max_hp_loss":0,"event_name":"Falling","floor":44,"gold_loss":0},{"damage_healed":0,"gold_gain":0,"player_choice":"Fight","damage_taken":0,"max_hp_gain":0,"max_hp_loss":0,"event_name":"Mysterious Sphere","floor":45,"gold_loss":0}],"is_beta":false,"boss_relics":[{"not_picked":["Runic Pyramid","Calling Bell"],"picked":"White Beast Statue"},{"not_picked":["Pandora\u0027s Box","Black Star"],"picked":"Mark of Pain"}],"items_purged_floors":[5,12,48],"is_endless":false,"potions_floor_spawned":[16,18,19,23,25,29,31,33,35,38,40,42,45,46,47],"ascension_level":13}