{"gold_per_floor":[119,194,5,5,5,40,40,100,126,20,54,54,83,95,107,197,209,235,261,9,9,27,27],"floor_reached":23,"playtime":888,"items_purged":["Strike_G","Strike_G"],"score":456,"play_id":"8969880b-0b23-4c23-8cf6-d5aeb9256622","local_time":"20190610153808","is_ascension_mode":true,"campfire_choices":[{"data":"Neutralize","floor":7,"key":"SMITH"},{"data":"Deadly Poison","floor":12,"key":"SMITH"},{"floor":15,"key":"REST"}],"neow_cost":"NONE","seed_source_timestamp":773552914416176,"circlet_count":0,"master_deck":["AscendersBane","Strike_G","Strike_G","Strike_G","Defend_G","Defend_G","Defend_G","Defend_G","Defend_G","Survivor","Neutralize+1","Footwork","Quick Slash","Footwork","Deadly Poison+1","Dagger Throw","Die Die Die","Adrenaline","Catalyst","Noxious Fumes","Caltrops","Footwork"],"relics":["Ring of the Snake","NeowsBlessing","Ninja Scroll","Omamori","Centennial Puzzle","Oddly Smooth Stone","Sundial","MawBank","Runic Dome","Pantograph"],"potions_floor_usage":[13,13,23,23],"damage_taken":[{"damage":0,"enemies":"Cultist","floor":1,"turns":1},{"damage":0,"enemies":"Gremlin Nob","floor":6,"turns":1},{"damage":0,"enemies":"3 Sentries","floor":8,"turns":1},{"damage":30,"enemies":"Lagavulin","floor":11,"turns":10},{"damage":22,"enemies":"3 Sentries","floor":13,"turns":8},{"damage":7,"enemies":"The Guardian","floor":16,"turns":12},{"damage":13,"enemies":"3 Byrds","floor":18,"turns":5},{"damage":13,"enemies":"2 Thieves","floor":19,"turns":4},{"damage":17,"enemies":"Shelled Parasite and Fungi","floor":22,"turns":5},{"damage":16,"enemies":"Slavers","floor":23,"turns":6}],"seed_played":"-7618496587046726436","potions_obtained":[{"floor":11,"key":"Swift Potion"},{"floor":13,"key":"SteroidPotion"},{"floor":14,"key":"Weak Potion"}],"is_trial":false,"path_per_floor":["M","?","$","?","T","E","R","?","T","$","E","R","E","?","R","B",null,"M","M","$","?","M","E"],"character_chosen":"THE_SILENT","items_purchased":["Footwork","Quick Slash","Fire Potion","Deadly Poison","Caltrops","GhostInAJar"],"campfire_rested":1,"item_purchase_floors":[3,3,10,10,20,20],"current_hp_per_floor":[59,48,48,53,53,53,53,53,53,53,23,23,1,1,22,15,57,44,31,31,31,14,0],"gold":27,"neow_bonus":"THREE_ENEMY_KILL","is_prod":false,"is_daily":false,"chose_seed":false,"campfire_upgraded":2,"win_rate":0,"timestamp":1560177488,"path_taken":["M","?","$","?","?","E","R","?","T","$","E","R","E","?","R","BOSS","M","M","$","?","M","E"],"build_version":"2019-06-07","purchased_purges":2,"victory":false,"max_hp_per_floor":[66,66,66,71,71,71,71,71,71,71,71,71,71,71,71,71,71,71,71,71,71,71,71],"card_choices":[{"not_picked":["Slice","Sucker Punch","Accuracy"],"picked":"SKIP","floor":1},{"not_picked":["Heel Hook","Poisoned Stab"],"picked":"Footwork","floor":6},{"not_picked":["Concentrate","Footwork"],"picked":"Dagger Throw","floor":11},{"not_picked":["Outmaneuver","Bane"],"picked":"Die Die Die","floor":13},{"not_picked":["Unload","A Thousand Cuts"],"picked":"Adrenaline","floor":16},{"not_picked":["Dagger Spray","Endless Agony"],"picked":"Catalyst","floor":18},{"not_picked":["Finisher","Dagger Spray"],"picked":"Noxious Fumes","floor":19},{"not_picked":["Backstab","Concentrate"],"picked":"Footwork","floor":22}],"player_experience":2100670,"relics_obtained":[{"floor":5,"key":"Ninja Scroll"},{"floor":6,"key":"Omamori"},{"floor":9,"key":"Oddly Smooth Stone"},{"floor":11,"key":"Sundial"},{"floor":13,"key":"MawBank"}],"event_choices":[{"damage_healed":0,"gold_gain":75,"player_choice":"Gather Gold","damage_taken":11,"max_hp_gain":0,"max_hp_loss":0,"event_name":"World of Goop","floor":2,"gold_loss":0},{"damage_healed":0,"gold_gain":0,"player_choice":"Donut","damage_taken":0,"max_hp_gain":5,"max_hp_loss":0,"event_name":"Big Fish","floor":4,"gold_loss":0},{"damage_healed":0,"gold_gain":0,"player_choice":"Searched \u00272\u0027 times","damage_taken":0,"relics_obtained":["Centennial Puzzle"],"max_hp_gain":0,"max_hp_loss":0,"event_name":"Dead Adventurer","floor":8,"gold_loss":0},{"damage_healed":0,"gold_gain":0,"player_choice":"Got Potions","damage_taken":0,"max_hp_gain":0,"max_hp_loss":0,"event_name":"Lab","floor":14,"gold_loss":0},{"damage_healed":0,"gold_gain":0,"player_choice":"Opened","damage_taken":0,"relics_obtained":["Pantograph"],"max_hp_gain":0,"max_hp_loss":0,"event_name":"The Mausoleum","floor":21,"gold_loss":0,"cards_obtained":["Writhe"]}],"is_beta":true,"boss_relics":[{"not_picked":["Busted Crown","Calling Bell"],"picked":"Runic Dome"}],"items_purged_floors":[3,20],"is_endless":false,"potions_floor_spawned":[11,13],"killed_by":"Slavers","ascension_level":20}