{"path_per_floor":["M","?","$","M","$","E","M","M","T","$","R","M","R","M","R","B",null,"M","?","$","T","M","E","?","R","T","R","M","E","R","M","R","B",null,"M","?","M","$","?","R","E","R","T","$","R","M","R","M","R","B"],"character_chosen":"IRONCLAD","items_purchased":["True Grit","Toxic Egg 2","Feel No Pain","Deep Breath+1","Mummified Hand","Warcry+1"],"gold_per_floor":[113,113,67,84,9,35,47,65,365,4,4,21,21,39,39,114,114,133,133,60,60,70,95,95,95,95,95,115,149,149,167,167,245,245,265,365,379,291,291,291,316,316,316,22,22,41,41,59,59,59],"floor_reached":51,"campfire_rested":0,"playtime":2849,"item_purchase_floors":[3,10,20,38,44,44],"current_hp_per_floor":[74,74,74,75,75,75,75,70,70,70,70,55,55,60,60,40,66,68,68,68,68,70,86,86,86,86,96,77,79,79,76,76,35,83,85,85,93,93,83,83,88,88,88,88,88,99,99,99,99,83],"items_purged":["Strike_R","Strike_R"],"gold":59,"score":1397,"play_id":"9087dde4-7b81-452f-bc6f-55842574b252","local_time":"20180528204204","is_prod":false,"is_daily":false,"chose_seed":false,"is_ascension_mode":true,"campfire_upgraded":3,"win_rate":0,"timestamp":1527536524,"campfire_choices":[{"data":"True Grit","floor":11,"key":"SMITH"},{"data":"Clothesline","floor":13,"key":"SMITH"},{"data":"Havoc","floor":15,"key":"SMITH"},{"floor":25,"key":"DIG"},{"floor":27,"key":"DIG"},{"floor":30,"key":"DIG"},{"floor":32,"key":"DIG"},{"floor":40,"key":"DIG"},{"floor":42,"key":"DIG"},{"floor":45,"key":"DIG"},{"floor":47,"key":"DIG"},{"floor":49,"key":"DIG"}],"path_taken":["M","?","$","M","$","E","M","?","T","?","R","M","R","M","R","BOSS","M","?","$","?","M","E","?","R","T","R","M","E","R","M","R","BOSS","M","?","M","$","?","R","E","R","T","?","R","M","R","?","R","BOSS"],"build_version":"2018-05-27","seed_source_timestamp":84696954585173,"purchased_purges":2,"victory":true,"master_deck":["Strike_R","Strike_R","Strike_R","Defend_R","Defend_R","Defend_R","Defend_R","Bash","AscendersBane","Ghostly Armor","Hemokinesis","Finesse","True Grit+1","Clothesline+1","Bludgeon","Power Through","Havoc+1","Immolate","Anger","Offering+1","Battle Trance+1","Feel No Pain+1","Corruption","Carnage","Entrench+1","Warcry+1","Bludgeon","Feel No Pain","Evolve","Deep Breath+1","Apotheosis+1","Master of Strategy+1","Master of Strategy+1","True Grit+1","Warcry+1","Feel No Pain","Feel No Pain"],"max_hp_per_floor":[75,75,75,75,75,75,75,75,75,75,75,75,75,75,75,75,75,75,75,75,75,75,89,89,89,89,99,99,99,99,99,99,99,99,99,99,99,99,99,99,99,99,99,99,99,99,99,99,99,99],"relics":["Burning Blood","NeowsBlessing","Kunai","Old Coin","Toxic Egg 2","Snecko Eye","Shovel","Mango","Regal Pillow","Champion Belt","Pear","Bird Faced Urn","Turnip","Sundial","Runic Dome","Omamori","Bag of Marbles","Ornamental Fan","Centennial Puzzle","Mummified Hand","Torii","Bag of Preparation","Pantograph"],"card_choices":[{"not_picked":["Clash","Warcry"],"picked":"Ghostly Armor","floor":1},{"not_picked":["Uppercut","Hemokinesis"],"picked":"Clothesline","floor":4},{"not_picked":["Sword Boomerang","Limit Break"],"picked":"Bludgeon","floor":6},{"not_picked":["Clothesline","Sword Boomerang"],"picked":"Power Through","floor":7},{"not_picked":["Cleave","Bloodletting"],"picked":"Havoc","floor":8},{"not_picked":["Uppercut","Dropkick"],"picked":"Immolate","floor":12},{"not_picked":["Inflame","Warcry+1"],"picked":"Anger","floor":14},{"not_picked":["Double Tap+1","Impervious+1"],"picked":"Offering+1","floor":16},{"not_picked":["Clothesline+1","Thunderclap"],"picked":"Battle Trance+1","floor":18},{"not_picked":["Flame Barrier+1","Warcry+1"],"picked":"Corruption","floor":22},{"not_picked":["Anger","Corruption","Headbutt"],"picked":"SKIP","floor":23},{"not_picked":["Anger","Searing Blow+1"],"picked":"Carnage","floor":28},{"not_picked":["Flex+1","Twin Strike"],"picked":"Entrench+1","floor":29},{"not_picked":["Clash","Fire Breathing"],"picked":"Warcry+1","floor":31},{"not_picked":["Offering+1","Immolate"],"picked":"Bludgeon","floor":33},{"not_picked":["Flex+1","Battle Trance+1"],"picked":"Feel No Pain","floor":35},{"not_picked":["Pummel","Sentinel+1"],"picked":"Evolve","floor":37},{"not_picked":["Swift Strike","Blind+1"],"picked":"Apotheosis+1","floor":39},{"not_picked":["Trip+1","Bandage Up+1"],"picked":"Master of Strategy+1","floor":39},{"not_picked":["Trip+1","Madness+1"],"picked":"Master of Strategy+1","floor":39},{"not_picked":["Heavy Blade","Wild Strike"],"picked":"True Grit+1","floor":41},{"not_picked":["Second Wind+1","Iron Wave"],"picked":"Feel No Pain","floor":46},{"not_picked":["Havoc+1","Armaments+1"],"picked":"Feel No Pain","floor":48}],"player_experience":641231,"potions_floor_usage":[14,18,18,23,31,33,50,50],"damage_taken":[{"damage":0,"enemies":"Jaw Worm","floor":1,"turns":1},{"damage":0,"enemies":"Cultist","floor":4,"turns":1},{"damage":0,"enemies":"Gremlin Nob","floor":6,"turns":1},{"damage":3,"enemies":"Small Slimes","floor":7,"turns":3},{"damage":11,"enemies":"Gremlin Gang","floor":8,"turns":10},{"damage":21,"enemies":"Large Slime","floor":12,"turns":8},{"damage":1,"enemies":"Exordium Thugs","floor":14,"turns":5},{"damage":26,"enemies":"The Guardian","floor":16,"turns":12},{"damage":4,"enemies":"Chosen","floor":18,"turns":2},{"damage":4,"enemies":"Shell Parasite","floor":22,"turns":2},{"damage":4,"enemies":"Gremlin Leader","floor":23,"turns":5},{"damage":25,"enemies":"Snake Plant","floor":28,"turns":4},{"damage":4,"enemies":"Book of Stabbing","floor":29,"turns":4},{"damage":13,"enemies":"Centurion and Healer","floor":31,"turns":6},{"damage":49,"enemies":"Collector","floor":33,"turns":13},{"damage":6,"enemies":"Flame Bruiser 1 Orb","floor":35,"turns":4},{"damage":4,"enemies":"Orb Walker","floor":37,"turns":4},{"damage":9,"enemies":"Giant Head","floor":41,"turns":7},{"damage":1,"enemies":"Transient","floor":46,"turns":5},{"damage":0,"enemies":"Sphere and 2 Shapes","floor":48,"turns":3},{"damage":41,"enemies":"Time Eater","floor":50,"turns":8}],"relics_obtained":[{"floor":6,"key":"Kunai"},{"floor":9,"key":"Old Coin"},{"floor":21,"key":"Shovel"},{"floor":23,"key":"Mango"},{"floor":25,"key":"Regal Pillow"},{"floor":26,"key":"Champion Belt"},{"floor":27,"key":"Pear"},{"floor":29,"key":"Bird Faced Urn"},{"floor":30,"key":"Turnip"},{"floor":32,"key":"Sundial"},{"floor":40,"key":"Omamori"},{"floor":41,"key":"Bag of Marbles"},{"floor":42,"key":"Ornamental Fan"},{"floor":43,"key":"Centennial Puzzle"},{"floor":45,"key":"Torii"},{"floor":47,"key":"Bag of Preparation"},{"floor":49,"key":"Pantograph"}],"event_choices":[{"event_name":"Match and Keep!","player_choice":"2 cards matched","floor":2,"damage_taken":0},{"event_name":"Match and Keep!","player_choice":"0 cards matched","floor":19,"damage_taken":0},{"event_name":"Accursed Blacksmith","player_choice":"Forge","floor":24,"damage_taken":0},{"event_name":"Golden Shrine","player_choice":"Pray","floor":36,"damage_taken":0},{"event_name":"SensoryStone","player_choice":"Memory 3","floor":39,"damage_taken":0}],"boss_relics":[{"not_picked":["Philosopher\u0027s Stone","Runic Cube"],"picked":"Snecko Eye"},{"not_picked":["Velvet Choker","White Beast Statue"],"picked":"Runic Dome"}],"items_purged_floors":[5,10],"potions_floor_spawned":[6,8,14,16,18,28,31,33,35],"seed_played":"6881295329751007288","ascension_level":14,"potions_obtained":[{"floor":6,"key":"Ancient Potion"},{"floor":8,"key":"FearPotion"},{"floor":14,"key":"Swift Potion"},{"floor":16,"key":"Explosive Potion"},{"floor":18,"key":"PowerPotion"},{"floor":28,"key":"GamblersBrew"},{"floor":31,"key":"SneckoOil"},{"floor":33,"key":"SteroidPotion"},{"floor":35,"key":"BloodPotion"}],"is_trial":false}