{"gold_per_floor":[116,38,38,113,130,130,160,210,236,248,248,276,294,37,37,110,110,129,54,54,70,70,70,95,95,95,106,123,45,45],"floor_reached":30,"playtime":898,"items_purged":["Strike_R"],"score":512,"play_id":"7067dcd3-5384-4be5-9562-42adcecf9e80","local_time":"20190720135754","is_ascension_mode":true,"campfire_choices":[{"data":"Hemokinesis","floor":6.0,"key":"SMITH"},{"floor":11.0,"key":"REST"},{"data":"Disarm","floor":15.0,"key":"SMITH"},{"floor":23.0,"key":"REST"},{"data":"Rupture","floor":25.0,"key":"SMITH"}],"neow_cost":"NONE","seed_source_timestamp":0,"circlet_count":0,"master_deck":["AscendersBane","Strike_R","Defend_R","Defend_R","Defend_R","Defend_R","Bash+1","Hemokinesis+1","Rupture+1","Sword Boomerang","Anger","Shockwave","Dropkick","Disarm+1","Impervious","Combust+1","Sever Soul+1","Body Slam+1","Ghostly Armor","Corruption"],"special_seed":0,"relics":["Burning Blood","Mercury Hourglass","Regal Pillow","Ancient Tea Set","Bag of Marbles","Astrolabe","Enchiridion","Shuriken","Nunchaku"],"potions_floor_usage":[30,30,30],"damage_taken":[{"damage":24.0,"enemies":"Jaw Worm","floor":1.0,"turns":5.0},{"damage":13.0,"enemies":"Small Slimes","floor":5.0,"turns":3.0},{"damage":28.0,"enemies":"Lagavulin","floor":7.0,"turns":8.0},{"damage":0.0,"enemies":"Cultist","floor":10.0,"turns":2.0},{"damage":37.0,"enemies":"3 Sentries","floor":12.0,"turns":6.0},{"damage":6.0,"enemies":"Exordium Thugs","floor":13.0,"turns":3.0},{"damage":15.0,"enemies":"Hexaghost","floor":16.0,"turns":8.0},{"damage":29.0,"enemies":"Spheric Guardian","floor":18.0,"turns":4.0},{"damage":12.0,"enemies":"Chosen","floor":21.0,"turns":4.0},{"damage":33.0,"enemies":"Book of Stabbing","floor":24.0,"turns":6.0},{"damage":4.0,"enemies":"Centurion and Healer","floor":27.0,"turns":5.0},{"damage":15.0,"enemies":"Snake Plant","floor":28.0,"turns":6.0},{"damage":13,"enemies":"Gremlin Leader","floor":30,"turns":2}],"seed_played":"-6457574471220921264","potions_obtained":[{"floor":5.0,"key":"SpeedPotion"},{"floor":7.0,"key":"GamblersBrew"},{"floor":16.0,"key":"LiquidBronze"},{"floor":21.0,"key":"AttackPotion"},{"floor":28.0,"key":"EntropicBrew"}],"is_trial":false,"path_per_floor":["M","$","?","?","M","R","E","?","T","M","R","E","M","$","R","B",null,"M","$","?","M","?","R","E","R","T","M","M","$","E"],"character_chosen":"IRONCLAD","items_purchased":["Rupture","Disarm","Bag of Marbles","Corruption"],"campfire_rested":2,"item_purchase_floors":[2,14,14,29],"current_hp_per_floor":[50,50,50,39,32,32,10,10,10,16,53,22,22,22,22,13,60,37,37,16,10,10,47,20,20,20,22,13,13,0],"gold":45,"neow_bonus":"UPGRADE_CARD","is_prod":false,"is_daily":false,"chose_seed":false,"campfire_upgraded":3,"win_rate":0,"timestamp":1563627474,"path_taken":["M","$","?","?","M","R","E","?","T","M","R","E","?","$","R","BOSS","M","$","?","M","?","R","E","R","T","M","M","?","E"],"build_version":"2019-07-18","purchased_purges":1,"victory":false,"max_hp_per_floor":[75,75,75,75,75,75,75,75,75,75,75,75,75,75,75,75,75,75,75,75,75,75,75,75,75,75,75,75,75,75],"card_choices":[{"not_picked":["Warcry","Wild Strike"],"picked":"Hemokinesis","floor":1.0},{"not_picked":["Warcry","Havoc"],"picked":"Sword Boomerang","floor":5.0},{"not_picked":["Twin Strike","Body Slam"],"picked":"Anger","floor":7.0},{"not_picked":["Headbutt","Warcry"],"picked":"Shockwave","floor":10.0},{"not_picked":["Cleave","Thunderclap","Wild Strike"],"picked":"SKIP","floor":12.0},{"not_picked":["Pommel Strike","Body Slam"],"picked":"Dropkick","floor":13.0},{"not_picked":["Juggernaut","Demon Form"],"picked":"Impervious","floor":16.0},{"not_picked":["Havoc","Twin Strike","Searing Blow"],"picked":"SKIP","floor":18.0},{"not_picked":["Sword Boomerang","Burning Pact"],"picked":"Ghostly Armor","floor":21.0},{"not_picked":["Seeing Red","Twin Strike","Anger"],"picked":"SKIP","floor":24.0},{"not_picked":["Flex+1","Reckless Charge","Twin Strike"],"picked":"SKIP","floor":27.0},{"not_picked":["Reckless Charge","Wild Strike","Sentinel"],"picked":"SKIP","floor":28.0}],"player_experience":2224550,"relics_obtained":[{"floor":7.0,"key":"Mercury Hourglass"},{"floor":9.0,"key":"Regal Pillow"},{"floor":12.0,"key":"Ancient Tea Set"},{"floor":20.0,"key":"Enchiridion"},{"floor":24.0,"key":"Shuriken"},{"floor":26.0,"key":"Nunchaku"}],"event_choices":[{"damage_healed":0.0,"max_hp_gain":0.0,"max_hp_loss":0.0,"gold_gain":0.0,"event_name":"Liars Game","player_choice":"Ignored","floor":3.0,"gold_loss":0.0,"damage_taken":0.0},{"damage_healed":0.0,"max_hp_gain":0.0,"max_hp_loss":0.0,"gold_gain":75.0,"event_name":"World of Goop","player_choice":"Gather Gold","floor":4.0,"gold_loss":0.0,"damage_taken":11.0},{"damage_healed":0.0,"max_hp_gain":0.0,"max_hp_loss":0.0,"gold_gain":50.0,"event_name":"Golden Shrine","player_choice":"Pray","floor":8.0,"gold_loss":0.0,"damage_taken":0.0},{"damage_healed":0.0,"max_hp_gain":0.0,"max_hp_loss":0.0,"gold_gain":0.0,"event_name":"Cursed Tome","player_choice":"Obtained Book","floor":20.0,"gold_loss":0.0,"damage_taken":21.0},{"damage_healed":0.0,"max_hp_gain":0.0,"max_hp_loss":0.0,"gold_gain":0.0,"event_name":"The Mausoleum","player_choice":"Ignored","floor":22.0,"gold_loss":0.0,"damage_taken":0.0}],"is_beta":true,"boss_relics":[{"not_picked":["Lizard Tail","Runic Cube"],"picked":"Astrolabe"}],"items_purged_floors":[19],"is_endless":false,"potions_floor_spawned":[5,7,16,21,28],"killed_by":"Gremlin Leader","ascension_level":20}