{"path_per_floor":["M","$","?","M","?","R","?","R","T","R","E","?","M","?","R","B",null,"M","M","?","?","M","R","M","M","T"],"character_chosen":"IRONCLAD","items_purchased":[],"gold_per_floor":[109,34,34,48,48,48,48,48,48,48,73,94,112,112,112,201,201,194,208,208,208,228,228,238,257,257,257],"floor_reached":27,"campfire_rested":1,"playtime":1059,"item_purchase_floors":[],"current_hp_per_floor":[72,72,57,63,68,68,68,68,68,68,44,26,26,26,48,7,57,41,36,36,36,41,41,46,51,51,0],"items_purged":["Strike_R"],"gold":257,"score":384,"play_id":"8ef61efe-ea17-4fb0-b4d7-42cd332791d5","local_time":"20180528154649","is_prod":false,"is_daily":false,"chose_seed":false,"is_ascension_mode":true,"campfire_upgraded":4,"win_rate":0,"timestamp":1527518809,"campfire_choices":[{"data":"Rampage","floor":6.0,"key":"SMITH"},{"data":"Bash","floor":8.0,"key":"SMITH"},{"data":"Whirlwind","floor":10.0,"key":"SMITH"},{"floor":15.0,"key":"REST"},{"data":"Demon Form","floor":23.0,"key":"SMITH"}],"path_taken":["M","$","?","M","?","R","?","R","T","R","E","?","M","?","R","BOSS","M","M","?","?","M","R","M","M","T","E"],"build_version":"2018-05-27","seed_source_timestamp":0,"purchased_purges":1,"victory":false,"master_deck":["Defend_R","Defend_R+1","Defend_R","Defend_R","Bash+1","AscendersBane","Whirlwind+1","Rampage+1","Shrug It Off","Spot Weakness","Intimidate","Demon Form+1","Ghostly Armor","Ghostly Armor","Offering","Havoc","Bite","Bite","Bite","Bite","Bite","Ghostly Armor","Shrug It Off","Battle Trance"],"max_hp_per_floor":[75,75,75,75,80,80,80,80,80,80,80,80,80,74,74,74,74,74,74,51,51,51,51,51,51,51,51],"relics":["Burning Blood","Juzu Bracelet","Kunai","Question Card","Odd Mushroom","Bloody Idol","Orrery","Shuriken"],"card_choices":[{"not_picked":["Cleave","Evolve"],"picked":"Whirlwind","floor":1.0},{"not_picked":["Twin Strike","Bloodletting"],"picked":"Rampage","floor":4.0},{"not_picked":["Corruption","Clash"],"picked":"Shrug It Off","floor":11.0},{"not_picked":["Twin Strike","Sever Soul","Iron Wave"],"picked":"Spot Weakness","floor":12.0},{"not_picked":["Blood for Blood","Evolve","Rage"],"picked":"Intimidate","floor":13.0},{"not_picked":["Fiend Fire","Reaper","Limit Break"],"picked":"Demon Form","floor":16.0},{"not_picked":["Cleave","Headbutt","Thunderclap"],"picked":"Ghostly Armor","floor":17.0},{"not_picked":["Fire Breathing","Disarm","Armaments"],"picked":"Ghostly Armor","floor":17.0},{"not_picked":["Bloodletting","Warcry+1","Clothesline"],"picked":"Offering","floor":18.0},{"not_picked":["Cleave","Sword Boomerang","Fire Breathing+1"],"picked":"Havoc","floor":19.0},{"not_picked":["Thunderclap","Anger+1","Sentinel"],"picked":"Ghostly Armor","floor":22.0},{"not_picked":["Twin Strike","Ghostly Armor","Inflame"],"picked":"Shrug It Off","floor":24.0},{"not_picked":["Headbutt","Combust","Body Slam"],"picked":"Battle Trance","floor":25.0}],"player_experience":639048,"potions_floor_usage":[27],"damage_taken":[{"damage":2.0,"enemies":"Jaw Worm","floor":1.0,"turns":3.0},{"damage":0.0,"enemies":"Small Slimes","floor":4.0,"turns":2.0},{"damage":30.0,"enemies":"Lagavulin","floor":11.0,"turns":6.0},{"damage":24.0,"enemies":"The Mushroom Lair","floor":12.0,"turns":3.0},{"damage":6.0,"enemies":"2 Louse","floor":13.0,"turns":3.0},{"damage":47.0,"enemies":"Slime Boss","floor":16.0,"turns":9.0},{"damage":22.0,"enemies":"2 Thieves","floor":18.0,"turns":4.0},{"damage":11.0,"enemies":"Chosen","floor":19.0,"turns":6.0},{"damage":18.0,"enemies":"Centurion and Healer","floor":22.0,"turns":8.0},{"damage":16.0,"enemies":"Cultist and Chosen","floor":24.0,"turns":5.0},{"damage":11.0,"enemies":"Snecko","floor":25.0,"turns":7.0},{"damage":60,"enemies":"Slavers","floor":27,"turns":5}],"relics_obtained":[{"floor":9.0,"key":"Kunai"},{"floor":11.0,"key":"Question Card"},{"floor":12.0,"key":"Odd Mushroom"},{"floor":26.0,"key":"Shuriken"}],"event_choices":[{"event_name":"Shining Light","player_choice":"Entered Light","floor":3.0,"damage_taken":0.0},{"event_name":"Big Fish","player_choice":"Donut","floor":5.0,"damage_taken":0.0},{"event_name":"Liars Game","player_choice":"disagreed","floor":7.0,"damage_taken":0.0},{"event_name":"Mushrooms","player_choice":"Fought Mushrooms","floor":12.0,"damage_taken":0.0},{"event_name":"Golden Idol","player_choice":"Lose Max HP","floor":14.0,"damage_taken":0.0},{"event_name":"Vampires","player_choice":"Became a vampire","floor":20.0,"damage_taken":0.0},{"event_name":"Forgotten Altar","player_choice":"Gave Idol","floor":21.0,"damage_taken":0.0}],"boss_relics":[],"items_purged_floors":[],"potions_floor_spawned":[11,16,18,19,24],"seed_played":"-8576570033077590499","killed_by":"Slavers","ascension_level":14,"potions_obtained":[{"floor":11.0,"key":"BloodPotion"},{"floor":16.0,"key":"Block Potion"},{"floor":18.0,"key":"Ancient Potion"},{"floor":19.0,"key":"GamblersBrew"},{"floor":24.0,"key":"FearPotion"}],"is_trial":false}