{"gold_per_floor":[115,115,265,265,69,99,118,136,191,211,211,1,12,26,26,98,98,108,23,23,34,2,2,32,32,32,66,66,92,104,166,178,266,278,308,337,349,33,0,0,0,14,14,14,31,31,31,66,66,66],"floor_reached":51,"playtime":2891,"items_purged":[],"score":1650,"play_id":"f08fc25a-3fe7-4202-86db-20d0c9d1f7c3","local_time":"20190822211718","is_ascension_mode":true,"campfire_choices":[{"floor":15,"key":"REST"},{"data":"Whirlwind","floor":23,"key":"SMITH"},{"floor":25,"key":"REST"},{"floor":32,"key":"REST"},{"data":"Feel No Pain","floor":40,"key":"SMITH"},{"floor":44,"key":"REST"},{"data":"Armaments","floor":46,"key":"SMITH"},{"floor":49,"key":"REST"}],"neow_cost":"TEN_PERCENT_HP_LOSS","seed_source_timestamp":1234215754110,"circlet_count":0,"master_deck":["AscendersBane","Strike_R","Strike_R","Strike_R","Defend_R","Defend_R","Defend_R","Defend_R","Bash","Armaments+1","Shrug It Off","Intimidate","Heavy Blade","Havoc","Havoc","Sever Soul","Flame Barrier","Clothesline","Seeing Red","Perfected Strike","Exhume","Warcry+1","Body Slam","Headbutt","Whirlwind+1","Battle Trance","Fiend Fire+1","Spot Weakness","Feel No Pain+1","Intimidate","Necronomicurse","Offering","Sentinel","Seeing Red","Havoc+1","Fiend Fire","Madness","Madness","Mind Blast+1","Shrug It Off","True Grit+1","Entrench+1","Infernal Blade","Havoc+1","Sword Boomerang","Infernal Blade"],"relics":["Burning Blood","Dead Branch","Juzu Bracelet","Red Skull","Strawberry","Dream Catcher","Sozu","The Courier","Lantern","Prayer Wheel","Peace Pipe","MawBank","Necronomicon","Black Star","Whetstone","Red Mask","Calipers","Vajra","Ancient Tea Set"],"potions_floor_usage":[10,24],"damage_taken":[{"damage":6,"enemies":"Cultist","floor":1,"turns":3},{"damage":41,"enemies":"Lagavulin","floor":6,"turns":10},{"damage":0,"enemies":"Small Slimes","floor":7,"turns":4},{"damage":7,"enemies":"Jaw Worm","floor":8,"turns":2},{"damage":12,"enemies":"Exordium Wildlife","floor":10,"turns":4},{"damage":4,"enemies":"2 Fungi Beasts","floor":13,"turns":3},{"damage":17,"enemies":"Large Slime","floor":14,"turns":4},{"damage":56,"enemies":"Slime Boss","floor":16,"turns":9},{"damage":16,"enemies":"Spheric Guardian","floor":18,"turns":5},{"damage":11,"enemies":"Shell Parasite","floor":21,"turns":4},{"damage":33,"enemies":"Gremlin Leader","floor":24,"turns":6},{"damage":11,"enemies":"Slavers","floor":27,"turns":4},{"damage":22,"enemies":"Gremlin Leader","floor":29,"turns":3},{"damage":0,"enemies":"Champ","floor":33,"turns":7},{"damage":0,"enemies":"3 Darklings","floor":35,"turns":2},{"damage":15,"enemies":"Orb Walker","floor":36,"turns":2},{"damage":40,"enemies":"Spire Growth","floor":42,"turns":4},{"damage":0,"enemies":"Sphere and 2 Shapes","floor":45,"turns":2},{"damage":10,"enemies":"Giant Head","floor":48,"turns":3},{"damage":0,"enemies":"Donu and Deca","floor":50,"turns":4}],"seed_played":"9159065915676451550","potions_obtained":[{"floor":1,"key":"FairyPotion"},{"floor":6,"key":"Block Potion"},{"floor":7,"key":"PowerPotion"},{"floor":16,"key":"Regen Potion"}],"is_trial":false,"path_per_floor":["M","?","?","?","$","E","M","M","T","M","?","$","M","M","R","B",null,"M","?","?","M","$","R","E","R","T","E","?","E","?","?","R","B",null,"M","M","?","$","?","R","?","M","T","R","M","R","?","E","R","B",null],"character_chosen":"IRONCLAD","items_purchased":["Red Skull","Shrug It Off","Havoc","Sever Soul","Flame Barrier","Battle Trance","Infernal Blade","Mind Blast","Whetstone","Shrug It Off"],"campfire_rested":5,"item_purchase_floors":[5,5,12,12,12,22,38,38,38,38],"current_hp_per_floor":[68,57,57,57,57,29,35,34,34,28,33,33,35,24,46,13,60,50,50,50,45,45,45,33,55,55,50,50,34,13,13,35,41,67,73,64,50,50,50,50,50,16,16,38,44,44,44,40,62,68],"gold":66,"neow_bonus":"ONE_RARE_RELIC","is_prod":false,"is_daily":false,"chose_seed":false,"campfire_upgraded":3,"win_rate":0,"timestamp":1566533838,"path_taken":["M","?","?","?","$","E","M","M","T","M","?","$","M","M","R","BOSS","M","?","?","M","$","R","E","R","T","E","?","E","?","?","R","BOSS","M","M","?","$","?","R","?","M","T","R","M","R","?","E","R","BOSS"],"build_version":"2019-07-17","purchased_purges":0,"victory":true,"max_hp_per_floor":[68,68,68,68,68,75,75,75,75,75,75,75,75,75,75,75,75,75,75,75,75,75,75,75,75,75,75,75,75,75,75,75,75,75,75,75,75,75,75,75,75,75,75,75,75,75,75,75,75,75],"card_choices":[{"not_picked":["Entrench","Inflame"],"picked":"Armaments","floor":1},{"not_picked":["Perfected Strike","Combust"],"picked":"Intimidate","floor":6},{"not_picked":["Body Slam","Perfected Strike"],"picked":"Heavy Blade","floor":7},{"not_picked":["Rage","Perfected Strike"],"picked":"Iron Wave","floor":8},{"not_picked":["Cleave","Sever Soul"],"picked":"Havoc","floor":10},{"not_picked":["Body Slam","Juggernaut"],"picked":"Clothesline","floor":13},{"not_picked":["Carnage","Metallicize"],"picked":"Seeing Red","floor":14},{"not_picked":["Armaments","Pommel Strike"],"picked":"Perfected Strike","floor":15},{"not_picked":["Barricade","Brutality"],"picked":"Exhume","floor":16},{"not_picked":["Rage","Carnage"],"picked":"Warcry+1","floor":18},{"not_picked":["True Grit","Havoc"],"picked":"Whirlwind","floor":21},{"not_picked":["Twin Strike","Anger+1"],"picked":"Fiend Fire","floor":24},{"not_picked":["Thunderclap","Havoc"],"picked":"Spot Weakness","floor":25},{"not_picked":["Shrug It Off","Pommel Strike"],"picked":"Feel No Pain","floor":27},{"not_picked":["Clothesline","Hemokinesis+1"],"picked":"Intimidate","floor":29},{"not_picked":["Exhume","Dark Embrace"],"picked":"Offering","floor":33},{"not_picked":["Twin Strike","Reckless Charge"],"picked":"Sentinel","floor":35},{"not_picked":["Clothesline","Wild Strike+1"],"picked":"Seeing Red","floor":35},{"not_picked":["True Grit","Sever Soul+1"],"picked":"Havoc+1","floor":36},{"not_picked":["Twin Strike","Metallicize+1"],"picked":"Fiend Fire","floor":36},{"not_picked":["Warcry","Clothesline"],"picked":"True Grit+1","floor":42},{"not_picked":["Anger","Shrug It Off","Thunderclap"],"picked":"SKIP","floor":42},{"not_picked":["Clothesline","Blood for Blood+1"],"picked":"Entrench+1","floor":44},{"not_picked":["Blood for Blood","Flex"],"picked":"Infernal Blade","floor":45},{"not_picked":["Exhume","Whirlwind"],"picked":"Havoc+1","floor":45},{"not_picked":["Spot Weakness","Thunderclap"],"picked":"Sword Boomerang","floor":48},{"not_picked":["Burning Pact","Shockwave"],"picked":"Infernal Blade","floor":49}],"player_experience":732036,"relics_obtained":[{"floor":6,"key":"Strawberry"},{"floor":9,"key":"Dream Catcher"},{"floor":24,"key":"Lantern"},{"floor":26,"key":"Prayer Wheel"},{"floor":27,"key":"Peace Pipe"},{"floor":29,"key":"MawBank"},{"floor":30,"key":"Necronomicon"},{"floor":43,"key":"Calipers"},{"floor":48,"key":"Vajra"},{"floor":48,"key":"Ancient Tea Set"}],"event_choices":[{"damage_healed":0,"gold_gain":0,"player_choice":"Success","damage_taken":11,"relics_obtained":["Juzu Bracelet"],"max_hp_gain":0,"max_hp_loss":0,"event_name":"Scrap Ooze","floor":2,"gold_loss":0},{"damage_healed":0,"gold_gain":150,"player_choice":"AGREE","damage_taken":0,"max_hp_gain":0,"max_hp_loss":0,"event_name":"Liars Game","floor":3,"gold_loss":0,"cards_obtained":["Doubt"]},{"cards_removed":["Doubt"],"damage_healed":0,"gold_gain":0,"player_choice":"Purged","damage_taken":0,"max_hp_gain":0,"max_hp_loss":0,"event_name":"Purifier","floor":4,"gold_loss":0},{"cards_removed":["Iron Wave"],"damage_healed":5,"gold_gain":0,"player_choice":"Offered Common","damage_taken":0,"max_hp_gain":0,"max_hp_loss":0,"event_name":"Bonfire Elementals","floor":11,"gold_loss":0},{"cards_removed":["Iron Wave"],"damage_healed":5,"gold_gain":0,"player_choice":"Offered Special","damage_taken":0,"max_hp_gain":0,"max_hp_loss":0,"event_name":"Bonfire Elementals","floor":11,"gold_loss":0},{"damage_healed":0,"gold_gain":0,"player_choice":"Obtained Relic","damage_taken":0,"relics_obtained":["The Courier"],"max_hp_gain":0,"max_hp_loss":0,"event_name":"Addict","floor":19,"gold_loss":85},{"damage_healed":0,"gold_gain":0,"cards_transformed":["Strike_R","Strike_R"],"player_choice":"Became Test Subject","damage_taken":0,"max_hp_gain":0,"max_hp_loss":0,"event_name":"Drug Dealer","floor":20,"gold_loss":0,"cards_obtained":["Body Slam","Headbutt"]},{"damage_healed":0,"gold_gain":0,"player_choice":"Ignored","damage_taken":0,"max_hp_gain":0,"max_hp_loss":0,"event_name":"Ghosts","floor":28,"gold_loss":0},{"damage_healed":0,"gold_gain":0,"player_choice":"Obtained Book","damage_taken":21,"max_hp_gain":0,"max_hp_loss":0,"event_name":"Cursed Tome","floor":30,"gold_loss":0},{"damage_healed":0,"gold_gain":50,"player_choice":"Stole From Cult","damage_taken":0,"max_hp_gain":0,"max_hp_loss":0,"event_name":"Nest","floor":31,"gold_loss":0},{"damage_healed":0,"gold_gain":0,"player_choice":"Embrace Madness","damage_taken":14,"max_hp_gain":0,"max_hp_loss":0,"event_name":"Winding Halls","floor":37,"gold_loss":0,"cards_obtained":["Madness","Madness"]},{"damage_healed":0,"gold_gain":0,"player_choice":"Paid","damage_taken":0,"relics_obtained":["Red Mask"],"max_hp_gain":0,"max_hp_loss":0,"event_name":"Tomb of Lord Red Mask","floor":39,"gold_loss":33},{"cards_removed":["Infernal Blade"],"damage_healed":0,"gold_gain":0,"player_choice":"Removed Skill","damage_taken":0,"max_hp_gain":0,"max_hp_loss":0,"event_name":"Falling","floor":41,"gold_loss":0},{"damage_healed":0,"gold_gain":0,"player_choice":"Got Potions","damage_taken":0,"max_hp_gain":0,"max_hp_loss":0,"event_name":"Lab","floor":47,"gold_loss":0}],"is_beta":false,"boss_relics":[{"not_picked":["Calling Bell","Eternal Feather"],"picked":"Sozu"},{"not_picked":["Black Blood","Pandora\u0027s Box"],"picked":"Black Star"}],"items_purged_floors":[],"is_endless":false,"potions_floor_spawned":[1,6,7,16,18,29,35,45],"ascension_level":18}