{"gold_per_floor":[116,133,133,153,170,170,203,203,203,531,558,571,602,616,616,694,694,706,806,856,43,62,91,91,121,121,154,166,166,192,192,192,271,271,289,305,323,81,98,123,123,158,158,178,194,213,213,241,241,241,241,241,241,9,35,35],"floor_reached":57,"playtime":4127,"items_purged":["Strike_R","Parasite"],"score":3059,"play_id":"1a042437-79b2-4242-8099-3c16b8fcec91","local_time":"20190608161612","is_ascension_mode":true,"campfire_choices":[{"data":"Combust","floor":6.0,"key":"SMITH"},{"data":"Uppercut","floor":8.0,"key":"SMITH"},{"data":"Bash","floor":15.0,"key":"SMITH"},{"data":"Feel No Pain","floor":24.0,"key":"SMITH"},{"data":"Sword Boomerang","floor":29.0,"key":"SMITH"},{"data":"Flame Barrier","floor":32.0,"key":"SMITH"},{"data":"Barricade","floor":41.0,"key":"SMITH"},{"floor":47,"key":"RECALL"},{"data":"Corruption","floor":49,"key":"SMITH"},{"data":"Flame Barrier","floor":53,"key":"SMITH"}],"neow_cost":"NONE","seed_source_timestamp":0,"circlet_count":0,"master_deck":["AscendersBane","Defend_R","Defend_R","Defend_R","Defend_R","Bash+1","Headbutt","Uppercut+1","Shrug It Off","Combust+1","Feel No Pain+1","Sword Boomerang+1","Feed","Battle Trance","Offering","Flame Barrier+1","Corruption+1","Flame Barrier+1","Ghostly Armor","Burning Pact","Flame Barrier+1","Impervious","Burning Pact+1","Double Tap+1","Havoc+1","Intimidate+1","Shrug It Off","Entrench","Barricade+1","Shrug It Off","Reaper","Shrug It Off+1","Pummel","Spot Weakness+1","True Grit+1","Disarm+1","Rupture","Impervious+1"],"special_seed":0,"relics":["Burning Blood","Orichalcum","Anchor","Old Coin","Odd Mushroom","Lantern","Cursed Key","Champion Belt","Sundial","Pantograph","Meat on the Bone","Vajra","Shuriken","Kunai","Bag of Preparation","Astrolabe","Pear","Toxic Egg 2","Oddly Smooth Stone","Red Skull"],"potions_floor_usage":[56,56],"damage_taken":[{"damage":0.0,"enemies":"2 Louse","floor":1.0,"turns":2.0},{"damage":0.0,"enemies":"Cultist","floor":2.0,"turns":3.0},{"damage":4.0,"enemies":"Small Slimes","floor":4.0,"turns":3.0},{"damage":6.0,"enemies":"Looter","floor":5.0,"turns":3.0},{"damage":12.0,"enemies":"Gremlin Nob","floor":7.0,"turns":4.0},{"damage":20.0,"enemies":"Lagavulin","floor":10.0,"turns":7.0},{"damage":21.0,"enemies":"The Mushroom Lair","floor":11.0,"turns":4.0},{"damage":5.0,"enemies":"Exordium Thugs","floor":12.0,"turns":4.0},{"damage":18.0,"enemies":"Gremlin Nob","floor":13.0,"turns":5.0},{"damage":1.0,"enemies":"2 Fungi Beasts","floor":14.0,"turns":3.0},{"damage":38.0,"enemies":"Hexaghost","floor":16.0,"turns":9.0},{"damage":24.0,"enemies":"2 Thieves","floor":18.0,"turns":3.0},{"damage":18.0,"enemies":"Colosseum Slavers","floor":19.0,"turns":3.0},{"damage":10.0,"enemies":"Colosseum Nobs","floor":19.0,"turns":4.0},{"damage":13.0,"enemies":"Chosen","floor":22.0,"turns":5.0},{"damage":27.0,"enemies":"Slavers","floor":23.0,"turns":5.0},{"damage":24.0,"enemies":"Gremlin Leader","floor":25.0,"turns":6.0},{"damage":9.0,"enemies":"Book of Stabbing","floor":27.0,"turns":6.0},{"damage":12.0,"enemies":"Shelled Parasite and Fungi","floor":28.0,"turns":6.0},{"damage":13.0,"enemies":"Gremlin Leader","floor":30.0,"turns":6.0},{"damage":28.0,"enemies":"Champ","floor":33.0,"turns":13.0},{"damage":13.0,"enemies":"3 Darklings","floor":35.0,"turns":8.0},{"damage":0.0,"enemies":"Orb Walker","floor":36.0,"turns":3.0},{"damage":11.0,"enemies":"4 Shapes","floor":37.0,"turns":5.0},{"damage":6.0,"enemies":"Spire Growth","floor":39.0,"turns":5.0},{"damage":0.0,"enemies":"Nemesis","floor":40.0,"turns":9.0},{"damage":20.0,"enemies":"Reptomancer","floor":42.0,"turns":8.0},{"damage":6,"enemies":"Jaw Worm Horde","floor":44,"turns":7},{"damage":6,"enemies":"4 Shapes","floor":45,"turns":10},{"damage":12,"enemies":"Writhing Mass","floor":46,"turns":7},{"damage":8,"enemies":"Giant Head","floor":48,"turns":10},{"damage":43,"enemies":"Awakened One","floor":50,"turns":23},{"damage":23,"enemies":"Time Eater","floor":51,"turns":14},{"damage":12,"enemies":"Shield and Spear","floor":55,"turns":9},{"damage":73,"enemies":"The Heart","floor":56,"turns":8}],"seed_played":"-155016373183774170","potions_obtained":[{"floor":1.0,"key":"SkillPotion"},{"floor":4.0,"key":"SpeedPotion"},{"floor":5.0,"key":"Swift Potion"},{"floor":10.0,"key":"Regen Potion"},{"floor":12.0,"key":"Ancient Potion"},{"floor":19.0,"key":"Weak Potion"},{"floor":27.0,"key":"SkillPotion"},{"floor":30.0,"key":"GamblersBrew"},{"floor":33.0,"key":"LiquidBronze"},{"floor":39.0,"key":"Swift Potion"},{"floor":40.0,"key":"PowerPotion"}],"is_trial":false,"path_per_floor":["M","M","?","M","M","R","E","R","T","E","?","M","E","M","R","B",null,"M","?","?","$","M","E","R","E","T","E","M","R","E","?","R","B",null,"M","M","M","$","M","E","R","E","T","M","M","M","R","E","R","B","B",null,"R","$","E","B",null],"character_chosen":"IRONCLAD","items_purchased":["Corruption","Flame Barrier","Pantograph","Meat on the Bone","Entrench","Barricade","Shrug It Off","Disarm+1","Rupture"],"campfire_rested":0,"item_purchase_floors":[21,21,21,21,38,38,38,54,54],"current_hp_per_floor":[74,75,75,75,75,75,69,69,69,55,40,41,29,37,37,23,67,52,39,39,39,44,35,35,29,29,38,47,47,52,52,52,55,81,77,86,84,84,84,103,103,92,92,105,121,121,121,119,119,87,100,118,118,118,124,69],"gold":35,"neow_bonus":"RANDOM_COMMON_RELIC","is_prod":false,"is_daily":false,"chose_seed":false,"campfire_upgraded":9,"win_rate":0,"timestamp":1560006972,"path_taken":["M","M","?","M","?","R","E","R","T","E","?","M","E","M","R","BOSS","M","?","?","$","?","E","R","E","T","E","M","R","E","?","R","BOSS","M","M","M","$","M","E","R","E","T","?","M","M","R","E","R","BOSS","BOSS","R","$","E","BOSS"],"build_version":"2019-06-07","purchased_purges":2,"victory":true,"max_hp_per_floor":[75,75,75,75,75,75,75,75,75,75,75,75,75,78,78,81,81,84,87,87,87,87,87,87,87,87,87,90,90,90,90,90,90,90,93,96,99,99,99,112,112,115,115,118,121,121,121,121,121,124,124,124,124,121,124,124],"card_choices":[{"not_picked":["Reckless Charge","Intimidate"],"picked":"Headbutt","floor":1.0},{"not_picked":["Headbutt","Clash"],"picked":"Uppercut","floor":2.0},{"not_picked":["Clothesline","Clash"],"picked":"Shrug It Off","floor":4.0},{"not_picked":["Rampage","Bloodletting"],"picked":"Combust","floor":5.0},{"not_picked":["Rage","Heavy Blade","Iron Wave"],"picked":"SKIP","floor":7.0},{"not_picked":["Shrug It Off","Thunderclap"],"picked":"Feel No Pain","floor":10.0},{"not_picked":["Clash","Burning Pact"],"picked":"Sword Boomerang","floor":11.0},{"not_picked":["Cleave","Thunderclap","Uppercut"],"picked":"SKIP","floor":12.0},{"not_picked":["True Grit","Twin Strike"],"picked":"Feed","floor":13.0},{"not_picked":["Flex","Havoc"],"picked":"Battle Trance","floor":14.0},{"not_picked":["Reaper","Dark Embrace"],"picked":"Offering","floor":16.0},{"not_picked":["Thunderclap","Sword Boomerang","Clash"],"picked":"SKIP","floor":18.0},{"not_picked":["Perfected Strike","Headbutt"],"picked":"Flame Barrier","floor":19.0},{"not_picked":["Clothesline","Infernal Blade","Flex"],"picked":"SKIP","floor":22.0},{"not_picked":["Double Tap","Body Slam","Rampage+1"],"picked":"SKIP","floor":23.0},{"not_picked":["Wild Strike","Clothesline"],"picked":"Ghostly Armor","floor":25.0},{"not_picked":["Havoc","Heavy Blade","Sword Boomerang"],"picked":"SKIP","floor":27.0},{"not_picked":["Rampage","Warcry"],"picked":"Burning Pact","floor":28.0},{"not_picked":["Thunderclap","Clothesline"],"picked":"Flame Barrier","floor":30.0},{"not_picked":["Feed","Offering"],"picked":"Impervious","floor":33.0},{"not_picked":["Havoc","Anger"],"picked":"Intimidate+1","floor":35.0},{"not_picked":["Armaments","Twin Strike","Ghostly Armor+1"],"picked":"SKIP","floor":36.0},{"not_picked":["Anger","Heavy Blade"],"picked":"Shrug It Off","floor":37.0},{"not_picked":["Reckless Charge+1","Flex","Bludgeon"],"picked":"SKIP","floor":39.0},{"not_picked":["Flex","Cleave","Heavy Blade+1"],"picked":"SKIP","floor":40.0},{"not_picked":["Sentinel","Burning Pact"],"picked":"Reaper","floor":42.0},{"not_picked":["Metallicize","Havoc+1"],"picked":"Shrug It Off+1","floor":44},{"not_picked":["Cleave","Rage+1"],"picked":"Pummel","floor":45},{"not_picked":["Anger","Uppercut"],"picked":"Spot Weakness+1","floor":46},{"not_picked":["Power Through+1","Twin Strike+1"],"picked":"True Grit+1","floor":48},{"not_picked":["True Grit+1","Headbutt"],"picked":"Impervious+1","floor":55}],"player_experience":2095444,"relics_obtained":[{"floor":7.0,"key":"Anchor"},{"floor":10.0,"key":"Old Coin"},{"floor":11.0,"key":"Odd Mushroom"},{"floor":13.0,"key":"Lantern"},{"floor":19.0,"key":"Champion Belt"},{"floor":19.0,"key":"Sundial"},{"floor":23.0,"key":"Vajra"},{"floor":25.0,"key":"Shuriken"},{"floor":27.0,"key":"Kunai"},{"floor":30.0,"key":"Bag of Preparation"},{"floor":40.0,"key":"Pear"},{"floor":42.0,"key":"Toxic Egg 2"},{"floor":48,"key":"Oddly Smooth Stone"},{"floor":55,"key":"Red Skull"}],"event_choices":[{"cards_removed":["Strike_R"],"damage_healed":0.0,"max_hp_gain":0.0,"max_hp_loss":0.0,"gold_gain":0.0,"event_name":"Purifier","player_choice":"Purged","floor":3.0,"gold_loss":0.0,"damage_taken":0.0},{"damage_healed":0.0,"max_hp_gain":0.0,"max_hp_loss":0.0,"gold_gain":0.0,"event_name":"Mushrooms","player_choice":"Fought Mushrooms","floor":11.0,"gold_loss":0.0,"damage_taken":0.0},{"damage_healed":0.0,"max_hp_gain":0.0,"max_hp_loss":0.0,"gold_gain":0.0,"event_name":"Colosseum","player_choice":"Fight","floor":19.0,"gold_loss":0.0,"damage_taken":0.0},{"damage_healed":0.0,"max_hp_gain":0.0,"max_hp_loss":0.0,"gold_gain":0.0,"event_name":"Colosseum","player_choice":"Fought Nobs","floor":19.0,"gold_loss":0.0,"damage_taken":0.0},{"damage_healed":0.0,"max_hp_gain":0.0,"max_hp_loss":0.0,"gold_gain":100.0,"event_name":"The Joust","player_choice":"Bet on Murderer","floor":20.0,"gold_loss":50.0,"damage_taken":0.0},{"damage_healed":0.0,"max_hp_gain":0.0,"max_hp_loss":0.0,"gold_gain":0.0,"event_name":"Upgrade Shrine","player_choice":"Upgraded","floor":31.0,"gold_loss":0.0,"damage_taken":0.0,"cards_upgraded":["Flame Barrier"]}],"is_beta":true,"boss_relics":[{"not_picked":["Calling Bell","Empty Cage"],"picked":"Cursed Key"},{"not_picked":["Orrery","Black Blood"],"picked":"Astrolabe"}],"items_purged_floors":[21,54],"is_endless":false,"potions_floor_spawned":[1,4,5,10,12,19,19,27,30,33,39,40,44,46,48],"ascension_level":20}