{"gold_per_floor":[16,27,27,27,40,65,65,93,93,93,105,105],"floor_reached":12,"playtime":398,"items_purged":[],"score":176,"play_id":"9a68c92e-9ab4-4226-a421-261deda19946","local_time":"20190723230703","is_ascension_mode":true,"campfire_choices":[{"floor":7.0,"key":"REST"},{"data":"Bash","floor":10.0,"key":"SMITH"}],"neow_cost":"NO_GOLD","seed_source_timestamp":0,"circlet_count":0,"master_deck":["AscendersBane","Strike_R","Strike_R","Strike_R","Strike_R","Defend_R","Defend_R","Defend_R","Defend_R","Bash+1","Demon Form","Sword Boomerang","Twin Strike","Armaments","Clothesline+1"],"special_seed":0,"relics":["Burning Blood","Molten Egg 2","Dodecahedron","Meat on the Bone"],"potions_floor_usage":[12],"damage_taken":[{"damage":16.0,"enemies":"Jaw Worm","floor":1.0,"turns":6.0},{"damage":1.0,"enemies":"Cultist","floor":2.0,"turns":4.0},{"damage":7.0,"enemies":"Small Slimes","floor":5.0,"turns":3.0},{"damage":47.0,"enemies":"3 Sentries","floor":6.0,"turns":9.0},{"damage":32.0,"enemies":"Gremlin Nob","floor":8.0,"turns":4.0},{"damage":5.0,"enemies":"2 Fungi Beasts","floor":11.0,"turns":4.0},{"damage":30,"enemies":"3 Sentries","floor":12,"turns":5}],"seed_played":"-5974489476576443214","potions_obtained":[{"floor":5.0,"key":"GamblersBrew"},{"floor":11.0,"key":"SpeedPotion"}],"is_trial":false,"path_per_floor":["M","M","?","$","M","E","R","E","T","R","M","E"],"character_chosen":"IRONCLAD","items_purchased":[],"campfire_rested":1,"item_purchase_floors":[],"current_hp_per_floor":[58,63,63,63,62,21,43,17,17,17,30,0],"gold":105,"neow_bonus":"THREE_RARE_CARDS","is_prod":false,"is_daily":false,"chose_seed":false,"campfire_upgraded":1,"win_rate":0,"timestamp":1563919623,"path_taken":["M","M","?","$","?","E","R","E","T","R","?","E"],"build_version":"2019-07-18","purchased_purges":0,"victory":false,"max_hp_per_floor":[75,75,75,75,75,75,75,75,75,75,75,75],"card_choices":[{"not_picked":["Double Tap","Exhume"],"picked":"Demon Form","floor":0.0},{"not_picked":["Headbutt","Clash"],"picked":"Sword Boomerang","floor":1.0},{"not_picked":["Rage","True Grit"],"picked":"Twin Strike","floor":2.0},{"not_picked":["Flex","Dropkick"],"picked":"Armaments","floor":5.0},{"not_picked":["Brutality","Twin Strike","Wild Strike"],"picked":"SKIP","floor":6.0},{"not_picked":["Twin Strike+1","Cleave+1","Headbutt+1"],"picked":"SKIP","floor":8.0},{"not_picked":["Clash+1","Shrug It Off"],"picked":"Clothesline+1","floor":11.0}],"player_experience":2237282,"relics_obtained":[{"floor":6.0,"key":"Molten Egg 2"},{"floor":8.0,"key":"Dodecahedron"},{"floor":9.0,"key":"Meat on the Bone"}],"event_choices":[{"cards_removed":["Strike_R"],"damage_healed":0.0,"max_hp_gain":0.0,"max_hp_loss":0.0,"gold_gain":0.0,"event_name":"Purifier","player_choice":"Purged","floor":3.0,"gold_loss":0.0,"damage_taken":0.0}],"is_beta":true,"boss_relics":[],"items_purged_floors":[],"is_endless":false,"potions_floor_spawned":[5,11],"killed_by":"3 Sentries","ascension_level":20}