{"gold_per_floor":[219,219,219,8,20,20,33,33,33,33,364,376,135,150,150,249,249,266,266,282,315,315,190,224,235,235,247,247,262,295,315,315,315],"floor_reached":33,"playtime":2141,"items_purged":["Regret","Strike_MRS","Strike_MRS"],"score":287,"play_id":"af958a23-c62e-43e9-91dc-a5e6d1179eba","local_time":"20190804035430","is_ascension_mode":false,"campfire_choices":[{"data":"CasketOfStar","floor":6,"key":"SMITH"},{"data":"JA","floor":8,"key":"SMITH"},{"data":"UltimateShortwave","floor":15,"key":"SMITH"},{"floor":28,"key":"REST"},{"floor":32,"key":"REST"}],"neow_cost":"NONE","seed_source_timestamp":81971181812500,"circlet_count":0,"master_deck":["Strike_MRS","Defend_MRS","Defend_MRS","Defend_MRS","Defend_MRS","MasterSpark+1","UpSweep","NonDirectionalLaser","CasketOfStar+1","AsteroidBelt","JA+1","MachineGunSpark","UltimateShortwave+1","SprinkleStarSeal","TreasureHunter","PowerUp"],"relics":["MiniHakkero","Vajra","Anchor","Old Coin","ExperimentalFamiliar","Red Mask","Enchiridion","Bag of Preparation","Ginger","BreadOfAWashokuLover","The Courier","Art of War"],"potions_floor_usage":[16,30,31],"damage_taken":[{"damage":2,"enemies":"Small Slimes","floor":1,"turns":3},{"damage":3,"enemies":"2 Louse","floor":5,"turns":2},{"damage":0,"enemies":"Cultist","floor":7,"turns":3},{"damage":4,"enemies":"3 Sentries","floor":11,"turns":4},{"damage":0,"enemies":"Large Slime","floor":12,"turns":3},{"damage":0,"enemies":"Looter","floor":14,"turns":1},{"damage":23,"enemies":"Slime Boss","floor":16,"turns":8},{"damage":0,"enemies":"Spheric Guardian","floor":18,"turns":2},{"damage":5,"enemies":"2 Thieves","floor":20,"turns":2},{"damage":14,"enemies":"Masked Bandits","floor":21,"turns":3},{"damage":37,"enemies":"Slavers","floor":24,"turns":7},{"damage":2,"enemies":"Centurion and Healer","floor":25,"turns":5},{"damage":0,"enemies":"Snecko","floor":27,"turns":2},{"damage":2,"enemies":"Sentry and Sphere","floor":29,"turns":3},{"damage":4,"enemies":"Gremlin Leader","floor":30,"turns":4},{"damage":0,"enemies":"3 Cultists","floor":31,"turns":3},{"damage":51,"enemies":"Champ","floor":33,"turns":6}],"seed_played":"6394658604989671796","potions_obtained":[{"floor":7,"key":"FearPotion"},{"floor":14,"key":"EssenceOfSteel"},{"floor":16,"key":"FairyPotion"},{"floor":20,"key":"Energy Potion"},{"floor":29,"key":"Explosive Potion"},{"floor":31,"key":"GamblersBrew"}],"is_trial":false,"path_per_floor":["M","?","?","$","M","R","M","R","T","?","E","M","$","M","R","B",null,"M","?","M","?","?","$","E","M","T","M","R","M","E","M","R","B"],"character_chosen":"MARISA","items_purchased":["CasketOfStar","UltimateShortwave"],"campfire_rested":2,"item_purchase_floors":[4,13],"current_hp_per_floor":[73,73,73,73,70,70,70,70,70,70,66,66,66,66,66,43,75,75,75,70,56,40,40,3,1,1,1,23,21,17,17,39,0],"gold":315,"neow_bonus":"HUNDRED_GOLD","is_prod":false,"is_daily":false,"chose_seed":false,"campfire_upgraded":3,"win_rate":0.0,"timestamp":1564858470,"path_taken":["M","?","?","$","M","R","M","R","T","?","E","?","$","M","R","BOSS","M","?","M","?","?","$","E","M","T","M","R","?","E","M","R","BOSS"],"build_version":"2019-07-17","purchased_purges":3,"victory":false,"max_hp_per_floor":[75,75,75,75,75,75,75,75,75,75,75,75,75,75,75,75,75,75,75,75,75,75,75,75,75,75,75,75,75,75,75,75,75],"card_choices":[{"not_picked":["UnstableBomb","MysteriousBeam"],"picked":"NonDirectionalLaser","floor":1},{"not_picked":["PowerUp","GasGiant"],"picked":"AsteroidBelt","floor":5},{"not_picked":["MachineGunSpark","LuminesStrike"],"picked":"JA","floor":7},{"not_picked":["SporeBomb","ShootingEcho","DC"],"picked":"SKIP","floor":11},{"not_picked":["6A","SuperPerseids","DC"],"picked":"SKIP","floor":12},{"not_picked":["EnergyFlow","GrandCross"],"picked":"SprinkleStarSeal","floor":14},{"not_picked":["EscapeVelocity","BigCrunch"],"picked":"TreasureHunter","floor":16},{"not_picked":["ShootingEcho+1","MysteriousBeam","DC"],"picked":"SKIP","floor":18},{"not_picked":["GrandCross","NonDirectionalLaser","WitchLeyline"],"picked":"SKIP","floor":20},{"not_picked":["OpenUniverse","EnergyFlow","ManaConvection+1"],"picked":"SKIP","floor":24},{"not_picked":["OneTimeOff","EarthLightRay+1","MilkyWay"],"picked":"SKIP","floor":25},{"not_picked":["BlazingStar","NonDirectionalLaser+1","PowerUp"],"picked":"SKIP","floor":27},{"not_picked":["ChargeUpSpray","AsteroidBelt","ShootTheMoon"],"picked":"SKIP","floor":29},{"not_picked":["SporeBomb","Orbital+1"],"picked":"PowerUp","floor":30},{"not_picked":["DoubleSpark","WitchLeyline+1","BlazeAway"],"picked":"SKIP","floor":31}],"player_experience":134075,"relics_obtained":[{"floor":9,"key":"Anchor"},{"floor":11,"key":"Old Coin"},{"floor":21,"key":"Red Mask"},{"floor":22,"key":"Enchiridion"},{"floor":24,"key":"Bag of Preparation"},{"floor":24,"key":"Ginger"},{"floor":26,"key":"BreadOfAWashokuLover"},{"floor":30,"key":"The Courier"},{"floor":30,"key":"Art of War"}],"event_choices":[{"damage_healed":0,"gold_gain":0,"player_choice":"Grow","damage_taken":0,"max_hp_gain":0,"max_hp_loss":0,"event_name":"Living Wall","floor":2,"gold_loss":0,"cards_upgraded":["MasterSpark"]},{"damage_healed":0,"gold_gain":0,"player_choice":"Box","damage_taken":0,"relics_obtained":["Vajra"],"max_hp_gain":0,"max_hp_loss":0,"event_name":"Big Fish","floor":3,"gold_loss":0,"cards_obtained":["Regret"]},{"damage_healed":0,"gold_gain":0,"cards_transformed":["Strike_MRS"],"player_choice":"Transformed","damage_taken":0,"max_hp_gain":0,"max_hp_loss":0,"event_name":"Transmorgrifier","floor":10,"gold_loss":0,"cards_obtained":["MachineGunSpark"]},{"damage_healed":0,"gold_gain":0,"player_choice":"Ignored","damage_taken":0,"max_hp_gain":0,"max_hp_loss":0,"event_name":"Vampires","floor":19,"gold_loss":0},{"damage_healed":0,"gold_gain":0,"player_choice":"Fought Bandits","damage_taken":0,"max_hp_gain":0,"max_hp_loss":0,"event_name":"Masked Bandits","floor":21,"gold_loss":0},{"damage_healed":0,"gold_gain":0,"player_choice":"Obtained Book","damage_taken":16,"max_hp_gain":0,"max_hp_loss":0,"event_name":"Cursed Tome","floor":22,"gold_loss":0}],"is_beta":false,"boss_relics":[{"not_picked":["Busted Crown","Empty Cage"],"picked":"ExperimentalFamiliar"}],"items_purged_floors":[4,13,23],"is_endless":false,"potions_floor_spawned":[7,14,16,20,24,27,29,31],"killed_by":"Champ","ascension_level":0}