{"path_per_floor":["M","$","M","M","?","R","?","R","T","?","E","M","E","M","R","B",null,"M","M","$","?","M","M","M"],"character_chosen":"IRONCLAD","items_purchased":["Evolve","Rampage","Turnip"],"gold_per_floor":[210,20,40,56,56,56,56,56,128,128,156,175,201,214,214,291,291,301,320,12,12,27,42,54,54],"floor_reached":25,"campfire_rested":0,"playtime":1195,"item_purchase_floors":[2,2,20],"current_hp_per_floor":[64,64,70,75,75,75,75,75,75,68,62,57,38,42,42,7,58,42,33,33,39,31,24,19,0],"items_purged":["Strike_R"],"gold":54,"score":376,"play_id":"a82eb396-d249-4bfe-9aca-80bb82d5dcfc","local_time":"20180529144648","is_prod":false,"is_daily":false,"chose_seed":false,"is_ascension_mode":true,"campfire_upgraded":3,"win_rate":0,"timestamp":1527601608,"campfire_choices":[{"data":"Rampage","floor":6,"key":"SMITH"},{"data":"Body Slam","floor":8,"key":"SMITH"},{"data":"Bash","floor":15,"key":"SMITH"}],"path_taken":["M","$","M","M","?","R","?","R","T","?","E","M","E","M","R","BOSS","M","M","$","?","M","M","M","M"],"build_version":"2018-05-28","seed_source_timestamp":151448622951253,"purchased_purges":1,"victory":false,"master_deck":["Strike_R","Strike_R","Defend_R","Defend_R","Defend_R","Defend_R","Bash+1","AscendersBane","Body Slam+1","Evolve","Rampage+1","Iron Wave","Headbutt","Whirlwind","Clothesline","Impervious","Ghostly Armor","Writhe","True Grit","True Grit","Armaments"],"max_hp_per_floor":[75,75,75,75,75,75,75,75,75,75,75,75,75,75,75,75,75,75,75,75,81,81,81,81,81],"relics":["Burning Blood","Letter Opener","Happy Flower","Blue Candle","Cursed Key","Turnip","Darkstone Periapt"],"card_choices":[{"not_picked":["Sword Boomerang","Bloodletting"],"picked":"Body Slam","floor":1},{"not_picked":["Fire Breathing","Seeing Red"],"picked":"Iron Wave","floor":3},{"not_picked":["Anger","Dual Wield"],"picked":"Headbutt","floor":4},{"not_picked":["Heavy Blade","Rage"],"picked":"Whirlwind","floor":11},{"not_picked":["Sword Boomerang","Heavy Blade"],"picked":"Clothesline","floor":12},{"not_picked":["Fire Breathing","Juggernaut","Heavy Blade"],"picked":"SKIP","floor":13},{"not_picked":["Body Slam","Cleave","Flex"],"picked":"SKIP","floor":14},{"not_picked":["Double Tap","Reaper"],"picked":"Impervious","floor":16},{"not_picked":["Burning Pact+1","Anger"],"picked":"Ghostly Armor","floor":18},{"not_picked":["Twin Strike","Havoc","Cleave"],"picked":"SKIP","floor":19},{"not_picked":["Havoc","Perfected Strike"],"picked":"True Grit","floor":22},{"not_picked":["Flex","Whirlwind"],"picked":"True Grit","floor":23},{"not_picked":["Heavy Blade","Fiend Fire"],"picked":"Armaments","floor":24}],"player_experience":647586,"potions_floor_usage":[16,22,22,23,23,24,25],"damage_taken":[{"damage":10,"enemies":"2 Louse","floor":1,"turns":4},{"damage":0,"enemies":"Small Slimes","floor":3,"turns":3},{"damage":1,"enemies":"Cultist","floor":4,"turns":4},{"damage":12,"enemies":"3 Sentries","floor":11,"turns":8},{"damage":11,"enemies":"Exordium Wildlife","floor":12,"turns":4},{"damage":25,"enemies":"Lagavulin","floor":13,"turns":7},{"damage":2,"enemies":"2 Fungi Beasts","floor":14,"turns":3},{"damage":41,"enemies":"Slime Boss","floor":16,"turns":9},{"damage":22,"enemies":"2 Thieves","floor":18,"turns":4},{"damage":15,"enemies":"Shell Parasite","floor":19,"turns":8},{"damage":24,"enemies":"Centurion and Healer","floor":22,"turns":5},{"damage":13,"enemies":"Snake Plant","floor":23,"turns":5},{"damage":11,"enemies":"3 Cultists","floor":24,"turns":6},{"damage":21,"enemies":"Sentry and Sphere","floor":25,"turns":5}],"relics_obtained":[{"floor":9,"key":"Letter Opener"},{"floor":11,"key":"Happy Flower"},{"floor":13,"key":"Blue Candle"}],"event_choices":[{"event_name":"The Cleric","player_choice":"Leave","floor":5,"damage_taken":0},{"event_name":"Bonfire Elementals","player_choice":"BASIC","floor":7,"damage_taken":0},{"event_name":"Golden Wing","player_choice":"Card Removal","floor":10,"damage_taken":0},{"event_name":"The Mausoleum","player_choice":"Yes","floor":21,"damage_taken":0}],"boss_relics":[{"not_picked":["White Beast Statue","Runic Dome"],"picked":"Cursed Key"}],"items_purged_floors":[2],"potions_floor_spawned":[4,11,13,14,22,23],"seed_played":"6684238994297851223","killed_by":"Sentry and Sphere","ascension_level":15,"potions_obtained":[{"floor":4,"key":"Energy Potion"},{"floor":11,"key":"Regen Potion"},{"floor":13,"key":"Strength Potion"},{"floor":22,"key":"EntropicBrew"},{"floor":23,"key":"Ancient Potion"}],"is_trial":false}