{"gold_per_floor":[119,119,44,65,89,89,115,63,89,89,89,103,127,167,167,287,287,310,345,358,457,481,481,512,427,427,427,427,441,460,475,475,600,600,624,637,497,511,208,251,251,284,311,644,644,64,286,304,304,304],"floor_reached":51,"playtime":2299,"items_purged":["Strike_R","Strike_R","Strike_R","Regret"],"score":1068,"play_id":"4a00cf2c-dc66-432b-bbc9-5c61271fbaad","local_time":"20190721114242","is_ascension_mode":true,"campfire_choices":[{"data":"Body Slam","floor":6,"key":"SMITH"},{"data":"Flame Barrier","floor":11,"key":"SMITH"},{"data":"Juggernaut","floor":15,"key":"SMITH"},{"data":"Shockwave","floor":28,"key":"SMITH"},{"floor":32,"key":"REST"},{"data":"Apotheosis","floor":41,"key":"SMITH"},{"floor":45,"key":"REST"},{"floor":49,"key":"REST"}],"neow_cost":"TEN_PERCENT_HP_LOSS","seed_source_timestamp":347245372199100,"circlet_count":0,"master_deck":["Defend_R","Defend_R","Defend_R","Defend_R","Bash","Flame Barrier+1","Body Slam+1","Feed+1","Shrug It Off","Juggernaut+1","Demon Form","Shockwave+1","Shrug It Off+1","Immolate","Seeing Red","Metallicize","Limit Break","Battle Trance+1","Metallicize","Body Slam+1","Apotheosis+1","Entrench","Uppercut+1"],"relics":["Burning Blood","Calipers","Odd Mushroom","Orichalcum","Shuriken","Cursed Key","Red Mask","MutagenicStrength","Ginger","Ancient Tea Set","Blue Candle","Empty Cage","Strawberry","Bottled Lightning","Red Skull","Bronze Scales","ClockworkSouvenir"],"potions_floor_usage":[7,19,24,29,30,30,31,33,42],"damage_taken":[{"damage":8,"enemies":"Jaw Worm","floor":1,"turns":4},{"damage":0,"enemies":"Small Slimes","floor":4,"turns":5},{"damage":1,"enemies":"Cultist","floor":5,"turns":4},{"damage":11,"enemies":"The Mushroom Lair","floor":7,"turns":5},{"damage":8,"enemies":"Lots of Slimes","floor":12,"turns":5},{"damage":17,"enemies":"Large Slime","floor":13,"turns":9},{"damage":18,"enemies":"3 Sentries","floor":14,"turns":10},{"damage":25,"enemies":"Hexaghost","floor":16,"turns":11},{"damage":7,"enemies":"Shell Parasite","floor":18,"turns":4},{"damage":37,"enemies":"Masked Bandits","floor":19,"turns":4},{"damage":6,"enemies":"Chosen","floor":20,"turns":5},{"damage":17,"enemies":"Centurion and Healer","floor":22,"turns":6},{"damage":33,"enemies":"Book of Stabbing","floor":24,"turns":6},{"damage":15,"enemies":"3 Cultists","floor":29,"turns":4},{"damage":1,"enemies":"Cultist and Chosen","floor":30,"turns":6},{"damage":13,"enemies":"Snake Plant","floor":31,"turns":2},{"damage":15,"enemies":"Automaton","floor":33,"turns":10},{"damage":4,"enemies":"3 Shapes","floor":35,"turns":5},{"damage":11,"enemies":"Orb Walker","floor":36,"turns":3},{"damage":20,"enemies":"Sphere and 2 Shapes","floor":38,"turns":7},{"damage":9,"enemies":"Nemesis","floor":40,"turns":11},{"damage":0,"enemies":"Giant Head","floor":42,"turns":7},{"damage":10,"enemies":"4 Shapes","floor":48,"turns":3},{"damage":47,"enemies":"Donu and Deca","floor":50,"turns":11}],"seed_played":"3639918298022722826","potions_obtained":[{"floor":1,"key":"EssenceOfSteel"},{"floor":7,"key":"Explosive Potion"},{"floor":12,"key":"Weak Potion"},{"floor":13,"key":"Strength Potion"},{"floor":22,"key":"AttackPotion"},{"floor":29,"key":"GamblersBrew"},{"floor":30,"key":"LiquidBronze"},{"floor":31,"key":"EssenceOfSteel"},{"floor":35,"key":"GamblersBrew"},{"floor":36,"key":"Block Potion"},{"floor":42,"key":"EssenceOfSteel"}],"is_trial":false,"path_per_floor":["M","?","$","M","M","R","?","$","T","?","R","M","M","E","R","B",null,"M","?","M","?","M","?","E","?","T","?","R","M","M","M","R","B",null,"M","M","$","M","$","E","R","E","T","?","R","$","?","M","R","B",null],"character_chosen":"IRONCLAD","items_purchased":["Shrug It Off","Metallicize","Apotheosis","Bronze Scales","ClockworkSouvenir","Ancient Potion"],"campfire_rested":3,"item_purchase_floors":[8,37,39,46,46,46],"current_hp_per_floor":[70,52,52,58,63,63,58,58,58,58,58,60,53,45,45,26,70,73,46,50,50,43,43,16,16,16,16,16,7,16,9,40,31,86,92,87,87,73,73,77,77,83,83,83,115,115,115,115,119,78],"gold":304,"neow_bonus":"ONE_RARE_RELIC","is_prod":false,"is_daily":false,"chose_seed":false,"campfire_upgraded":5,"win_rate":0,"timestamp":1563676962,"path_taken":["M","?","$","M","M","R","?","$","T","?","R","?","?","E","R","BOSS","M","?","M","?","M","?","E","?","T","?","R","M","?","M","R","BOSS","M","M","$","M","$","E","R","E","T","?","R","$","?","M","R","BOSS"],"build_version":"2019-07-17","purchased_purges":4,"victory":true,"max_hp_per_floor":[72,72,72,72,72,72,72,72,72,72,72,76,80,84,84,84,84,88,92,96,96,100,100,100,100,100,100,100,100,104,104,104,104,104,108,108,108,108,108,115,115,115,115,115,115,115,115,119,119,119],"card_choices":[{"not_picked":["Fire Breathing","Heavy Blade"],"picked":"Flame Barrier","floor":1},{"not_picked":["Headbutt","Wild Strike"],"picked":"Body Slam","floor":4},{"not_picked":["Hemokinesis","Havoc","Rupture"],"picked":"SKIP","floor":5},{"not_picked":["Dropkick","Wild Strike"],"picked":"Feed","floor":7},{"not_picked":["Clothesline","Second Wind","Warcry"],"picked":"SKIP","floor":12},{"not_picked":["Wild Strike","Searing Blow","Inflame"],"picked":"SKIP","floor":13},{"not_picked":["Thunderclap","Blood for Blood"],"picked":"Juggernaut","floor":14},{"not_picked":["Double Tap","Juggernaut"],"picked":"Demon Form","floor":16},{"not_picked":["Rampage","Anger","Thunderclap"],"picked":"SKIP","floor":18},{"not_picked":["Body Slam+1","Clash"],"picked":"Shockwave","floor":19},{"not_picked":["Anger","Searing Blow","Hemokinesis"],"picked":"SKIP","floor":20},{"not_picked":["Rupture","Carnage+1"],"picked":"Shrug It Off+1","floor":22},{"not_picked":["Perfected Strike","True Grit+1"],"picked":"Immolate","floor":24},{"not_picked":["Wild Strike+1","Havoc","Twin Strike"],"picked":"SKIP","floor":29},{"not_picked":["Warcry","Iron Wave+1","Second Wind"],"picked":"SKIP","floor":30},{"not_picked":["Disarm+1","Sever Soul+1"],"picked":"Metallicize","floor":31},{"not_picked":["Double Tap","Feed"],"picked":"Limit Break","floor":33},{"not_picked":["Rupture+1","Clash"],"picked":"Battle Trance+1","floor":35},{"not_picked":["Evolve","Power Through+1","Thunderclap+1"],"picked":"SKIP","floor":36},{"not_picked":["Power Through","Iron Wave+1"],"picked":"Body Slam+1","floor":38},{"not_picked":["Rage","Cleave+1"],"picked":"Entrench","floor":40},{"not_picked":["Sword Boomerang","Wild Strike+1"],"picked":"Uppercut+1","floor":42},{"not_picked":["Thunderclap+1","Cleave","Clothesline"],"picked":"SKIP","floor":48}],"player_experience":120406,"relics_obtained":[{"floor":7,"key":"Odd Mushroom"},{"floor":9,"key":"Orichalcum"},{"floor":14,"key":"Shuriken"},{"floor":19,"key":"Red Mask"},{"floor":24,"key":"Ginger"},{"floor":26,"key":"Blue Candle"},{"floor":40,"key":"Strawberry"},{"floor":42,"key":"Bottled Lightning"},{"floor":43,"key":"Red Skull"}],"event_choices":[{"damage_healed":0,"gold_gain":0,"player_choice":"Take Damage","damage_taken":18,"relics_obtained":["Golden Idol"],"max_hp_gain":0,"max_hp_loss":0,"event_name":"Golden Idol","floor":2,"gold_loss":0},{"damage_healed":0,"gold_gain":0,"player_choice":"Fought Mushrooms","damage_taken":0,"max_hp_gain":0,"max_hp_loss":0,"event_name":"Mushrooms","floor":7,"gold_loss":0},{"damage_healed":0,"gold_gain":0,"player_choice":"Forge","damage_taken":0,"max_hp_gain":0,"max_hp_loss":0,"event_name":"Accursed Blacksmith","floor":10,"gold_loss":0,"cards_upgraded":["Feed"]},{"damage_healed":0,"gold_gain":0,"player_choice":"Fought Bandits","damage_taken":0,"max_hp_gain":0,"max_hp_loss":0,"event_name":"Masked Bandits","floor":19,"gold_loss":0},{"damage_healed":0,"gold_gain":99,"player_choice":"Stole From Cult","damage_taken":0,"max_hp_gain":0,"max_hp_loss":0,"event_name":"Nest","floor":21,"gold_loss":0},{"damage_healed":0,"gold_gain":0,"player_choice":"Inject Mutagens","damage_taken":0,"relics_obtained":["MutagenicStrength"],"max_hp_gain":0,"max_hp_loss":0,"event_name":"Drug Dealer","floor":23,"gold_loss":0},{"damage_healed":0,"gold_gain":0,"player_choice":"Obtained Relic","damage_taken":0,"relics_obtained":["Ancient Tea Set"],"max_hp_gain":0,"max_hp_loss":0,"event_name":"Addict","floor":25,"gold_loss":85},{"damage_healed":0,"gold_gain":0,"cards_transformed":["Strike_R"],"player_choice":"Transformed","damage_taken":0,"max_hp_gain":0,"max_hp_loss":0,"event_name":"Transmorgrifier","floor":27,"gold_loss":0,"cards_obtained":["Seeing Red"]},{"damage_healed":0,"gold_gain":333,"player_choice":"Gave Idol","damage_taken":0,"max_hp_gain":0,"max_hp_loss":0,"event_name":"The Moai Head","floor":44,"relics_lost":["Golden Idol"],"gold_loss":0},{"damage_healed":0,"gold_gain":222,"player_choice":"Wore Mask","damage_taken":0,"max_hp_gain":0,"max_hp_loss":0,"event_name":"Tomb of Lord Red Mask","floor":47,"gold_loss":0}],"is_beta":false,"boss_relics":[{"not_picked":["Ectoplasm","Runic Cube"],"picked":"Cursed Key"},{"not_picked":["Black Star","Pandora\u0027s Box"],"picked":"Empty Cage"}],"items_purged_floors":[3,37,39,46],"is_endless":false,"potions_floor_spawned":[1,7,12,13,18,22,29,30,31,35,36,42],"ascension_level":6}