{"gold_per_floor":[112,37,55,230,230,230,255,273,300,320,320,320,153,164,164,164],"floor_reached":16,"playtime":1110,"items_purged":["Normality","Doubt"],"score":110,"play_id":"68c2fd29-2c1d-4145-9344-e926cd9438ce","local_time":"20190820182339","is_ascension_mode":true,"campfire_choices":[{"data":"Wraith Form v2","floor":6.0,"key":"SMITH"},{"data":"Neutralize","floor":12,"key":"SMITH"},{"data":"Dash","floor":15,"key":"SMITH"}],"neow_cost":"CURSE","seed_source_timestamp":0,"circlet_count":0,"master_deck":["Strike_G","Strike_G","Strike_G","Strike_G","Defend_G","Defend_G","Defend_G","Defend_G","Defend_G","Survivor","Neutralize+1","Adrenaline","Well Laid Plans","Wraith Form v2+1","Blade Dance+1","PiercingWail","Finisher","Footwork","Dash+1"],"special_seed":0,"relics":["Ring of the Snake","Lantern","PreservedInsect"],"potions_floor_usage":[7],"damage_taken":[{"damage":7.0,"enemies":"Small Slimes","floor":1.0,"turns":6.0},{"damage":2.0,"enemies":"Jaw Worm","floor":3.0,"turns":5.0},{"damage":13,"enemies":"Gremlin Nob","floor":7,"turns":7},{"damage":2,"enemies":"Cultist","floor":8,"turns":4},{"damage":1,"enemies":"Blue Slaver","floor":10,"turns":5},{"damage":1,"enemies":"Looter","floor":14,"turns":3},{"damage":52,"enemies":"Slime Boss","floor":16,"turns":10}],"seed_played":"-3018307190270132403","potions_obtained":[{"floor":3.0,"key":"AttackPotion"},{"floor":8,"key":"GamblersBrew"},{"floor":10,"key":"EssenceOfSteel"}],"is_trial":false,"path_per_floor":["M","$","M","?","?","R","E","M","T","M","?","R","$","M","R","B"],"character_chosen":"THE_SILENT","items_purchased":["Footwork"],"campfire_rested":0,"item_purchase_floors":[13],"current_hp_per_floor":[63,63,61,61,61,61,48,46,46,45,45,45,45,44,44,0],"gold":164,"neow_bonus":"THREE_RARE_CARDS","is_prod":false,"is_daily":false,"chose_seed":false,"campfire_upgraded":3,"win_rate":0,"timestamp":1566350619,"path_taken":["M","$","M","?","?","R","E","M","T","?","?","R","$","M","R","BOSS"],"build_version":"2019-07-17","purchased_purges":2,"victory":false,"max_hp_per_floor":[70,70,70,70,70,70,70,70,70,70,70,70,70,70,70,70],"card_choices":[{"not_picked":["Unload","Burst"],"picked":"Adrenaline","floor":0.0},{"not_picked":["Skewer","Infinite Blades"],"picked":"Well Laid Plans","floor":1.0},{"not_picked":["Dagger Throw","Acrobatics","Expertise"],"picked":"SKIP","floor":3.0},{"not_picked":["Bane","Malaise"],"picked":"Blade Dance","floor":7},{"not_picked":["Tactician","Dodge and Roll"],"picked":"PiercingWail","floor":8},{"not_picked":["Slice","Acrobatics"],"picked":"Finisher","floor":10},{"not_picked":["Slice","Choke"],"picked":"Dash","floor":14}],"player_experience":189580,"relics_obtained":[{"floor":7,"key":"Lantern"},{"floor":9,"key":"PreservedInsect"}],"event_choices":[{"damage_healed":0.0,"max_hp_gain":0.0,"max_hp_loss":0.0,"gold_gain":175.0,"event_name":"Liars Game","player_choice":"AGREE","floor":4.0,"gold_loss":0.0,"damage_taken":0.0,"cards_obtained":["Doubt"]},{"damage_healed":0.0,"max_hp_gain":0.0,"max_hp_loss":0.0,"gold_gain":0.0,"cards_transformed":["Strike_G"],"event_name":"Transmorgrifier","player_choice":"Transformed","floor":5.0,"gold_loss":0.0,"damage_taken":0.0,"cards_obtained":["Wraith Form v2"]},{"damage_healed":0,"gold_gain":0,"player_choice":"Grow","damage_taken":0,"max_hp_gain":0,"max_hp_loss":0,"event_name":"Living Wall","floor":11,"gold_loss":0,"cards_upgraded":["Blade Dance"]}],"is_beta":false,"boss_relics":[],"items_purged_floors":[2,13],"is_endless":false,"potions_floor_spawned":[3,8,10],"killed_by":"Slime Boss","ascension_level":2}