{"gold_per_floor":[109,109,32,50,61,61,86,112,139,8,24,24,68,88,88,179,179,200,40,64,64,2,2,18,59,59,100,100,121,20,20,20,113,113,126,184,0,0,19,53,76,76,76,119,142,156,22,61,61,61,61,61,61,5,46,46],"floor_reached":57,"playtime":6629,"items_purged":["Strike_G","Writhe"],"score":2901,"play_id":"966c69be-a894-43ed-b509-0a99820e10ef","local_time":"20190820181721","is_ascension_mode":true,"campfire_choices":[{"data":"Dagger Throw","floor":6.0,"key":"SMITH"},{"data":"Caltrops","floor":15.0,"key":"SMITH"},{"data":"Footwork","floor":23.0,"key":"SMITH"},{"data":"Neutralize","floor":28.0,"key":"SMITH"},{"data":"Footwork","floor":32.0,"key":"SMITH"},{"floor":42.0,"key":"REST"},{"floor":49.0,"key":"RECALL"},{"data":"Envenom","floor":53.0,"key":"SMITH"}],"neow_cost":"NONE","seed_source_timestamp":0,"circlet_count":0,"master_deck":["AscendersBane","Strike_G+1","Strike_G+1","Strike_G+1","Defend_G+1","Defend_G+1","Defend_G+1","Defend_G+1","Defend_G+1","Survivor","Neutralize+1","Dagger Throw+1","Footwork+1","Caltrops+1","Glass Knife","Dagger Spray","Skewer","Well Laid Plans","Backflip","Die Die Die+1","Well Laid Plans","Backflip","Backflip","Poisoned Stab+1","Footwork+1","Flechettes+1","Backflip","Footwork","Envenom+1","Deflect","Crippling Poison","Footwork","Prepared+1","Leg Sweep+1","Dodge and Roll","Escape Plan","Escape Plan+1","Malaise","Backflip+1"],"special_seed":0,"relics":["Ring of the Serpent","Oddly Smooth Stone","Lantern","Bag of Preparation","PreservedInsect","Golden Idol","Molten Egg 2","Cursed Key","Potion Belt","Snake Skull","Strawberry","Prayer Wheel","Peace Pipe","Red Mask","Regal Pillow","Smiling Mask","Vajra","Blood Vial"],"potions_floor_usage":[56,56,56],"damage_taken":[{"damage":0.0,"enemies":"Small Slimes","floor":1.0,"turns":5.0},{"damage":0.0,"enemies":"Cultist","floor":4.0,"turns":4.0},{"damage":1.0,"enemies":"Jaw Worm","floor":5.0,"turns":8.0},{"damage":36.0,"enemies":"Gremlin Nob","floor":7.0,"turns":6.0},{"damage":0.0,"enemies":"Large Slime","floor":11.0,"turns":4.0},{"damage":4.0,"enemies":"Lagavulin","floor":13.0,"turns":7.0},{"damage":0.0,"enemies":"Looter","floor":14.0,"turns":3.0},{"damage":13.0,"enemies":"Hexaghost","floor":16.0,"turns":13.0},{"damage":14.0,"enemies":"2 Thieves","floor":18.0,"turns":3.0},{"damage":2.0,"enemies":"Shell Parasite","floor":20.0,"turns":5.0},{"damage":0.0,"enemies":"3 Cultists","floor":24.0,"turns":4.0},{"damage":1.0,"enemies":"Book of Stabbing","floor":25.0,"turns":5.0},{"damage":6.0,"enemies":"Slavers","floor":27.0,"turns":5.0},{"damage":0.0,"enemies":"Snake Plant","floor":29.0,"turns":3.0},{"damage":2.0,"enemies":"Champ","floor":33.0,"turns":19.0},{"damage":0.0,"enemies":"3 Darklings","floor":35.0,"turns":6.0},{"damage":41.0,"enemies":"2 Orb Walkers","floor":36.0,"turns":5.0},{"damage":9.0,"enemies":"Orb Walker","floor":39.0,"turns":4.0},{"damage":3.0,"enemies":"Reptomancer","floor":40.0,"turns":8.0},{"damage":0.0,"enemies":"Maw","floor":41.0,"turns":7.0},{"damage":4.0,"enemies":"Nemesis","floor":44.0,"turns":9.0},{"damage":1.0,"enemies":"Jaw Worm Horde","floor":45.0,"turns":6.0},{"damage":6.0,"enemies":"Sphere and 2 Shapes","floor":46.0,"turns":8.0},{"damage":0.0,"enemies":"Giant Head","floor":48.0,"turns":9.0},{"damage":12.0,"enemies":"Donu and Deca","floor":50.0,"turns":13.0},{"damage":0.0,"enemies":"Awakened One","floor":51.0,"turns":21.0},{"damage":21.0,"enemies":"Shield and Spear","floor":55.0,"turns":11.0},{"damage":21,"enemies":"The Heart","floor":56,"turns":14}],"seed_played":"5501050716369174753","potions_obtained":[{"floor":1.0,"key":"FearPotion"},{"floor":5.0,"key":"SkillPotion"},{"floor":14.0,"key":"SteroidPotion"},{"floor":20.0,"key":"SteroidPotion"},{"floor":24.0,"key":"SkillPotion"},{"floor":25.0,"key":"Weak Potion"},{"floor":35.0,"key":"EssenceOfSteel"},{"floor":36.0,"key":"EssenceOfSteel"},{"floor":44.0,"key":"Explosive Potion"},{"floor":45.0,"key":"AttackPotion"},{"floor":46.0,"key":"GhostInAJar"}],"is_trial":false,"path_per_floor":["M","?","$","M","M","R","E","T","T","$","M","?","E","M","R","B",null,"M","$","M","?","?","R","M","E","T","E","R","M","$","?","R","B",null,"M","?","?","?","M","E","M","R","T","E","M","M","$","E","R","B","B",null,"R","$","E","B",null],"character_chosen":"THE_SILENT","items_purchased":["Footwork","Dagger Spray","Potion Belt","Footwork","Dexterity Potion","GhostInAJar","Dexterity Potion"],"campfire_rested":1,"item_purchase_floors":[3,10,19,30,30,47,54],"current_hp_per_floor":[59,59,59,59,58,58,22,22,22,22,22,22,18,18,18,5,46,32,32,30,30,30,30,30,36,36,30,30,30,30,30,30,28,57,57,16,16,16,7,4,4,38,38,34,33,27,27,27,27,15,15,52,52,52,31,12],"gold":46,"neow_bonus":"RANDOM_COMMON_RELIC","is_prod":false,"is_daily":false,"chose_seed":false,"campfire_upgraded":6,"win_rate":0,"timestamp":1566321441,"path_taken":["M","?","?","M","?","R","E","?","T","$","?","?","E","M","R","BOSS","M","$","M","?","?","R","M","E","T","E","R","?","$","?","R","BOSS","M","?","?","?","M","E","M","R","T","E","M","M","?","E","R","BOSS","BOSS","R","$","E","BOSS"],"build_version":"2019-08-15","purchased_purges":2,"victory":true,"max_hp_per_floor":[66,66,66,66,66,66,66,66,66,66,66,60,60,60,60,60,60,60,60,60,60,60,60,60,67,67,67,67,67,67,67,67,67,67,67,67,67,64,64,64,64,64,64,64,64,64,64,64,64,64,64,64,64,64,64,64],"card_choices":[{"not_picked":["Distraction","Sucker Punch"],"picked":"Dagger Throw","floor":1.0},{"not_picked":["Slice","PiercingWail"],"picked":"Caltrops","floor":4.0},{"not_picked":["Dodge and Roll","Backflip","Cloak And Dagger"],"picked":"SKIP","floor":5.0},{"not_picked":["Flying Knee","Expertise"],"picked":"Glass Knife","floor":7.0},{"not_picked":["Acrobatics","Prepared"],"picked":"Skewer","floor":11.0},{"not_picked":["Backstab","Riddle With Holes"],"picked":"Well Laid Plans","floor":13.0},{"not_picked":["Eviscerate+1","Cloak And Dagger"],"picked":"Backflip","floor":14.0},{"not_picked":["Phantasmal Killer","Bullet Time"],"picked":"Die Die Die+1","floor":16.0},{"not_picked":["Sucker Punch+1","Acrobatics"],"picked":"Well Laid Plans","floor":18.0},{"not_picked":["Sucker Punch+1","Blade Dance"],"picked":"Backflip","floor":20.0},{"not_picked":["Flying Knee+1","Slice+1"],"picked":"Backflip","floor":24.0},{"not_picked":["Venomology","Cloak And Dagger+1"],"picked":"Poisoned Stab+1","floor":25.0},{"not_picked":["Choke+1","Heel Hook+1"],"picked":"Footwork","floor":27.0},{"not_picked":["Outmaneuver","Sucker Punch+1"],"picked":"Flechettes+1","floor":29.0},{"not_picked":["Predator+1","Underhanded Strike+1"],"picked":"Backflip","floor":29.0},{"not_picked":["Adrenaline","Tools of the Trade"],"picked":"Envenom","floor":33.0},{"not_picked":["Dagger Spray+1","Quick Slash+1"],"picked":"Deflect","floor":35.0},{"not_picked":["Outmaneuver","Poisoned Stab+1","Sucker Punch+1"],"picked":"SKIP","floor":35.0},{"not_picked":["Underhanded Strike+1","Skewer+1"],"picked":"Crippling Poison","floor":36.0},{"not_picked":["Backflip","Poisoned Stab+1"],"picked":"Footwork","floor":39.0},{"not_picked":["Endless Agony+1","Bane+1","Predator+1"],"picked":"SKIP","floor":39.0},{"not_picked":["Quick Slash+1","Dagger Spray+1"],"picked":"Prepared+1","floor":40.0},{"not_picked":["A Thousand Cuts","Sucker Punch+1"],"picked":"Leg Sweep+1","floor":41.0},{"not_picked":["Infinite Blades","Calculated Gamble","Outmaneuver"],"picked":"SKIP","floor":41.0},{"not_picked":["Quick Slash+1","Sucker Punch+1"],"picked":"Dodge and Roll","floor":44.0},{"not_picked":["Calculated Gamble","Underhanded Strike+1"],"picked":"Escape Plan","floor":45.0},{"not_picked":["Bane+1","Endless Agony+1","Poisoned Stab+1"],"picked":"SKIP","floor":45.0},{"not_picked":["Dagger Throw+1","Blade Dance"],"picked":"Escape Plan+1","floor":46.0},{"not_picked":["Sucker Punch+1","Predator+1"],"picked":"Malaise","floor":46.0},{"not_picked":["Venomology","Dagger Throw+1","Acrobatics"],"picked":"SKIP","floor":48.0},{"not_picked":["Bouncing Flask+1","Poisoned Stab+1"],"picked":"Backflip+1","floor":55.0}],"player_experience":2330391,"relics_obtained":[{"floor":7.0,"key":"Lantern"},{"floor":8.0,"key":"Bag of Preparation"},{"floor":9.0,"key":"PreservedInsect"},{"floor":13.0,"key":"Molten Egg 2"},{"floor":25.0,"key":"Strawberry"},{"floor":27.0,"key":"Prayer Wheel"},{"floor":36.0,"key":"Peace Pipe"},{"floor":40.0,"key":"Regal Pillow"},{"floor":44.0,"key":"Smiling Mask"},{"floor":48.0,"key":"Vajra"},{"floor":55.0,"key":"Blood Vial"}],"event_choices":[{"cards_removed":["Strike_G"],"damage_healed":0.0,"max_hp_gain":0.0,"max_hp_loss":0.0,"gold_gain":0.0,"event_name":"Bonfire Elementals","player_choice":"Offered Basic","floor":2.0,"gold_loss":0.0,"damage_taken":0.0},{"damage_healed":0.0,"max_hp_gain":0.0,"max_hp_loss":6.0,"gold_gain":0.0,"event_name":"Golden Idol","player_choice":"Lose Max HP","floor":12.0,"gold_loss":0.0,"damage_taken":0.0,"relics_obtained":["Golden Idol"]},{"damage_healed":0.0,"max_hp_gain":0.0,"max_hp_loss":0.0,"gold_gain":0.0,"event_name":"Back to Basics","player_choice":"Simplicity","floor":21.0,"gold_loss":0.0,"damage_taken":0.0,"cards_upgraded":["Strike_G","Strike_G","Strike_G","Defend_G","Defend_G","Defend_G","Defend_G","Defend_G"]},{"damage_healed":0.0,"max_hp_gain":0.0,"max_hp_loss":0.0,"gold_gain":0.0,"event_name":"WeMeetAgain","player_choice":"Paid Gold","floor":22.0,"gold_loss":62.0,"damage_taken":0.0,"relics_obtained":["Snake Skull"]},{"damage_healed":0.0,"max_hp_gain":0.0,"max_hp_loss":0.0,"gold_gain":0.0,"event_name":"Vampires","player_choice":"Ignored","floor":31.0,"gold_loss":0.0,"damage_taken":0.0},{"damage_healed":0.0,"max_hp_gain":0.0,"max_hp_loss":0.0,"gold_gain":0.0,"event_name":"Mysterious Sphere","player_choice":"Fight","floor":36.0,"gold_loss":0.0,"damage_taken":0.0},{"damage_healed":0.0,"max_hp_gain":0.0,"max_hp_loss":0.0,"gold_gain":0.0,"event_name":"Tomb of Lord Red Mask","player_choice":"Paid","floor":37.0,"gold_loss":184.0,"damage_taken":0.0,"relics_obtained":["Red Mask"]},{"damage_healed":0.0,"max_hp_gain":0.0,"max_hp_loss":3.0,"gold_gain":0.0,"event_name":"Winding Halls","player_choice":"Max HP","floor":38.0,"gold_loss":0.0,"damage_taken":0.0}],"is_beta":true,"boss_relics":[{"not_picked":["White Beast Statue","Calling Bell"],"picked":"Cursed Key"},{"not_picked":["Fusion Hammer","Tiny House"],"picked":"Ring of the Serpent"}],"items_purged_floors":[10,47],"is_endless":false,"potions_floor_spawned":[1,5,14,20,24,25,35,36,44,45,46],"ascension_level":20}