{"gold_per_floor":[113,188,202,225,243,259,259,276,357,67,67,6,6,40,40,119,119,129,145,145,160,27,27,62,79,79,79,97,97,132,5,5,5],"floor_reached":33,"playtime":2066,"items_purged":["Strike_R","Strike_R"],"score":570,"play_id":"1a5376cc-3fc1-4abe-9428-987ee00299ba","local_time":"20180906141319","is_ascension_mode":true,"campfire_choices":[{"data":"Bash","floor":7.0,"key":"SMITH"},{"data":"True Grit","floor":11.0,"key":"SMITH"},{"data":"Discovery","floor":13.0,"key":"SMITH"},{"data":"Armaments","floor":15.0,"key":"SMITH"},{"data":"Juggernaut","floor":23,"key":"SMITH"},{"floor":27,"key":"REST"},{"floor":32,"key":"REST"}],"neow_cost":"NONE","seed_source_timestamp":1697267720669559,"circlet_count":0,"master_deck":["Strike_R","Strike_R","Strike_R","Defend_R","Defend_R","Defend_R","Defend_R","Bash+1","AscendersBane","Carnage","Flame Barrier","Juggernaut+1","Armaments+1","Discovery+1","True Grit+1","Iron Wave","Iron Wave","Impervious","Flame Barrier","Uppercut","Ghostly Armor","Limit Break","Writhe","Metallicize+1","Feel No Pain+1","Shrug It Off"],"special_seed":0,"relics":["Burning Blood","NeowsBlessing","Red Skull","The Courier","Membership Card","Ancient Tea Set","Snecko Eye","Mango","Orichalcum","Letter Opener","Frozen Egg 2","Magic Flower","Oddly Smooth Stone"],"potions_floor_usage":[16,24,24,30,30],"damage_taken":[{"damage":0.0,"enemies":"Jaw Worm","floor":1.0,"turns":1.0},{"damage":0.0,"enemies":"Small Slimes","floor":3.0,"turns":1.0},{"damage":0.0,"enemies":"Cultist","floor":5.0,"turns":1.0},{"damage":28.0,"enemies":"Exordium Thugs","floor":6.0,"turns":6.0},{"damage":20.0,"enemies":"Large Slime","floor":8.0,"turns":7.0},{"damage":22.0,"enemies":"3 Sentries","floor":14.0,"turns":8.0},{"damage":24,"enemies":"Slime Boss","floor":16,"turns":8},{"damage":16,"enemies":"Spheric Guardian","floor":18,"turns":5},{"damage":22,"enemies":"3 Byrds","floor":19,"turns":6},{"damage":7,"enemies":"Colosseum Slavers","floor":20,"turns":20},{"damage":21,"enemies":"Snake Plant","floor":21,"turns":4},{"damage":24,"enemies":"Book of Stabbing","floor":24,"turns":5},{"damage":13,"enemies":"Snecko","floor":25,"turns":4},{"damage":1,"enemies":"Centurion and Healer","floor":28,"turns":5},{"damage":36,"enemies":"Gremlin Leader","floor":30,"turns":6},{"damage":83,"enemies":"Champ","floor":33,"turns":23}],"seed_played":"-3399002853819175456","potions_obtained":[{"floor":3.0,"key":"Strength Potion"},{"floor":6.0,"key":"SpeedPotion"},{"floor":14.0,"key":"Regen Potion"},{"floor":21,"key":"Ancient Potion"},{"floor":24,"key":"Poison Potion"},{"floor":25,"key":"Swift Potion"}],"is_trial":false,"path_per_floor":["M","?","M","T","M","M","R","M","T","$","R","$","R","E","R","B",null,"M","M","?","M","$","R","E","M","T","R","M","?","E","$","R"],"character_chosen":"IRONCLAD","items_purchased":["Membership Card","Discovery","True Grit","Iron Wave","Mango","Oddly Smooth Stone","Feel No Pain+1","Shrug It Off"],"campfire_rested":2,"item_purchase_floors":[10,10,10,12,22,31,31,31],"current_hp_per_floor":[74,63,69,69,75,53,53,39,39,39,39,39,39,23,23,20,61,51,35,64,49,63,63,45,38,38,64,69,69,39,39,65,0],"gold":5,"neow_bonus":"THREE_ENEMY_KILL","is_prod":false,"is_daily":false,"chose_seed":false,"campfire_upgraded":5,"win_rate":0,"timestamp":1536239599,"path_taken":["M","?","M","?","M","?","R","M","T","?","R","$","R","E","R","BOSS","M","M","?","M","$","R","E","M","T","R","M","?","E","$","R","BOSS"],"build_version":"2018-09-04-v2","purchased_purges":2,"victory":false,"max_hp_per_floor":[75,75,75,75,75,75,75,75,75,75,75,75,75,75,75,75,75,75,75,75,75,89,89,89,89,89,89,89,89,89,89,89,89],"card_choices":[{"not_picked":["Flex","Cleave"],"picked":"Carnage","floor":1.0},{"not_picked":["Shockwave","Body Slam"],"picked":"Flame Barrier","floor":3.0},{"not_picked":["Anger","Havoc"],"picked":"Juggernaut","floor":5.0},{"not_picked":["Twin Strike","Body Slam"],"picked":"Armaments","floor":6.0},{"not_picked":["Flex","Wild Strike","Infernal Blade"],"picked":"SKIP","floor":8.0},{"not_picked":["Flex","Juggernaut"],"picked":"Iron Wave","floor":14.0},{"not_picked":["Dark Embrace","Double Tap"],"picked":"Impervious","floor":16},{"not_picked":["Headbutt","Rampage","Fire Breathing"],"picked":"SKIP","floor":18},{"not_picked":["Body Slam","Headbutt+1"],"picked":"Flame Barrier","floor":19},{"not_picked":["Heavy Blade","Havoc","Cleave"],"picked":"SKIP","floor":21},{"not_picked":["True Grit","Warcry"],"picked":"Uppercut","floor":24},{"not_picked":["Perfected Strike","Sword Boomerang"],"picked":"Ghostly Armor","floor":25},{"not_picked":["Anger","Clash"],"picked":"Limit Break","floor":28},{"not_picked":["Warcry","Dropkick"],"picked":"Metallicize+1","floor":30}],"player_experience":1260316,"relics_obtained":[{"floor":4.0,"key":"Red Skull"},{"floor":9.0,"key":"The Courier"},{"floor":14.0,"key":"Ancient Tea Set"},{"floor":24,"key":"Orichalcum"},{"floor":26,"key":"Letter Opener"},{"floor":30,"key":"Magic Flower"}],"event_choices":[{"event_name":"World of Goop","player_choice":"Gather Gold","floor":2.0,"damage_taken":0.0},{"event_name":"Colosseum","player_choice":"Fight","floor":20,"damage_taken":0},{"event_name":"Colosseum","player_choice":"Fled From Nobs","floor":20,"damage_taken":0},{"event_name":"The Mausoleum","player_choice":"Yes","floor":29,"damage_taken":0}],"is_beta":true,"boss_relics":[{"not_picked":["Runic Pyramid","Tiny House"],"picked":"Snecko Eye"}],"items_purged_floors":[10,12],"is_endless":false,"potions_floor_spawned":[3,6,14,20,21,24,25],"killed_by":"Champ","ascension_level":20}