{"gold_per_floor":[16,16,16,91,110,110,143,153,153,180,215,233,233,247,247,344,344,358,358,376,395,395,423,423,383,406,420,447,466,466,486,486,486],"floor_reached":33,"playtime":1813,"items_purged":[],"score":312,"play_id":"0081fd31-57d1-4f80-882f-58ff93ca380b","local_time":"20190628215640","is_ascension_mode":true,"campfire_choices":[{"floor":6,"key":"RECALL"},{"floor":15,"key":"REST"},{"floor":24,"key":"REST"},{"floor":30,"key":"REST"},{"floor":32,"key":"REST"}],"neow_cost":"NO_GOLD","seed_source_timestamp":215401842450800,"circlet_count":0,"master_deck":["Defend_G","Defend_G+1","Defend_G","Defend_G+1","Defend_G","Strike_G","Strike_G","Strike_G","Strike_G","Strike_G","Survivor","Neutralize","Blade Dance","Choke","Blade Dance","Terror+1","Die Die Die","Accuracy","Backstab","Die Die Die","Cloak And Dagger","Blade Dance","Deflect+1","Prepared","Flying Knee","Flying Knee","Dagger Throw","Slice"],"relics":["Ring of the Snake","StoneCalendar","Matryoshka","War Paint","Bottled Lightning","Orichalcum","Happy Flower","Darkstone Periapt","Anchor","Runic Pyramid","Strawberry","Lantern","Dream Catcher"],"potions_floor_usage":[11,16,16,23,29,33,33],"damage_taken":[{"damage":0,"enemies":"Small Slimes","floor":1,"turns":3},{"damage":2,"enemies":"2 Louse","floor":5,"turns":3},{"damage":15,"enemies":"Gremlin Nob","floor":7,"turns":4},{"damage":3,"enemies":"Jaw Worm","floor":8,"turns":3},{"damage":15,"enemies":"Lagavulin","floor":11,"turns":7},{"damage":1,"enemies":"Looter","floor":12,"turns":2},{"damage":0,"enemies":"Red Slaver","floor":14,"turns":2},{"damage":5,"enemies":"Slime Boss","floor":16,"turns":7},{"damage":26,"enemies":"Spheric Guardian","floor":18,"turns":6},{"damage":0,"enemies":"Chosen","floor":20,"turns":3},{"damage":17,"enemies":"Shelled Parasite and Fungi","floor":21,"turns":6},{"damage":18,"enemies":"Book of Stabbing","floor":23,"turns":5},{"damage":0,"enemies":"Snecko","floor":27,"turns":2},{"damage":7,"enemies":"Slavers","floor":28,"turns":5},{"damage":8,"enemies":"Centurion and Healer","floor":29,"turns":3},{"damage":15,"enemies":"Snake Plant","floor":31,"turns":3},{"damage":55,"enemies":"Collector","floor":33,"turns":6}],"seed_played":"6897925818870946122","potions_obtained":[{"floor":7,"key":"GhostInAJar"},{"floor":11,"key":"Block Potion"},{"floor":12,"key":"SteroidPotion"},{"floor":18,"key":"SteroidPotion"},{"floor":19,"key":"SteroidPotion"},{"floor":19,"key":"PowerPotion"},{"floor":28,"key":"PowerPotion"}],"is_trial":false,"path_per_floor":["M","?","?","?","M","R","E","M","T","T","E","M","?","M","R","B",null,"M","?","M","M","?","E","R","?","T","M","E","M","R","M","R","B"],"character_chosen":"THE_SILENT","items_purchased":[],"campfire_rested":4,"item_purchase_floors":[],"current_hp_per_floor":[70,70,70,59,57,57,42,39,39,39,24,23,20,20,41,36,70,44,44,44,27,27,16,39,39,39,39,32,24,47,32,55,0],"gold":486,"neow_bonus":"ONE_RARE_RELIC","is_prod":false,"is_daily":false,"chose_seed":false,"campfire_upgraded":0,"win_rate":0,"timestamp":1561726600,"path_taken":["M","?","?","?","M","R","E","M","T","?","E","?","?","M","R","BOSS","M","?","?","M","?","E","R","?","T","M","E","M","R","?","R","BOSS"],"build_version":"2019-01-23","purchased_purges":0,"victory":false,"max_hp_per_floor":[70,70,70,70,70,70,70,70,70,70,70,70,70,70,70,70,70,70,70,70,70,70,77,77,77,77,77,77,77,77,77,77,77],"card_choices":[{"not_picked":["Deadly Poison","Distraction"],"picked":"Blade Dance","floor":1},{"not_picked":["Cloak And Dagger","PiercingWail"],"picked":"Choke","floor":5},{"not_picked":["PiercingWail","Envenom"],"picked":"Blade Dance","floor":7},{"not_picked":["PiercingWail","Dodge and Roll"],"picked":"Terror","floor":8},{"not_picked":["Sucker Punch","Poisoned Stab"],"picked":"Die Die Die","floor":11},{"not_picked":["Terror","Acrobatics"],"picked":"Accuracy","floor":12},{"not_picked":["Infinite Blades","Riddle With Holes"],"picked":"Backstab","floor":14},{"not_picked":["Wraith Form v2","Burst"],"picked":"Die Die Die","floor":16},{"not_picked":["Sucker Punch+1","Predator"],"picked":"Cloak And Dagger","floor":18},{"not_picked":["Bane","Underhanded Strike","Deadly Poison"],"picked":"SKIP","floor":20},{"not_picked":["Reflex","Deadly Poison"],"picked":"Blade Dance","floor":21},{"not_picked":["Quick Slash+1","Wraith Form v2"],"picked":"Deflect+1","floor":23},{"not_picked":["Riddle With Holes","Footwork+1"],"picked":"Prepared","floor":27},{"not_picked":["Escape Plan","Well Laid Plans"],"picked":"Flying Knee","floor":28},{"not_picked":["Acrobatics","Blade Dance"],"picked":"Flying Knee","floor":29},{"not_picked":["Poisoned Stab+1","Outmaneuver"],"picked":"Dagger Throw","floor":31},{"not_picked":["Terror","Reflex"],"picked":"Slice","floor":32}],"player_experience":21804,"relics_obtained":[{"floor":7,"key":"Matryoshka"},{"floor":9,"key":"War Paint"},{"floor":9,"key":"Bottled Lightning"},{"floor":10,"key":"Orichalcum"},{"floor":10,"key":"Happy Flower"},{"floor":11,"key":"Darkstone Periapt"},{"floor":23,"key":"Strawberry"},{"floor":26,"key":"Lantern"},{"floor":28,"key":"Dream Catcher"}],"event_choices":[{"damage_healed":0,"gold_gain":0,"player_choice":"Ignored","damage_taken":0,"max_hp_gain":0,"max_hp_loss":0,"event_name":"Liars Game","floor":2,"gold_loss":0},{"damage_healed":0,"gold_gain":0,"player_choice":"Ignored","damage_taken":0,"max_hp_gain":0,"max_hp_loss":0,"event_name":"Golden Wing","floor":3,"gold_loss":0},{"damage_healed":0,"gold_gain":75,"player_choice":"Gather Gold","damage_taken":11,"max_hp_gain":0,"max_hp_loss":0,"event_name":"World of Goop","floor":4,"gold_loss":0},{"damage_healed":0,"gold_gain":0,"player_choice":"Success","damage_taken":3,"relics_obtained":["Anchor"],"max_hp_gain":0,"max_hp_loss":0,"event_name":"Scrap Ooze","floor":13,"gold_loss":0},{"damage_healed":0,"gold_gain":0,"player_choice":"Got Potions","damage_taken":0,"max_hp_gain":0,"max_hp_loss":0,"event_name":"Lab","floor":19,"gold_loss":0},{"damage_healed":0,"gold_gain":0,"player_choice":"Ignored","damage_taken":0,"max_hp_gain":0,"max_hp_loss":0,"event_name":"Beggar","floor":22,"gold_loss":0},{"damage_healed":0,"gold_gain":0,"player_choice":"Upgrade","damage_taken":0,"max_hp_gain":0,"max_hp_loss":0,"event_name":"Designer","floor":25,"gold_loss":40,"cards_upgraded":["Terror"]}],"is_beta":false,"boss_relics":[{"not_picked":["Snecko Eye","Eternal Feather"],"picked":"Runic Pyramid"}],"items_purged_floors":[],"is_endless":false,"potions_floor_spawned":[7,11,12,18,21,28],"killed_by":"Collector","ascension_level":1}