{"gold_per_floor":[114,114,2,2,17,17,47,47,47,62,62,99,114,129,129,229,229,244,94,109,124,139,139,169,484,509,509,524,83,83,98,98,198,198,213,213,56,56,56,56,56,56,56,56,71,86,101,131,131,131],"floor_reached":51,"playtime":3428,"items_purged":["Blood for Blood","Clothesline"],"score":897,"play_id":"9c364dd9-20b2-4582-aedc-ba1ffd012173","local_time":"20190822192001","daily_mods":["Insanity","Vintage","Lethality"],"is_ascension_mode":false,"campfire_choices":[{"data":"Armaments","floor":6.0,"key":"SMITH"},{"data":"Armaments","floor":8.0,"key":"SMITH"},{"data":"Armaments","floor":11.0,"key":"SMITH"},{"data":"Armaments","floor":15.0,"key":"SMITH"},{"data":"Corruption","floor":23.0,"key":"SMITH"},{"data":"Fiend Fire","floor":27.0,"key":"SMITH"},{"data":"Clothesline","floor":32.0,"key":"PURGE"},{"data":"Clothesline","floor":40.0,"key":"PURGE"},{"data":"Demon Form","floor":42.0,"key":"SMITH"},{"data":"Combust","floor":44.0,"key":"PURGE"},{"data":"Body Slam","floor":49,"key":"PURGE"}],"neow_cost":"","seed_source_timestamp":0,"circlet_count":0,"master_deck":["Cleave","Armaments+1","Twin Strike","Anger","Pommel Strike","Pommel Strike","Intimidate","Anger","Feel No Pain","Shrug It Off","Sword Boomerang","Flex+1","Second Wind","Rampage","Armaments+1","Thunderclap","Anger","Heavy Blade","Cleave","Spot Weakness","Hemokinesis","Heavy Blade","Flex","Anger","Flame Barrier","Anger","Flame Barrier","Shrug It Off","Twin Strike","Rampage","Sword Boomerang","Power Through","Armaments+1","Heavy Blade","Battle Trance+1","Uppercut","Armaments+1","Headbutt","Wild Strike","Sword Boomerang","Hemokinesis","Fire Breathing","Corruption+1","Fiend Fire+1","Purity+1","Demon Form+1","Reaper"],"special_seed":18130,"relics":["Burning Blood","Pantograph","PreservedInsect","Charon\u0027s Ashes","Singing Bowl","StoneCalendar","Oddly Smooth Stone","Toxic Egg 2","Dream Catcher","Coffee Dripper","Blue Candle","Bronze Scales","Letter Opener","Darkstone Periapt","Happy Flower","Red Skull","Old Coin","Pen Nib","Peace Pipe","Bottled Tornado","Ornamental Fan","Runic Dome","Vajra","Mercury Hourglass","Mummified Hand","Sundial","War Paint","Bag of Marbles","Molten Egg 2"],"potions_floor_usage":[47],"damage_taken":[{"damage":0.0,"enemies":"Jaw Worm","floor":1.0,"turns":1.0},{"damage":0.0,"enemies":"2 Louse","floor":5.0,"turns":1.0},{"damage":0.0,"enemies":"Lagavulin","floor":7.0,"turns":2.0},{"damage":1.0,"enemies":"Small Slimes","floor":10.0,"turns":2.0},{"damage":0.0,"enemies":"3 Sentries","floor":12.0,"turns":2.0},{"damage":3.0,"enemies":"Blue Slaver","floor":13.0,"turns":2.0},{"damage":3.0,"enemies":"Looter","floor":14.0,"turns":2.0},{"damage":4.0,"enemies":"Slime Boss","floor":16.0,"turns":5.0},{"damage":0.0,"enemies":"Spheric Guardian","floor":18.0,"turns":2.0},{"damage":0.0,"enemies":"Shell Parasite","floor":20.0,"turns":1.0},{"damage":5.0,"enemies":"Cultist and Chosen","floor":21.0,"turns":3.0},{"damage":16.0,"enemies":"Centurion and Healer","floor":22.0,"turns":3.0},{"damage":25.0,"enemies":"Slavers","floor":24.0,"turns":2.0},{"damage":0.0,"enemies":"Snecko","floor":25.0,"turns":3.0},{"damage":19.0,"enemies":"Shelled Parasite and Fungi","floor":28.0,"turns":2.0},{"damage":0.0,"enemies":"Centurion and Healer","floor":31.0,"turns":2.0},{"damage":21.0,"enemies":"Champ","floor":33.0,"turns":8.0},{"damage":0.0,"enemies":"Orb Walker","floor":35.0,"turns":3.0},{"damage":3.0,"enemies":"3 Darklings","floor":45.0,"turns":2.0},{"damage":0.0,"enemies":"Sphere and 2 Shapes","floor":46.0,"turns":2.0},{"damage":39,"enemies":"Maw","floor":47,"turns":5},{"damage":0,"enemies":"Reptomancer","floor":48,"turns":2},{"damage":37,"enemies":"Donu and Deca","floor":50,"turns":5}],"seed_played":"-3442902564217526476","potions_obtained":[{"floor":5.0,"key":"SteroidPotion"},{"floor":7.0,"key":"FearPotion"},{"floor":14.0,"key":"AttackPotion"},{"floor":18.0,"key":"SpeedPotion"},{"floor":21.0,"key":"SpeedPotion"},{"floor":28.0,"key":"Explosive Potion"},{"floor":33.0,"key":"EssenceOfSteel"},{"floor":45.0,"key":"FairyPotion"},{"floor":46.0,"key":"Regen Potion"}],"is_trial":false,"path_per_floor":["M","?","$","?","M","R","E","R","T","M","R","?","M","M","R","B",null,"M","$","M","M","M","R","E","M","T","R","M","$","?","M","R","B",null,"M","?","$","?","?","R","T","R","T","R","M","M","M","E","R","B",null],"character_chosen":"IRONCLAD","items_purchased":["Corruption","Bronze Scales","Bottled Tornado","Purity+1","Reaper"],"campfire_rested":0,"item_purchase_floors":[3,19,29,29,37],"current_hp_per_floor":[80,85,85,78,84,84,85,85,85,85,85,87,87,87,87,87,87,87,87,87,87,77,77,60,66,66,66,53,53,53,59,59,69,89,89,89,89,85,85,85,85,85,85,85,85,85,82,87,87,56],"gold":131,"neow_bonus":"","is_prod":false,"is_daily":true,"chose_seed":false,"campfire_upgraded":7,"win_rate":0,"timestamp":1566494401,"path_taken":["M","?","$","?","M","R","E","R","T","M","R","?","M","M","R","BOSS","M","$","M","M","M","R","E","M","T","R","M","$","?","M","R","BOSS","M","?","$","?","?","R","?","R","T","R","?","M","?","E","R","BOSS"],"build_version":"2019-01-23","purchased_purges":2,"victory":true,"max_hp_per_floor":[80,85,85,85,85,85,85,85,85,85,85,87,87,87,87,87,87,87,87,87,87,87,87,89,89,89,89,89,89,89,89,89,89,89,89,89,89,85,85,85,85,85,85,85,85,85,85,87,87,87],"card_choices":[{"not_picked":["Searing Blow","Flex","Pummel"],"picked":"SKIP","floor":7.0},{"not_picked":["Headbutt","Combust","Twin Strike"],"picked":"Singing Bowl","floor":12.0},{"not_picked":["Immolate","Barricade"],"picked":"Fiend Fire","floor":16.0},{"not_picked":["Warcry+1","Thunderclap","Body Slam"],"picked":"Singing Bowl","floor":24.0},{"not_picked":["Barricade","Double Tap+1"],"picked":"Demon Form","floor":33.0},{"not_picked":["Warcry+1","Pummel","Cleave+1"],"picked":"Singing Bowl","floor":48}],"player_experience":286084,"relics_obtained":[{"floor":1.0,"key":"Pantograph"},{"floor":5.0,"key":"PreservedInsect"},{"floor":7.0,"key":"Charon\u0027s Ashes"},{"floor":9.0,"key":"Singing Bowl"},{"floor":10.0,"key":"StoneCalendar"},{"floor":12.0,"key":"Oddly Smooth Stone"},{"floor":13.0,"key":"Toxic Egg 2"},{"floor":14.0,"key":"Dream Catcher"},{"floor":18.0,"key":"Blue Candle"},{"floor":20.0,"key":"Letter Opener"},{"floor":21.0,"key":"Darkstone Periapt"},{"floor":22.0,"key":"Happy Flower"},{"floor":24.0,"key":"Red Skull"},{"floor":25.0,"key":"Old Coin"},{"floor":26.0,"key":"Pen Nib"},{"floor":28.0,"key":"Peace Pipe"},{"floor":31.0,"key":"Ornamental Fan"},{"floor":35.0,"key":"Vajra"},{"floor":41.0,"key":"Mercury Hourglass"},{"floor":43.0,"key":"Mummified Hand"},{"floor":45.0,"key":"Sundial"},{"floor":46.0,"key":"War Paint"},{"floor":47,"key":"Bag of Marbles"},{"floor":48,"key":"Molten Egg 2"}],"event_choices":[{"damage_healed":0.0,"max_hp_gain":5.0,"max_hp_loss":0.0,"gold_gain":0.0,"event_name":"Big Fish","player_choice":"Donut","floor":2.0,"gold_loss":0.0,"damage_taken":0.0},{"cards_removed":["Whirlwind"],"damage_healed":0.0,"max_hp_gain":0.0,"max_hp_loss":0.0,"gold_gain":0.0,"event_name":"Golden Wing","player_choice":"Card Removal","floor":4.0,"gold_loss":0.0,"damage_taken":7.0},{"damage_healed":0.0,"max_hp_gain":0.0,"max_hp_loss":0.0,"gold_gain":30.0,"event_name":"Dead Adventurer","player_choice":"Searched \u00272\u0027 times","floor":12.0,"gold_loss":0.0,"damage_taken":0.0},{"cards_removed":["Combust"],"damage_healed":0.0,"max_hp_gain":0.0,"max_hp_loss":0.0,"gold_gain":0.0,"event_name":"Falling","player_choice":"Removed Power","floor":36.0,"gold_loss":0.0,"damage_taken":0.0},{"damage_healed":0.0,"max_hp_gain":0.0,"max_hp_loss":4.0,"gold_gain":0.0,"event_name":"Winding Halls","player_choice":"Max HP","floor":38.0,"gold_loss":0.0,"damage_taken":0.0},{"damage_healed":0.0,"max_hp_gain":0.0,"max_hp_loss":0.0,"gold_gain":0.0,"event_name":"Mysterious Sphere","player_choice":"Ignored","floor":39.0,"gold_loss":0.0,"damage_taken":0.0}],"is_beta":false,"boss_relics":[{"not_picked":["White Beast Statue","Orrery"],"picked":"Coffee Dripper"},{"not_picked":["Snecko Eye","Calling Bell"],"picked":"Runic Dome"}],"items_purged_floors":[3,29],"is_endless":false,"potions_floor_spawned":[5,7,14,18,21,28,33,45,46],"ascension_level":0}