{"gold_per_floor":[110,122,222,238,208,208,208,208,234,43,69,82,110,121,121,223,223,236,52,52,32,47,47,147,176,203,88,102,22,42,42,42,143,193,205,205,205,221,161,161,161,188,268,268,268,0,26,26,26,26,26,26,26,59,59],"floor_reached":56,"playtime":3192,"items_purged":["Decay","Writhe"],"score":1304,"play_id":"5382a22c-21e3-4f67-9fe3-326c3e748918","local_time":"20190701012803","is_ascension_mode":false,"campfire_choices":[{"data":"Catalyst","floor":6,"key":"SMITH"},{"floor":8,"key":"RECALL"},{"data":"1","floor":15,"key":"LIFT"},{"data":"After Image","floor":23,"key":"SMITH"},{"floor":32,"key":"REST"},{"data":"Noxious Fumes","floor":40,"key":"SMITH"},{"data":"Caltrops","floor":45,"key":"SMITH"},{"floor":49,"key":"REST"},{"data":"Leg Sweep","floor":52,"key":"SMITH"}],"neow_cost":"NONE","seed_source_timestamp":399484666895300,"circlet_count":0,"master_deck":["Defend_G+1","Defend_G+1","Defend_G+1","Defend_G+1","Strike_G+1","Strike_G+1","Strike_G+1","Strike_G+1","Survivor","Neutralize","Leg Sweep+1","Escape Plan","Catalyst+1","Malaise+1","Backflip","Dash","Poisoned Stab","After Image+1","Prepared+1","Noxious Fumes+1","Well Laid Plans","Backflip","Noxious Fumes+1","Backflip","Bullet Time","Leg Sweep+1","Secret Technique","Dramatic Entrance","Master of Strategy","Catalyst+1","Expertise","Flying Knee","Caltrops+1","Pain","Catalyst+1","Caltrops+1"],"relics":["Ring of the Snake","NeowsBlessing","TwistedFunnel","Girya","The Courier","Cursed Key","Juzu Bracelet","Pocketwatch","PreservedInsect","Tiny House","Dead Branch","Pear","Red Mask","Potion Belt","Strawberry"],"potions_floor_usage":[11,13,16,21,25,50,55,55,55,55],"damage_taken":[{"damage":0,"enemies":"2 Louse","floor":1,"turns":1},{"damage":0,"enemies":"Cultist","floor":2,"turns":1},{"damage":0,"enemies":"Small Slimes","floor":4,"turns":1},{"damage":0,"enemies":"Looter","floor":5,"turns":4},{"damage":18,"enemies":"3 Sentries","floor":11,"turns":11},{"damage":5,"enemies":"2 Fungi Beasts","floor":12,"turns":3},{"damage":29,"enemies":"Gremlin Nob","floor":13,"turns":6},{"damage":0,"enemies":"3 Louse","floor":14,"turns":2},{"damage":4,"enemies":"The Guardian","floor":16,"turns":10},{"damage":22,"enemies":"Spheric Guardian","floor":18,"turns":7},{"damage":12,"enemies":"2 Thieves","floor":21,"turns":4},{"damage":5,"enemies":"Sentry and Sphere","floor":22,"turns":6},{"damage":7,"enemies":"Book of Stabbing","floor":25,"turns":7},{"damage":8,"enemies":"Shelled Parasite and Fungi","floor":28,"turns":5},{"damage":5,"enemies":"Snake Plant","floor":30,"turns":5},{"damage":7,"enemies":"Champ","floor":33,"turns":15},{"damage":9,"enemies":"3 Darklings","floor":35,"turns":5},{"damage":2,"enemies":"Orb Walker","floor":38,"turns":4},{"damage":0,"enemies":"Giant Head","floor":42,"turns":5},{"damage":35,"enemies":"Nemesis","floor":47,"turns":5},{"damage":42,"enemies":"Donu and Deca","floor":50,"turns":8},{"damage":10,"enemies":"Shield and Spear","floor":54,"turns":2},{"damage":65,"enemies":"The Heart","floor":55,"turns":6}],"seed_played":"-2589102537194639510","potions_obtained":[{"floor":4,"key":"PowerPotion"},{"floor":11,"key":"Regen Potion"},{"floor":12,"key":"Fire Potion"},{"floor":14,"key":"Dexterity Potion"},{"floor":18,"key":"AttackPotion"},{"floor":28,"key":"GamblersBrew"},{"floor":30,"key":"FearPotion"},{"floor":33,"key":"Strength Potion"},{"floor":34,"key":"AttackPotion"},{"floor":47,"key":"Energy Potion"},{"floor":54,"key":"AttackPotion"}],"is_trial":false,"path_per_floor":["M","M","?","M","M","R","?","R","T","$","E","M","E","M","R","B",null,"M","$","?","M","M","R","?","E","T","$","M","$","M","?","R","B",null,"M","?","?","M","?","R","?","E","T","?","R","?","E","?","R","B",null,"R","$","E","B",null],"character_chosen":"THE_SILENT","items_purchased":["TwistedFunnel","Noxious Fumes","Juzu Bracelet","Noxious Fumes"],"campfire_rested":2,"item_purchase_floors":[10,19,19,27],"current_hp_per_floor":[70,70,70,70,70,70,70,70,70,70,52,47,18,18,18,29,70,48,48,48,36,31,31,31,24,24,24,16,16,11,11,32,25,75,66,66,56,54,54,54,54,54,64,64,64,64,29,29,53,11,81,81,81,78,13],"gold":59,"neow_bonus":"THREE_ENEMY_KILL","is_prod":false,"is_daily":false,"chose_seed":false,"campfire_upgraded":5,"win_rate":0,"timestamp":1561912083,"path_taken":["M","M","?","?","?","R","?","R","T","$","E","M","E","?","R","BOSS","M","$","?","M","M","R","?","E","T","$","M","?","M","?","R","BOSS","M","?","?","M","?","R","?","E","T","?","R","?","E","?","R","BOSS","R","$","E","BOSS"],"build_version":"2019-01-23","purchased_purges":2,"victory":true,"max_hp_per_floor":[70,70,70,70,70,70,70,70,70,70,70,70,70,70,70,70,70,70,70,70,70,70,70,70,70,70,70,70,70,70,70,70,70,75,75,75,75,75,75,75,75,75,85,85,85,85,85,81,81,81,81,81,81,88,88],"card_choices":[{"not_picked":["Outmaneuver","Slice"],"picked":"Leg Sweep","floor":1},{"not_picked":["Finisher","Choke","Dodge and Roll"],"picked":"SKIP","floor":2},{"not_picked":["Backflip","Cloak And Dagger"],"picked":"Escape Plan","floor":4},{"not_picked":["PiercingWail","Dash"],"picked":"Catalyst","floor":5},{"not_picked":["Caltrops","Blade Dance"],"picked":"Malaise","floor":11},{"not_picked":["Slice","Deflect"],"picked":"Backflip","floor":12},{"not_picked":["Distraction","Acrobatics"],"picked":"Dash","floor":13},{"not_picked":["Heel Hook","Masterful Stab"],"picked":"Poisoned Stab","floor":14},{"not_picked":["A Thousand Cuts","Adrenaline"],"picked":"After Image","floor":16},{"not_picked":["Riddle With Holes","Underhanded Strike+1"],"picked":"Prepared+1","floor":18},{"not_picked":["Dodge and Roll","Outmaneuver","Sucker Punch+1"],"picked":"SKIP","floor":21},{"not_picked":["Acrobatics+1","Blade Dance+1"],"picked":"Well Laid Plans","floor":22},{"not_picked":["Eviscerate+1","Venomology"],"picked":"Backflip","floor":25},{"not_picked":["Dodge and Roll","Dagger Throw+1"],"picked":"Backflip","floor":28},{"not_picked":["Bane","Masterful Stab"],"picked":"Dash","floor":30},{"not_picked":["Doppelganger","Unload"],"picked":"Bullet Time","floor":33},{"not_picked":["Dodge and Roll","Tactician+1"],"picked":"Leg Sweep","floor":34},{"not_picked":["Outmaneuver","Dagger Throw+1","Flying Knee+1"],"picked":"SKIP","floor":35},{"not_picked":["Finesse","Panache"],"picked":"Secret Technique","floor":37},{"not_picked":["PanicButton","The Bomb"],"picked":"Dramatic Entrance","floor":37},{"not_picked":["Swift Strike","Violence"],"picked":"Master of Strategy","floor":37},{"not_picked":["Masterful Stab","Tactician"],"picked":"Catalyst+1","floor":38},{"not_picked":["PiercingWail","All Out Attack"],"picked":"Caltrops","floor":42},{"not_picked":["Dash+1","Expertise+1","Deflect+1"],"picked":"SKIP","floor":47},{"not_picked":["All Out Attack+1","Blade Dance"],"picked":"Caltrops+1","floor":54}],"player_experience":80750,"relics_obtained":[{"floor":11,"key":"Girya"},{"floor":13,"key":"The Courier"},{"floor":25,"key":"Pocketwatch"},{"floor":26,"key":"PreservedInsect"},{"floor":42,"key":"Dead Branch"},{"floor":43,"key":"Pear"},{"floor":47,"key":"Potion Belt"},{"floor":54,"key":"Strawberry"}],"event_choices":[{"damage_healed":0,"gold_gain":100,"player_choice":"Pray","damage_taken":0,"max_hp_gain":0,"max_hp_loss":0,"event_name":"Golden Shrine","floor":3,"gold_loss":0},{"damage_healed":0,"gold_gain":0,"player_choice":"Upgraded","damage_taken":0,"max_hp_gain":0,"max_hp_loss":0,"event_name":"Upgrade Shrine","floor":7,"gold_loss":0,"cards_upgraded":["Leg Sweep"]},{"damage_healed":0,"gold_gain":0,"player_choice":"Cursed","damage_taken":0,"max_hp_gain":0,"max_hp_loss":0,"event_name":"Wheel of Change","floor":20,"gold_loss":0,"cards_obtained":["Decay"]},{"damage_healed":0,"gold_gain":100,"player_choice":"Pray","damage_taken":0,"max_hp_gain":0,"max_hp_loss":0,"event_name":"Golden Shrine","floor":24,"gold_loss":0},{"damage_healed":0,"gold_gain":0,"player_choice":"Simplicity","damage_taken":0,"max_hp_gain":0,"max_hp_loss":0,"event_name":"Back to Basics","floor":31,"gold_loss":0,"cards_upgraded":["Defend_G","Defend_G","Defend_G","Defend_G","Defend_G","Strike_G","Strike_G","Strike_G","Strike_G","Strike_G"]},{"cards_removed":["Dash"],"damage_healed":0,"gold_gain":0,"player_choice":"Removed Attack","damage_taken":0,"max_hp_gain":0,"max_hp_loss":0,"event_name":"Falling","floor":36,"gold_loss":0},{"damage_healed":0,"gold_gain":0,"player_choice":"Memory 3","damage_taken":10,"max_hp_gain":0,"max_hp_loss":0,"event_name":"SensoryStone","floor":37,"gold_loss":0},{"damage_healed":0,"gold_gain":0,"cards_transformed":["Defend_G","Strike_G"],"player_choice":"Transformed Cards","damage_taken":0,"max_hp_gain":0,"max_hp_loss":0,"event_name":"Designer","floor":39,"gold_loss":60,"cards_obtained":["Expertise","Flying Knee"]},{"damage_healed":0,"gold_gain":0,"player_choice":"Upgraded","damage_taken":0,"max_hp_gain":0,"max_hp_loss":0,"event_name":"Upgrade Shrine","floor":41,"gold_loss":0,"cards_upgraded":["Noxious Fumes"]},{"damage_healed":0,"gold_gain":0,"player_choice":"Copied","damage_taken":0,"max_hp_gain":0,"max_hp_loss":0,"event_name":"Duplicator","floor":44,"gold_loss":0,"cards_obtained":["Catalyst"]},{"damage_healed":0,"gold_gain":0,"player_choice":"Paid","damage_taken":0,"relics_obtained":["Red Mask"],"max_hp_gain":0,"max_hp_loss":0,"event_name":"Tomb of Lord Red Mask","floor":46,"gold_loss":268},{"damage_healed":0,"gold_gain":0,"player_choice":"Max HP","damage_taken":0,"max_hp_gain":0,"max_hp_loss":4,"event_name":"Winding Halls","floor":48,"gold_loss":0}],"is_beta":false,"boss_relics":[{"not_picked":["Fusion Hammer","Astrolabe"],"picked":"Cursed Key"},{"not_picked":["Coffee Dripper","Busted Crown"],"picked":"Tiny House"}],"items_purged_floors":[27,29],"is_endless":false,"potions_floor_spawned":[4,11,12,14,18,28,30,33,35,38,47,54],"ascension_level":0}