{"gold_per_floor":[114,134,42,42,54,88,88,10,10,35,47,88,112,139,151,265,277,299,324,336,362,393,405,429,441,478,523,134,169,188,208,208,313,313,328,28,28,46,96,96,96,124,150,14,34,34,45,59,59,59],"floor_reached":51,"playtime":3471,"items_purged":["Strike_R"],"score":852,"play_id":"c8e9c05a-a16b-4b5f-adc1-ce45063315a8","local_time":"20190819170759","is_ascension_mode":true,"campfire_choices":[{"data":"Twin Strike","floor":7.0,"key":"SMITH"},{"data":"Shrug It Off","floor":15.0,"key":"SMITH"},{"data":"Demon Form","floor":23.0,"key":"SMITH"},{"data":"Heavy Blade","floor":25.0,"key":"SMITH"},{"data":"Shrug It Off","floor":32.0,"key":"SMITH"},{"data":"Ghostly Armor","floor":40.0,"key":"SMITH"},{"data":"Barricade","floor":46,"key":"SMITH"},{"floor":49,"key":"RECALL"}],"neow_cost":"PERCENT_DAMAGE","seed_source_timestamp":0,"circlet_count":0,"master_deck":["Strike_R","Defend_R","Defend_R","Defend_R","Bash","Twin Strike+1","Anger","Shrug It Off+1","Twin Strike","Shrug It Off+1","Inflame+1","Heavy Blade+1","Demon Form+1","Anger+1","Shockwave+1","Armaments+1","Warcry+1","Feed+1","Feed+1","Ghostly Armor+1","Heavy Blade+1","Exhume","Barricade+1","Disarm+1"],"special_seed":0,"relics":["Burning Blood","Mercury Hourglass","MawBank","Bronze Scales","Coffee Dripper","Vajra","Molten Egg 2","Tiny Chest","Sling","Ancient Tea Set","Runic Pyramid","Red Skull","Bag of Marbles","Ginger","Art of War","Centennial Puzzle"],"potions_floor_usage":[45,48,50,50],"damage_taken":[{"damage":4.0,"enemies":"Cultist","floor":1.0,"turns":5.0},{"damage":5.0,"enemies":"Jaw Worm","floor":2.0,"turns":6.0},{"damage":0.0,"enemies":"Small Slimes","floor":5.0,"turns":3.0},{"damage":12.0,"enemies":"Gremlin Nob","floor":6.0,"turns":5.0},{"damage":11.0,"enemies":"Looter","floor":10.0,"turns":2.0},{"damage":2.0,"enemies":"Lagavulin","floor":12.0,"turns":5.0},{"damage":6.0,"enemies":"Lots of Slimes","floor":13.0,"turns":3.0},{"damage":15.0,"enemies":"Gremlin Gang","floor":14.0,"turns":3.0},{"damage":13.0,"enemies":"Hexaghost","floor":16.0,"turns":8.0},{"damage":7.0,"enemies":"Shell Parasite","floor":18.0,"turns":3.0},{"damage":3.0,"enemies":"3 Byrds","floor":19.0,"turns":3.0},{"damage":6.0,"enemies":"3 Cultists","floor":21.0,"turns":3.0},{"damage":15.0,"enemies":"Snake Plant","floor":22.0,"turns":3.0},{"damage":7.0,"enemies":"Centurion and Healer","floor":24.0,"turns":4.0},{"damage":34.0,"enemies":"Gremlin Leader","floor":27.0,"turns":4.0},{"damage":8.0,"enemies":"Book of Stabbing","floor":29.0,"turns":4.0},{"damage":13.0,"enemies":"Shelled Parasite and Fungi","floor":30.0,"turns":4.0},{"damage":9.0,"enemies":"3 Cultists","floor":31.0,"turns":4.0},{"damage":3.0,"enemies":"Champ","floor":33.0,"turns":6.0},{"damage":16.0,"enemies":"3 Darklings","floor":35.0,"turns":5.0},{"damage":0.0,"enemies":"3 Shapes","floor":38.0,"turns":2.0},{"damage":21.0,"enemies":"2 Orb Walkers","floor":39.0,"turns":4.0},{"damage":30.0,"enemies":"Reptomancer","floor":42.0,"turns":4.0},{"damage":20,"enemies":"Writhing Mass","floor":45,"turns":4},{"damage":0,"enemies":"3 Darklings","floor":47,"turns":5},{"damage":3,"enemies":"Transient","floor":48,"turns":5},{"damage":34,"enemies":"Donu and Deca","floor":50,"turns":6}],"seed_played":"8097545750843735113","potions_obtained":[{"floor":5.0,"key":"Weak Potion"},{"floor":10.0,"key":"Dexterity Potion"},{"floor":13.0,"key":"Swift Potion"},{"floor":14.0,"key":"Weak Potion"},{"floor":16.0,"key":"SkillPotion"},{"floor":19.0,"key":"Ancient Potion"},{"floor":20.0,"key":"AttackPotion"},{"floor":24.0,"key":"Ancient Potion"},{"floor":27.0,"key":"SneckoOil"},{"floor":31.0,"key":"LiquidBronze"},{"floor":33.0,"key":"Strength Potion"},{"floor":35.0,"key":"Poison Potion"},{"floor":38.0,"key":"Energy Potion"},{"floor":47,"key":"Poison Potion"}],"is_trial":false,"path_per_floor":["M","M","$","?","M","E","R","$","T","M","?","E","M","M","R","B",null,"M","M","?","M","M","R","M","R","T","E","$","E","M","M","R","B",null,"M","$","?","M","?","R","?","E","T","$","M","R","M","M","R","B",null],"character_chosen":"IRONCLAD","items_purchased":["Anger","Shrug It Off","Inflame","Tiny Chest","Sling","Red Skull","Bag of Marbles","Barricade"],"campfire_rested":0,"item_purchase_floors":[3,3,8,28,28,36,36,44],"current_hp_per_floor":[58,59,59,59,65,59,59,59,59,54,54,58,58,49,49,42,80,79,80,80,80,71,71,70,70,70,42,42,40,33,30,30,33,80,70,70,70,84,73,73,78,54,54,54,44,44,50,53,53,29],"gold":59,"neow_bonus":"REMOVE_TWO","is_prod":false,"is_daily":false,"chose_seed":false,"campfire_upgraded":7,"win_rate":0,"timestamp":1566259679,"path_taken":["M","M","$","?","M","E","R","?","T","?","?","E","M","M","R","BOSS","M","M","?","?","M","R","M","R","T","E","$","E","M","M","R","BOSS","M","$","?","?","?","R","?","E","T","$","M","R","?","M","R","BOSS"],"build_version":"2019-07-17","purchased_purges":1,"victory":true,"max_hp_per_floor":[80,80,80,80,80,80,80,80,80,80,80,80,80,80,80,80,80,80,80,80,80,80,80,80,80,80,80,80,80,80,80,80,80,80,80,80,80,88,92,92,92,92,92,92,96,96,96,96,96,100],"card_choices":[{"not_picked":["Armaments","Wild Strike","Sever Soul"],"picked":"SKIP","floor":1.0},{"not_picked":["Searing Blow","Reckless Charge"],"picked":"Twin Strike","floor":2.0},{"not_picked":["Flex","Thunderclap"],"picked":"Shrug It Off","floor":5.0},{"not_picked":["Carnage","Disarm"],"picked":"Pommel Strike","floor":6.0},{"not_picked":["Thunderclap","Clash","Perfected Strike"],"picked":"SKIP","floor":10.0},{"not_picked":["Flex","Fire Breathing","Sever Soul"],"picked":"SKIP","floor":12.0},{"not_picked":["Dual Wield","Burning Pact","Clothesline"],"picked":"SKIP","floor":13.0},{"not_picked":["Pommel Strike","Dual Wield"],"picked":"Heavy Blade","floor":14.0},{"not_picked":["Fiend Fire","Barricade"],"picked":"Demon Form","floor":16.0},{"not_picked":["Body Slam+1","Twin Strike","Hemokinesis"],"picked":"SKIP","floor":18.0},{"not_picked":["Metallicize","Havoc"],"picked":"Anger+1","floor":19.0},{"not_picked":["Clothesline","Shrug It Off","Anger"],"picked":"SKIP","floor":21.0},{"not_picked":["Shrug It Off","Body Slam","Heavy Blade"],"picked":"SKIP","floor":22.0},{"not_picked":["Warcry","Anger","Pommel Strike"],"picked":"SKIP","floor":24.0},{"not_picked":["Combust","Spot Weakness+1"],"picked":"Shockwave+1","floor":27.0},{"not_picked":["Flex","Headbutt+1"],"picked":"Armaments+1","floor":29.0},{"not_picked":["Shrug It Off","Armaments"],"picked":"Warcry+1","floor":30.0},{"not_picked":["Shrug It Off","Hemokinesis+1"],"picked":"Feed+1","floor":31.0},{"not_picked":["Dark Embrace","Brutality"],"picked":"Feed+1","floor":33.0},{"not_picked":["Flex","Sever Soul+1"],"picked":"Ghostly Armor","floor":35.0},{"not_picked":["Warcry+1","Clothesline+1","Havoc"],"picked":"SKIP","floor":38.0},{"not_picked":["Anger+1","Metallicize"],"picked":"Heavy Blade+1","floor":39.0},{"not_picked":["Twin Strike+1","Brutality"],"picked":"Exhume","floor":42.0},{"not_picked":["Warcry+1","Pommel Strike+1"],"picked":"Disarm+1","floor":45},{"not_picked":["Warcry","Shrug It Off","Bloodletting"],"picked":"SKIP","floor":47},{"not_picked":["Headbutt+1","Entrench","Pommel Strike+1"],"picked":"SKIP","floor":48}],"player_experience":177213,"relics_obtained":[{"floor":6.0,"key":"Mercury Hourglass"},{"floor":9.0,"key":"MawBank"},{"floor":12.0,"key":"Bronze Scales"},{"floor":26.0,"key":"Vajra"},{"floor":27.0,"key":"Molten Egg 2"},{"floor":29.0,"key":"Ancient Tea Set"},{"floor":39.0,"key":"Ginger"},{"floor":42.0,"key":"Art of War"},{"floor":43.0,"key":"Centennial Puzzle"}],"event_choices":[{"damage_healed":0.0,"max_hp_gain":0.0,"max_hp_loss":0.0,"gold_gain":0.0,"cards_transformed":["Defend_R"],"event_name":"Transmorgrifier","player_choice":"Transformed","floor":4.0,"gold_loss":0.0,"damage_taken":0.0,"cards_obtained":["Twin Strike"]},{"damage_healed":0.0,"max_hp_gain":0.0,"max_hp_loss":0.0,"gold_gain":0.0,"event_name":"Upgrade Shrine","player_choice":"Upgraded","floor":11.0,"gold_loss":0.0,"damage_taken":0.0,"cards_upgraded":["Inflame"]},{"damage_healed":0.0,"max_hp_gain":0.0,"max_hp_loss":0.0,"gold_gain":0.0,"event_name":"Lab","player_choice":"Got Potions","floor":20.0,"gold_loss":0.0,"damage_taken":0.0},{"cards_removed":["Strike_R"],"damage_healed":0.0,"max_hp_gain":0.0,"max_hp_loss":0.0,"gold_gain":0.0,"event_name":"Purifier","player_choice":"Purged","floor":37.0,"gold_loss":0.0,"damage_taken":0.0},{"damage_healed":0.0,"max_hp_gain":0.0,"max_hp_loss":0.0,"gold_gain":0.0,"event_name":"Mysterious Sphere","player_choice":"Fight","floor":39.0,"gold_loss":0.0,"damage_taken":0.0},{"cards_removed":["Pommel Strike"],"damage_healed":5.0,"max_hp_gain":0.0,"max_hp_loss":0.0,"gold_gain":0.0,"event_name":"Bonfire Elementals","player_choice":"Offered Common","floor":41.0,"gold_loss":0.0,"damage_taken":0.0},{"cards_removed":["Pommel Strike"],"damage_healed":5.0,"max_hp_gain":0.0,"max_hp_loss":0.0,"gold_gain":0.0,"event_name":"Bonfire Elementals","player_choice":"Offered Special","floor":41.0,"gold_loss":0.0,"damage_taken":0.0}],"is_beta":false,"boss_relics":[{"not_picked":["Ectoplasm","Orrery"],"picked":"Coffee Dripper"},{"not_picked":["Snecko Eye","Runic Cube"],"picked":"Runic Pyramid"}],"items_purged_floors":[28],"is_endless":false,"potions_floor_spawned":[5,10,13,14,16,19,24,27,31,33,35,38,47],"ascension_level":2}