{"gold_per_floor":[119,137,412,28,28,62,62,78,78,103,103,121,121,146,146,217,217,234,234,234,254,270,270],"floor_reached":23,"playtime":783,"items_purged":["Regret"],"score":468,"play_id":"cdd35c1d-b6b3-4212-8f31-f64ce18f94c3","local_time":"20181213111627","is_ascension_mode":true,"campfire_choices":[{"data":"Predator","floor":7,"key":"SMITH"},{"data":"Deadly Poison","floor":11,"key":"SMITH"},{"data":"Neutralize","floor":13,"key":"SMITH"},{"data":"Cloak And Dagger","floor":15,"key":"SMITH"}],"neow_cost":"NONE","seed_source_timestamp":46769204669944,"circlet_count":0,"master_deck":["AscendersBane","Defend_G","Defend_G","Defend_G","Defend_G","Defend_G","Strike_G","Strike_G","Strike_G","Strike_G","Survivor","Neutralize+1","Quick Slash","Predator+1","Footwork","Footwork","Cloak And Dagger+1","Deadly Poison+1","Backstab","Blur","Malaise","Endless Agony","Necronomicurse","PiercingWail+1","Cloak And Dagger"],"relics":["Ring of the Snake","NeowsBlessing","OrangePellets","Letter Opener","Vajra","Orichalcum","Nunchaku","WristBlade","Necronomicon"],"potions_floor_usage":[10,22,23],"damage_taken":[{"damage":0,"enemies":"Cultist","floor":1,"turns":1},{"damage":0,"enemies":"Small Slimes","floor":2,"turns":1},{"damage":0,"enemies":"3 Sentries","floor":6,"turns":1},{"damage":0,"enemies":"2 Louse","floor":8,"turns":2},{"damage":18,"enemies":"Lagavulin","floor":10,"turns":6},{"damage":0,"enemies":"2 Fungi Beasts","floor":12,"turns":3},{"damage":9,"enemies":"3 Sentries","floor":14,"turns":9},{"damage":1,"enemies":"Hexaghost","floor":16,"turns":9},{"damage":7,"enemies":"2 Thieves","floor":18,"turns":5},{"damage":2,"enemies":"3 Byrds","floor":21,"turns":5},{"damage":9,"enemies":"3 Cultists","floor":22,"turns":7},{"damage":23,"enemies":"Book of Stabbing","floor":23,"turns":2}],"seed_played":"-304351064987474683","potions_obtained":[{"floor":1,"key":"Strength Potion"},{"floor":2,"key":"Strength Potion"},{"floor":12,"key":"GamblersBrew"},{"floor":22,"key":"FearPotion"}],"is_trial":false,"path_per_floor":["M","M","?","$","?","E","R","M","T","E","R","M","R","E","R","B",null,"M","?","?","M","M","E"],"character_chosen":"THE_SILENT","items_purchased":["OrangePellets","Footwork"],"campfire_rested":0,"item_purchase_floors":[4,4],"current_hp_per_floor":[59,59,59,59,59,59,59,59,59,41,41,41,41,32,32,31,57,50,50,29,27,18,0],"gold":270,"neow_bonus":"THREE_ENEMY_KILL","is_prod":false,"is_daily":false,"chose_seed":false,"campfire_upgraded":4,"win_rate":0,"timestamp":1544699787,"path_taken":["M","M","?","?","?","E","R","?","T","E","R","M","R","E","R","BOSS","M","?","?","M","?","E"],"build_version":"2018-12-12","purchased_purges":1,"victory":false,"max_hp_per_floor":[66,66,66,66,66,66,66,66,66,66,66,66,66,66,66,66,66,66,66,66,66,66,66],"card_choices":[{"not_picked":["Distraction","Infinite Blades"],"picked":"Quick Slash","floor":1},{"not_picked":["Dagger Throw","Deflect"],"picked":"Predator","floor":2},{"not_picked":["Poisoned Stab","Flechettes"],"picked":"Footwork","floor":6},{"not_picked":["Blade Dance","Outmaneuver"],"picked":"Cloak And Dagger","floor":8},{"not_picked":["Bane","Flechettes"],"picked":"Deadly Poison","floor":10},{"not_picked":["Cloak And Dagger","Accuracy"],"picked":"Backstab","floor":12},{"not_picked":["Masterful Stab","Distraction"],"picked":"Blur","floor":14},{"not_picked":["Wraith Form v2","Venomology"],"picked":"Malaise","floor":16},{"not_picked":["Quick Slash","Deflect"],"picked":"Endless Agony","floor":18},{"not_picked":["Backstab","Sucker Punch"],"picked":"PiercingWail+1","floor":21},{"not_picked":["Footwork","Prepared"],"picked":"Cloak And Dagger","floor":22}],"player_experience":1695432,"relics_obtained":[{"floor":6,"key":"Letter Opener"},{"floor":9,"key":"Vajra"},{"floor":10,"key":"Orichalcum"},{"floor":14,"key":"Nunchaku"},{"floor":20,"key":"Necronomicon"}],"event_choices":[{"damage_healed":0,"gold_gain":275,"player_choice":"Desecrate","damage_taken":0,"max_hp_gain":0,"max_hp_loss":0,"event_name":"Golden Shrine","floor":3,"gold_loss":0,"cards_obtained":["Regret"]},{"cards_removed":["Strike_G"],"damage_healed":0,"gold_gain":0,"player_choice":"Purged","damage_taken":0,"max_hp_gain":0,"max_hp_loss":0,"event_name":"Purifier","floor":5,"gold_loss":0},{"damage_healed":0,"gold_gain":0,"player_choice":"Ignored","damage_taken":0,"max_hp_gain":0,"max_hp_loss":0,"event_name":"Ghosts","floor":19,"gold_loss":0},{"damage_healed":0,"gold_gain":0,"player_choice":"Obtained Book","damage_taken":21,"max_hp_gain":0,"max_hp_loss":0,"event_name":"Cursed Tome","floor":20,"gold_loss":0}],"is_beta":true,"boss_relics":[{"not_picked":["Fusion Hammer","Coffee Dripper"],"picked":"WristBlade"}],"items_purged_floors":[4],"is_endless":false,"potions_floor_spawned":[1,2,12,14,18,22],"killed_by":"Book of Stabbing","ascension_level":20}