{"gold_per_floor":[111,77,100,100,114,114,141,141,141,167,180,192,203,216,216,216],"floor_reached":16,"playtime":628,"items_purged":[],"score":174,"play_id":"6ae2416a-e32b-4868-85fd-8454d1e27657","local_time":"20190821022520","is_ascension_mode":true,"campfire_choices":[{"data":"Whirlwind","floor":6,"key":"SMITH"},{"data":"Metallicize","floor":8,"key":"SMITH"},{"floor":15,"key":"REST"}],"neow_cost":"NONE","seed_source_timestamp":467599943435700,"circlet_count":0,"master_deck":["AscendersBane","Strike_R","Strike_R","Strike_R","Strike_R","Strike_R","Defend_R","Defend_R","Defend_R","Defend_R","Bash+1","Whirlwind+1","Shrug It Off","Metallicize+1","Shrug It Off","Pommel Strike","Immolate","Flame Barrier"],"relics":["Burning Blood","Dream Catcher","Shuriken","Du-Vu Doll","Singing Bowl"],"potions_floor_usage":[7,16,16],"damage_taken":[{"damage":6,"enemies":"Cultist","floor":1,"turns":4},{"damage":17,"enemies":"2 Louse","floor":5,"turns":4},{"damage":28,"enemies":"Gremlin Nob","floor":7,"turns":5},{"damage":15,"enemies":"3 Sentries","floor":10,"turns":5},{"damage":7,"enemies":"Jaw Worm","floor":11,"turns":3},{"damage":24,"enemies":"Gremlin Gang","floor":12,"turns":3},{"damage":2,"enemies":"Exordium Wildlife","floor":13,"turns":3},{"damage":0,"enemies":"Looter","floor":14,"turns":5},{"damage":54,"enemies":"The Guardian","floor":16,"turns":17}],"seed_played":"-8322707286648175677","potions_obtained":[{"floor":5,"key":"Fire Potion"},{"floor":10,"key":"GamblersBrew"},{"floor":11,"key":"Strength Potion"}],"is_trial":false,"path_per_floor":["M","$","T","?","M","R","E","R","T","E","M","M","M","M","R","B"],"character_chosen":"IRONCLAD","items_purchased":["Metallicize"],"campfire_rested":1,"item_purchase_floors":[2],"current_hp_per_floor":[72,72,72,72,61,61,39,39,39,32,31,13,17,25,52,0],"gold":216,"neow_bonus":"THREE_CARDS","is_prod":false,"is_daily":false,"chose_seed":false,"campfire_upgraded":2,"win_rate":0,"timestamp":1566321920,"path_taken":["M","?","?","?","?","R","E","R","T","E","M","M","M","?","R","BOSS"],"build_version":"2019-07-17","purchased_purges":0,"victory":false,"max_hp_per_floor":[80,80,80,80,80,80,80,80,80,82,82,82,82,84,86,86],"card_choices":[{"not_picked":["Bloodletting","Perfected Strike"],"picked":"Whirlwind","floor":0},{"not_picked":["Havoc","Rupture"],"picked":"Shrug It Off","floor":1},{"not_picked":["Carnage","Dropkick"],"picked":"Shrug It Off","floor":5},{"not_picked":["Rampage","Twin Strike","Bloodletting"],"picked":"SKIP","floor":7},{"not_picked":["Sentinel","Second Wind","Flex"],"picked":"Singing Bowl","floor":10},{"not_picked":["Dual Wield","Thunderclap"],"picked":"Pommel Strike","floor":11},{"not_picked":["Power Through","Flex"],"picked":"Immolate","floor":12},{"not_picked":["Metallicize","Heavy Blade"],"picked":"Flame Barrier","floor":13},{"not_picked":["Wild Strike","Sever Soul","Thunderclap"],"picked":"Singing Bowl","floor":14},{"not_picked":["Perfected Strike","Twin Strike","Bloodletting"],"picked":"Singing Bowl","floor":15}],"player_experience":159695,"relics_obtained":[{"floor":3,"key":"Dream Catcher"},{"floor":7,"key":"Shuriken"},{"floor":9,"key":"Du-Vu Doll"},{"floor":10,"key":"Singing Bowl"}],"event_choices":[{"damage_healed":0,"gold_gain":0,"player_choice":"Upgraded","damage_taken":0,"max_hp_gain":0,"max_hp_loss":0,"event_name":"Upgrade Shrine","floor":4,"gold_loss":0,"cards_upgraded":["Bash"]}],"is_beta":false,"boss_relics":[],"items_purged_floors":[],"is_endless":false,"potions_floor_spawned":[5,10,11],"killed_by":"The Guardian","ascension_level":11}