{"gold_per_floor":[210,223,38,48,123,123,149,83,137,137,149,149],"floor_reached":12,"playtime":431,"items_purged":[],"score":156,"play_id":"41502548-0f73-41ff-9128-71acf4ab56a1","local_time":"20190621220634","is_ascension_mode":true,"campfire_choices":[{"data":"Poisoned Stab","floor":6,"key":"SMITH"},{"floor":10,"key":"REST"}],"neow_cost":"NONE","seed_source_timestamp":360598072307595,"circlet_count":0,"master_deck":["AscendersBane","Strike_G","Strike_G","Strike_G","Strike_G","Strike_G","Defend_G","Defend_G","Defend_G","Defend_G","Defend_G","Survivor","Neutralize","Poisoned Stab+1","PiercingWail","Poisoned Stab","PiercingWail","Quick Slash","Dagger Throw"],"relics":["Ring of the Snake","Potion Belt","PreservedInsect","Blood Vial","Omamori"],"potions_floor_usage":[7],"damage_taken":[{"damage":1,"enemies":"2 Louse","floor":1,"turns":4},{"damage":1,"enemies":"Cultist","floor":2,"turns":4},{"damage":1,"enemies":"Small Slimes","floor":4,"turns":3},{"damage":42,"enemies":"3 Sentries","floor":7,"turns":14},{"damage":0,"enemies":"2 Fungi Beasts","floor":11,"turns":3},{"damage":28,"enemies":"Lagavulin","floor":12,"turns":7}],"seed_played":"2964224406586646248","potions_obtained":[{"floor":1,"key":"SpeedPotion"}],"is_trial":false,"path_per_floor":["M","M","$","M","?","R","E","?","T","R","M","E"],"character_chosen":"THE_SILENT","items_purchased":["Potion Belt","Poisoned Stab"],"campfire_rested":1,"item_purchase_floors":[3,3],"current_hp_per_floor":[58,57,57,56,45,45,3,3,3,22,24,0],"gold":149,"neow_bonus":"HUNDRED_GOLD","is_prod":false,"is_daily":false,"chose_seed":false,"campfire_upgraded":1,"win_rate":0,"timestamp":1561151194,"path_taken":["M","M","$","M","?","R","E","?","T","R","?","E"],"build_version":"2019-06-21","purchased_purges":0,"victory":false,"max_hp_per_floor":[66,66,66,66,66,66,66,66,66,66,66,66],"card_choices":[{"not_picked":["Blade Dance","Outmaneuver"],"picked":"Poisoned Stab","floor":1},{"not_picked":["Riddle With Holes","Outmaneuver"],"picked":"PiercingWail","floor":2},{"not_picked":["Endless Agony","Choke"],"picked":"PiercingWail","floor":4},{"not_picked":["Underhanded Strike","Deflect"],"picked":"Quick Slash","floor":7},{"not_picked":["Burst","Dodge and Roll"],"picked":"Dagger Throw","floor":11}],"player_experience":2131747,"relics_obtained":[{"floor":7,"key":"PreservedInsect"},{"floor":9,"key":"Omamori"}],"event_choices":[{"damage_healed":0,"gold_gain":75,"player_choice":"Gather Gold","damage_taken":11,"max_hp_gain":0,"max_hp_loss":0,"event_name":"World of Goop","floor":5,"gold_loss":0},{"damage_healed":0,"gold_gain":0,"player_choice":"Paid Gold","damage_taken":0,"relics_obtained":["Blood Vial"],"max_hp_gain":0,"max_hp_loss":0,"event_name":"WeMeetAgain","floor":8,"gold_loss":66}],"is_beta":true,"boss_relics":[],"items_purged_floors":[],"is_endless":false,"potions_floor_spawned":[1],"killed_by":"Lagavulin","ascension_level":20}