{"gold_per_floor":[109,109,109,127,202,202,217,217,217,248,248,266,304,319,319,319],"floor_reached":16,"playtime":323,"items_purged":[],"score":220,"play_id":"c2fed5f1-d499-4033-a016-0206821221aa","local_time":"20190721033820","is_ascension_mode":true,"campfire_choices":[{"data":"Hemokinesis","floor":6,"key":"SMITH"},{"floor":8,"key":"REST"},{"floor":11,"key":"REST"},{"floor":15,"key":"REST"}],"neow_cost":"CURSE","seed_source_timestamp":19221547737000,"circlet_count":0,"master_deck":["AscendersBane","Strike_R","Strike_R","Defend_R","Defend_R","Defend_R","Defend_R","Bash","Pain","Sever Soul","Offering","Hemokinesis+1","Thunderclap","Armaments","Combust","Anger","Power Through"],"relics":["Burning Blood","Golden Idol","Ornamental Fan","Oddly Smooth Stone","The Courier"],"potions_floor_usage":[10,16,16],"damage_taken":[{"damage":5,"enemies":"Small Slimes","floor":1,"turns":4},{"damage":11,"enemies":"Jaw Worm","floor":4,"turns":2},{"damage":10,"enemies":"2 Louse","floor":7,"turns":2},{"damage":27,"enemies":"Lagavulin","floor":10,"turns":4},{"damage":11,"enemies":"Large Slime","floor":12,"turns":4},{"damage":27,"enemies":"3 Sentries","floor":13,"turns":6},{"damage":15,"enemies":"Blue Slaver","floor":14,"turns":2},{"damage":37,"enemies":"Hexaghost","floor":16,"turns":9}],"seed_played":"-8541577227247357017","potions_obtained":[{"floor":4,"key":"AttackPotion"},{"floor":10,"key":"Swift Potion"},{"floor":14,"key":"SteroidPotion"}],"is_trial":false,"path_per_floor":["M","?","?","M","?","R","M","R","T","E","R","M","E","M","R","B"],"character_chosen":"IRONCLAD","items_purchased":[],"campfire_rested":3,"item_purchase_floors":[],"current_hp_per_floor":[69,69,43,38,27,27,23,45,45,24,46,41,20,11,33,0],"gold":319,"neow_bonus":"TRANSFORM_TWO_CARDS","is_prod":false,"is_daily":false,"chose_seed":false,"campfire_upgraded":1,"win_rate":0,"timestamp":1563647900,"path_taken":["M","?","?","M","?","R","M","R","T","E","R","M","E","M","R","BOSS"],"build_version":"2019-07-17","purchased_purges":0,"victory":false,"max_hp_per_floor":[75,75,75,75,75,75,75,75,75,75,75,75,75,75,75,75],"card_choices":[{"not_picked":["Armaments","Uppercut"],"picked":"Hemokinesis","floor":1},{"not_picked":["Headbutt","Wild Strike","Whirlwind"],"picked":"SKIP","floor":4},{"not_picked":["Twin Strike","Corruption","Warcry"],"picked":"SKIP","floor":7},{"not_picked":["Twin Strike","Corruption","Warcry"],"picked":"SKIP","floor":7},{"not_picked":["Havoc","Flex"],"picked":"Armaments","floor":10},{"not_picked":["Hemokinesis","Pummel"],"picked":"Combust","floor":12},{"not_picked":["Shockwave","Cleave"],"picked":"Anger","floor":13},{"not_picked":["Clothesline","Ghostly Armor"],"picked":"Power Through","floor":14}],"player_experience":5769931,"relics_obtained":[{"floor":9,"key":"Ornamental Fan"},{"floor":10,"key":"Oddly Smooth Stone"},{"floor":13,"key":"The Courier"}],"event_choices":[{"damage_healed":0,"gold_gain":0,"cards_transformed":["Strike_R"],"player_choice":"Change","damage_taken":0,"max_hp_gain":0,"max_hp_loss":0,"event_name":"Living Wall","floor":2,"gold_loss":0,"cards_obtained":["Thunderclap"]},{"damage_healed":0,"gold_gain":0,"player_choice":"Take Damage","damage_taken":26,"relics_obtained":["Golden Idol"],"max_hp_gain":0,"max_hp_loss":0,"event_name":"Golden Idol","floor":3,"gold_loss":0},{"damage_healed":0,"gold_gain":75,"player_choice":"Gather Gold","damage_taken":11,"max_hp_gain":0,"max_hp_loss":0,"event_name":"World of Goop","floor":5,"gold_loss":0}],"is_beta":false,"boss_relics":[],"items_purged_floors":[],"is_endless":false,"potions_floor_spawned":[4,10,14],"killed_by":"Hexaghost","ascension_level":20}