{"gold_per_floor":[112,125,141,141,158,158,190,41,94,108,108,108,124,124,124,199,199,219,235,253,253,303,303,337,337,384,384,398,398,398,298,298,371,371,381,180,180,180,180,208,223,239,239,253,253,281,298,327,327,327,327,327,327,22,50,50],"floor_reached":57,"playtime":3676,"items_purged":["Strike_G","Defend_G","Defend_G","Strike_G"],"score":3020,"play_id":"0402164b-e8a4-4f88-a77e-9d80e5b19203","local_time":"20190425014703","is_ascension_mode":true,"campfire_choices":[{"data":"Cloak And Dagger","floor":6.0,"key":"SMITH"},{"data":"Reflex","floor":12.0,"key":"SMITH"},{"data":"Concentrate","floor":15.0,"key":"SMITH"},{"data":"A Thousand Cuts","floor":23.0,"key":"SMITH"},{"floor":25.0,"key":"REST"},{"data":"Tactician","floor":27.0,"key":"SMITH"},{"data":"Backflip","floor":32.0,"key":"SMITH"},{"floor":45.0,"key":"RECALL"},{"data":"Blur","floor":49.0,"key":"SMITH"},{"data":"Well Laid Plans","floor":53.0,"key":"SMITH"}],"neow_cost":"NONE","seed_source_timestamp":336809959279300,"circlet_count":0,"master_deck":["AscendersBane","Defend_G+1","Survivor","Neutralize","Concentrate+1","Dagger Throw","Cloak And Dagger+1","Bouncing Flask+1","Noxious Fumes","Well Laid Plans+1","Reflex+1","Backflip+1","A Thousand Cuts+1","Backflip","Tactician+1","Acrobatics+1","Escape Plan+1","Blur+1","PiercingWail","Dark Shackles"],"special_seed":0,"relics":["Ring of the Snake","Kunai","MawBank","War Paint","Empty Cage","Bronze Scales","Potion Belt","WristBlade","Turnip","Gremlin Horn","Happy Flower","Art of War"],"potions_floor_usage":[56,56],"damage_taken":[{"damage":2.0,"enemies":"2 Louse","floor":1.0,"turns":4.0},{"damage":0.0,"enemies":"Cultist","floor":2.0,"turns":4.0},{"damage":0.0,"enemies":"Small Slimes","floor":3.0,"turns":4.0},{"damage":10.0,"enemies":"3 Louse","floor":5.0,"turns":4.0},{"damage":21.0,"enemies":"3 Sentries","floor":7.0,"turns":9.0},{"damage":6.0,"enemies":"Exordium Thugs","floor":10.0,"turns":4.0},{"damage":3.0,"enemies":"Large Slime","floor":13.0,"turns":6.0},{"damage":2.0,"enemies":"Hexaghost","floor":16.0,"turns":8.0},{"damage":2.0,"enemies":"3 Byrds","floor":18.0,"turns":4.0},{"damage":21.0,"enemies":"2 Thieves","floor":19.0,"turns":4.0},{"damage":3.0,"enemies":"Centurion and Healer","floor":20.0,"turns":8.0},{"damage":18.0,"enemies":"Slavers","floor":24.0,"turns":4.0},{"damage":8.0,"enemies":"Shelled Parasite and Fungi","floor":28.0,"turns":4.0},{"damage":0.0,"enemies":"Collector","floor":33.0,"turns":3.0},{"damage":0.0,"enemies":"3 Darklings","floor":35.0,"turns":2.0},{"damage":0.0,"enemies":"Giant Head","floor":40.0,"turns":2.0},{"damage":0.0,"enemies":"3 Shapes","floor":41.0,"turns":2.0},{"damage":0.0,"enemies":"Sphere and 2 Shapes","floor":42.0,"turns":3.0},{"damage":0.0,"enemies":"3 Darklings","floor":44.0,"turns":3.0},{"damage":2.0,"enemies":"Reptomancer","floor":46.0,"turns":5.0},{"damage":0.0,"enemies":"Maw","floor":47.0,"turns":5.0},{"damage":0.0,"enemies":"Nemesis","floor":48.0,"turns":7.0},{"damage":0.0,"enemies":"Time Eater","floor":50.0,"turns":14.0},{"damage":8.0,"enemies":"Donu and Deca","floor":51.0,"turns":12.0},{"damage":0,"enemies":"Shield and Spear","floor":55,"turns":6},{"damage":53,"enemies":"The Heart","floor":56,"turns":10}],"seed_played":"8152615610268201014","potions_obtained":[{"floor":2.0,"key":"Dexterity Potion"},{"floor":3.0,"key":"Weak Potion"},{"floor":7.0,"key":"Swift Potion"},{"floor":13.0,"key":"Ancient Potion"},{"floor":20.0,"key":"Swift Potion"},{"floor":28.0,"key":"Energy Potion"},{"floor":35.0,"key":"SkillPotion"},{"floor":40.0,"key":"GamblersBrew"},{"floor":42.0,"key":"EssenceOfSteel"},{"floor":46.0,"key":"GamblersBrew"},{"floor":55,"key":"SteroidPotion"}],"is_trial":false,"path_per_floor":["M","M","M","?","M","R","E","$","T","M","?","R","M","?","R","B",null,"M","M","M","?","?","R","E","R","T","R","M","?","?","$","R","B",null,"M","$","?","?","?","E","M","M","T","M","R","E","M","E","R","B","B",null,"R","$","E","B",null],"character_chosen":"THE_SILENT","items_purchased":["Reflex","Blur","SpeedPotion","Dark Shackles"],"campfire_rested":1,"item_purchase_floors":[8,36,54,54],"current_hp_per_floor":[57,57,57,57,47,47,26,26,26,20,20,20,17,17,17,15,53,51,30,27,27,27,27,9,28,28,28,20,20,20,20,20,20,55,55,55,45,45,45,45,45,45,45,45,45,43,43,43,43,43,35,58,58,58,58,5],"gold":50,"neow_bonus":"TRANSFORM_CARD","is_prod":false,"is_daily":false,"chose_seed":false,"campfire_upgraded":8,"win_rate":0,"timestamp":1556124423,"path_taken":["M","M","M","?","?","R","E","$","T","M","?","R","M","?","R","BOSS","M","M","M","?","?","R","E","R","T","R","M","?","?","$","R","BOSS","M","$","?","?","?","E","M","M","T","M","R","E","M","E","R","BOSS","BOSS","R","$","E","BOSS"],"build_version":"2019-01-23","purchased_purges":4,"victory":true,"max_hp_per_floor":[66,66,66,66,66,66,66,66,66,66,66,66,66,66,66,66,66,66,66,66,66,66,66,66,66,66,66,66,66,66,66,66,66,66,66,66,66,66,66,66,66,66,66,66,66,66,66,66,66,66,66,66,66,66,66,66],"card_choices":[{"not_picked":["Cloak And Dagger","Leg Sweep"],"picked":"Dagger Throw","floor":1.0},{"not_picked":["Distraction","Poisoned Stab"],"picked":"Cloak And Dagger","floor":2.0},{"not_picked":["Tactician","Heel Hook"],"picked":"Bouncing Flask","floor":3.0},{"not_picked":["Deflect","Acrobatics"],"picked":"Noxious Fumes","floor":5.0},{"not_picked":["Blade Dance","Sucker Punch"],"picked":"Well Laid Plans","floor":7.0},{"not_picked":["Deadly Poison","Outmaneuver","Underhanded Strike"],"picked":"SKIP","floor":10.0},{"not_picked":["Underhanded Strike","Prepared"],"picked":"Backflip","floor":13.0},{"not_picked":["Tools of the Trade","Phantasmal Killer"],"picked":"A Thousand Cuts","floor":16.0},{"not_picked":["Setup","Deflect","Bane"],"picked":"SKIP","floor":18.0},{"not_picked":["Bane","Deadly Poison","Infinite Blades"],"picked":"SKIP","floor":19.0},{"not_picked":["Masterful Stab","Leg Sweep"],"picked":"Backflip","floor":20.0},{"not_picked":["Cloak And Dagger","After Image"],"picked":"Tactician","floor":24.0},{"not_picked":["Backstab+1","Dagger Throw+1"],"picked":"Acrobatics","floor":28.0},{"not_picked":["Skewer","Outmaneuver"],"picked":"Escape Plan+1","floor":35.0},{"not_picked":["Deadly Poison","Skewer","Crippling Poison+1"],"picked":"SKIP","floor":40.0},{"not_picked":["Deadly Poison+1","Blade Dance","Poisoned Stab"],"picked":"SKIP","floor":41.0},{"not_picked":["Terror","Finisher","Outmaneuver+1"],"picked":"SKIP","floor":42.0},{"not_picked":["Quick Slash","Expertise","Accuracy+1"],"picked":"SKIP","floor":44.0},{"not_picked":["Dodge and Roll","Bane","Well Laid Plans"],"picked":"SKIP","floor":46.0},{"not_picked":["Masterful Stab","Slice","Backstab"],"picked":"SKIP","floor":47.0},{"not_picked":["Noxious Fumes","Dagger Spray"],"picked":"PiercingWail","floor":48.0},{"not_picked":["Deadly Poison+1","Tools of the Trade","Dodge and Roll"],"picked":"SKIP","floor":55}],"player_experience":4841464,"relics_obtained":[{"floor":7.0,"key":"MawBank"},{"floor":9.0,"key":"War Paint"},{"floor":24.0,"key":"Bronze Scales"},{"floor":26.0,"key":"Potion Belt"},{"floor":40.0,"key":"Turnip"},{"floor":46.0,"key":"Gremlin Horn"},{"floor":48.0,"key":"Happy Flower"},{"floor":55,"key":"Art of War"}],"event_choices":[{"damage_healed":0.0,"max_hp_gain":0.0,"max_hp_loss":0.0,"gold_gain":0.0,"event_name":"WeMeetAgain","player_choice":"Gave Potion","floor":4.0,"gold_loss":0.0,"damage_taken":0.0,"relics_obtained":["Kunai"]},{"cards_removed":["Strike_G"],"damage_healed":0.0,"max_hp_gain":0.0,"max_hp_loss":0.0,"gold_gain":0.0,"event_name":"Living Wall","player_choice":"Forget","floor":11.0,"gold_loss":0.0,"damage_taken":0.0},{"damage_healed":0.0,"max_hp_gain":0.0,"max_hp_loss":0.0,"gold_gain":0.0,"event_name":"Dead Adventurer","player_choice":"Searched \u00270\u0027 times","floor":14.0,"gold_loss":0.0,"damage_taken":0.0},{"damage_healed":0.0,"max_hp_gain":0.0,"max_hp_loss":0.0,"gold_gain":0.0,"event_name":"Vampires","player_choice":"Ignored","floor":21.0,"gold_loss":0.0,"damage_taken":0.0},{"damage_healed":0.0,"max_hp_gain":0.0,"max_hp_loss":0.0,"gold_gain":50.0,"event_name":"Nest","player_choice":"Stole From Cult","floor":22.0,"gold_loss":0.0,"damage_taken":0.0},{"damage_healed":0.0,"max_hp_gain":0.0,"max_hp_loss":0.0,"gold_gain":0.0,"event_name":"Cursed Tome","player_choice":"Ignored","floor":29.0,"gold_loss":0.0,"damage_taken":0.0},{"damage_healed":0.0,"max_hp_gain":0.0,"max_hp_loss":0.0,"gold_gain":0.0,"event_name":"Upgrade Shrine","player_choice":"Upgraded","floor":30.0,"gold_loss":0.0,"damage_taken":0.0,"cards_upgraded":["Acrobatics"]},{"damage_healed":0.0,"max_hp_gain":0.0,"max_hp_loss":0.0,"gold_gain":0.0,"event_name":"SensoryStone","player_choice":"Memory 3","floor":37.0,"gold_loss":0.0,"damage_taken":10.0},{"cards_removed":["Strike_G"],"damage_healed":0.0,"max_hp_gain":0.0,"max_hp_loss":0.0,"gold_gain":0.0,"event_name":"Falling","player_choice":"Removed Attack","floor":38.0,"gold_loss":0.0,"damage_taken":0.0},{"damage_healed":0.0,"max_hp_gain":0.0,"max_hp_loss":0.0,"gold_gain":0.0,"event_name":"Tomb of Lord Red Mask","player_choice":"Ignored","floor":39.0,"gold_loss":0.0,"damage_taken":0.0}],"is_beta":false,"boss_relics":[{"not_picked":["Ectoplasm","Pandora\u0027s Box"],"picked":"Empty Cage"},{"not_picked":["HoveringKite","Runic Dome"],"picked":"WristBlade"}],"items_purged_floors":[8,31,36,54],"is_endless":false,"potions_floor_spawned":[2,3,7,13,20,28,35,40,42,46,55],"ascension_level":20}