{"gold_per_floor":[217,392,392,26,44,71,71,87,87,102,117,197,212,223,223,319,319,339,349,368,387,30,30,30,30,30,46,73,91,91,121,121,216,216,236,236,255,24,37,37,66,66,137,152,198,208,242,242,242,242],"floor_reached":51,"playtime":1712,"items_purged":["Doubt"],"score":1225,"play_id":"c6addb23-a7e1-4f22-8732-a615e08d462e","local_time":"20190710000045","is_ascension_mode":true,"campfire_choices":[{"data":"1","floor":7.0,"key":"LIFT"},{"data":"2","floor":15.0,"key":"LIFT"},{"data":"3","floor":23.0,"key":"LIFT"},{"data":"Limit Break","floor":25.0,"key":"SMITH"},{"data":"True Grit","floor":30.0,"key":"SMITH"},{"data":"Heavy Blade","floor":32.0,"key":"SMITH"},{"data":"Spot Weakness","floor":40,"key":"SMITH"},{"data":"Pommel Strike","floor":42,"key":"SMITH"},{"floor":49,"key":"REST"}],"neow_cost":"NONE","seed_source_timestamp":1593890838463624,"circlet_count":0,"master_deck":["AscendersBane","Strike_R","Strike_R","Strike_R","Strike_R","Strike_R","Defend_R","Defend_R","Defend_R","Defend_R","Bash+1","Wild Strike","Reaper","Twin Strike","True Grit+1","Shrug It Off","Pommel Strike+1","Shrug It Off","Heavy Blade+1","Limit Break+1","Spot Weakness+1","Pommel Strike+1","Perfected Strike+1","Pommel Strike+1","The Bomb","Sword Boomerang","Wild Strike+1","Mind Blast"],"special_seed":0,"relics":["Burning Blood","Vajra","Girya","Pear","Busted Crown","FossilizedHelix","Torii","Red Skull","Art of War","Snecko Eye","Toxic Egg 2","Kunai","Mango","The Courier"],"potions_floor_usage":[41,46,46,46,46,50],"damage_taken":[{"damage":8.0,"enemies":"Jaw Worm","floor":1.0,"turns":5.0},{"damage":1.0,"enemies":"Cultist","floor":5.0,"turns":3.0},{"damage":45.0,"enemies":"Lagavulin","floor":6.0,"turns":6.0},{"damage":10.0,"enemies":"2 Louse","floor":8.0,"turns":2.0},{"damage":1.0,"enemies":"Looter","floor":10.0,"turns":3.0},{"damage":6.0,"enemies":"Red Slaver","floor":11.0,"turns":3.0},{"damage":26.0,"enemies":"Exordium Wildlife","floor":13.0,"turns":5.0},{"damage":24.0,"enemies":"Large Slime","floor":14.0,"turns":12.0},{"damage":29.0,"enemies":"Hexaghost","floor":16.0,"turns":10.0},{"damage":0.0,"enemies":"Chosen","floor":18.0,"turns":4.0},{"damage":4.0,"enemies":"2 Thieves","floor":19.0,"turns":2.0},{"damage":12.0,"enemies":"Centurion and Healer","floor":20.0,"turns":4.0},{"damage":20.0,"enemies":"Shelled Parasite and Fungi","floor":21.0,"turns":4.0},{"damage":17.0,"enemies":"Snake Plant","floor":27.0,"turns":3.0},{"damage":30.0,"enemies":"Book of Stabbing","floor":28.0,"turns":4.0},{"damage":12.0,"enemies":"Sentry and Sphere","floor":29.0,"turns":5.0},{"damage":10.0,"enemies":"Gremlin Leader","floor":31.0,"turns":6.0},{"damage":45.0,"enemies":"Collector","floor":33.0,"turns":5.0},{"damage":1.0,"enemies":"3 Darklings","floor":35.0,"turns":4.0},{"damage":0.0,"enemies":"Orb Walker","floor":37.0,"turns":2.0},{"damage":0,"enemies":"4 Shapes","floor":39,"turns":4},{"damage":14,"enemies":"Nemesis","floor":41,"turns":3},{"damage":0,"enemies":"Spire Growth","floor":44,"turns":2},{"damage":35,"enemies":"2 Orb Walkers","floor":45,"turns":4},{"damage":13,"enemies":"Writhing Mass","floor":46,"turns":3},{"damage":13,"enemies":"Giant Head","floor":47,"turns":5},{"damage":65,"enemies":"Awakened One","floor":50,"turns":8}],"seed_played":"-9054057362606235446","potions_obtained":[{"floor":8.0,"key":"LiquidBronze"},{"floor":10.0,"key":"Poison Potion"},{"floor":13.0,"key":"Dexterity Potion"},{"floor":16.0,"key":"AttackPotion"},{"floor":18.0,"key":"Energy Potion"},{"floor":19.0,"key":"Strength Potion"},{"floor":31.0,"key":"PowerPotion"},{"floor":41,"key":"EntropicBrew"},{"floor":44,"key":"SpeedPotion"},{"floor":46,"key":"Weak Potion"},{"floor":47,"key":"SmokeBomb"}],"is_trial":false,"path_per_floor":["M","?","?","$","M","E","R","M","T","M","M","?","M","M","R","B",null,"M","M","M","M","$","R","?","R","T","M","E","M","R","E","R","B",null,"M","?","M","$","M","R","E","R","T","M","?","M","E","?","R","B",null],"character_chosen":"IRONCLAD","items_purchased":["Vajra","Reaper","FossilizedHelix","Block Potion","The Bomb","Block Potion"],"campfire_rested":1,"item_purchase_floors":[4,4,22,22,38,38],"current_hp_per_floor":[70,70,70,70,75,40,40,48,58,63,72,72,58,48,48,25,74,90,90,84,70,70,70,90,90,90,90,66,60,60,90,90,51,80,90,85,85,85,85,85,77,77,77,83,68,76,69,69,98,72],"gold":242,"neow_bonus":"HUNDRED_GOLD","is_prod":false,"is_daily":false,"chose_seed":false,"campfire_upgraded":5,"win_rate":0,"timestamp":1562713245,"path_taken":["M","?","?","$","?","E","R","M","T","M","M","?","M","M","R","BOSS","M","M","M","M","$","R","?","R","T","?","E","M","R","E","R","BOSS","M","?","M","$","M","R","E","R","T","M","?","M","E","?","R","BOSS"],"build_version":"2019-07-05","purchased_purges":1,"victory":true,"max_hp_per_floor":[80,80,80,80,80,80,80,80,90,90,90,90,90,90,90,90,90,90,90,90,90,90,90,90,90,90,90,90,90,90,90,90,90,90,90,85,85,85,85,85,85,85,85,85,99,99,99,99,99,99],"card_choices":[{"not_picked":["Thunderclap","Clash"],"picked":"Wild Strike","floor":1.0},{"not_picked":["True Grit","Fire Breathing"],"picked":"Twin Strike","floor":5.0},{"not_picked":["Body Slam","Combust","Power Through"],"picked":"SKIP","floor":6.0},{"not_picked":["Havoc","Second Wind"],"picked":"True Grit","floor":8.0},{"not_picked":["Rampage","Sword Boomerang"],"picked":"Shrug It Off","floor":10.0},{"not_picked":["Cleave","Havoc"],"picked":"Pommel Strike","floor":11.0},{"not_picked":["Reaper","Headbutt"],"picked":"Shrug It Off","floor":13.0},{"not_picked":["Sever Soul","Cleave"],"picked":"Heavy Blade","floor":14.0},{"not_picked":["Reaper","Impervious"],"picked":"Limit Break","floor":16.0},{"not_picked":["Iron Wave"],"picked":"SKIP","floor":18.0},{"not_picked":["Havoc+1"],"picked":"SKIP","floor":19.0},{"not_picked":[],"picked":"Spot Weakness","floor":20.0},{"not_picked":[],"picked":"Rage","floor":21.0},{"not_picked":["Feel No Pain"],"picked":"SKIP","floor":27.0},{"not_picked":[],"picked":"Pommel Strike+1","floor":28.0},{"not_picked":["Iron Wave"],"picked":"SKIP","floor":29.0},{"not_picked":[],"picked":"Perfected Strike+1","floor":31.0},{"not_picked":[],"picked":"Pommel Strike+1","floor":35.0},{"not_picked":["Fire Breathing+1"],"picked":"SKIP","floor":37},{"not_picked":[],"picked":"Sword Boomerang","floor":39},{"not_picked":["Sword Boomerang"],"picked":"SKIP","floor":41},{"not_picked":["Combust+1"],"picked":"SKIP","floor":44},{"not_picked":["Headbutt"],"picked":"SKIP","floor":46},{"not_picked":[],"picked":"Wild Strike+1","floor":47},{"not_picked":[],"picked":"Mind Blast","floor":48}],"player_experience":315749,"relics_obtained":[{"floor":6.0,"key":"Girya"},{"floor":9.0,"key":"Pear"},{"floor":26.0,"key":"Torii"},{"floor":28.0,"key":"Red Skull"},{"floor":31.0,"key":"Art of War"},{"floor":41,"key":"Toxic Egg 2"},{"floor":43,"key":"Kunai"},{"floor":45,"key":"Mango"},{"floor":47,"key":"The Courier"}],"event_choices":[{"damage_healed":0.0,"max_hp_gain":0.0,"max_hp_loss":0.0,"gold_gain":175.0,"event_name":"Liars Game","player_choice":"AGREE","floor":2.0,"gold_loss":0.0,"damage_taken":0.0,"cards_obtained":["Doubt"]},{"damage_healed":0.0,"max_hp_gain":0.0,"max_hp_loss":0.0,"gold_gain":0.0,"event_name":"Accursed Blacksmith","player_choice":"Forge","floor":3.0,"gold_loss":0.0,"damage_taken":0.0,"cards_upgraded":["Bash"]},{"damage_healed":0.0,"max_hp_gain":0.0,"max_hp_loss":0.0,"gold_gain":80.0,"event_name":"Golden Wing","player_choice":"Gained Gold","floor":12.0,"gold_loss":0.0,"damage_taken":0.0},{"cards_removed":["Rage"],"damage_healed":20.0,"max_hp_gain":0.0,"max_hp_loss":0.0,"gold_gain":0.0,"event_name":"Bonfire Elementals","player_choice":"Offered Uncommon","floor":24.0,"gold_loss":0.0,"damage_taken":0.0},{"damage_healed":0.0,"max_hp_gain":0.0,"max_hp_loss":5.0,"gold_gain":0.0,"event_name":"Winding Halls","player_choice":"Max HP","floor":36.0,"gold_loss":0.0,"damage_taken":0.0},{"damage_healed":0,"gold_gain":0,"player_choice":"Fight","damage_taken":0,"max_hp_gain":0,"max_hp_loss":0,"event_name":"Mysterious Sphere","floor":45,"gold_loss":0},{"damage_healed":0,"gold_gain":0,"player_choice":"Memory 1","damage_taken":0,"max_hp_gain":0,"max_hp_loss":0,"event_name":"SensoryStone","floor":48,"gold_loss":0}],"is_beta":false,"boss_relics":[{"not_picked":["Ectoplasm","Astrolabe"],"picked":"Busted Crown"},{"not_picked":["Velvet Choker","Orrery"],"picked":"Snecko Eye"}],"items_purged_floors":[4],"is_endless":false,"potions_floor_spawned":[8,10,13,14,16,18,19,28,31,41,44,46,47],"ascension_level":11}