{"gold_per_floor":[114,114,114,39,52,52,87,87,114,12,43,53,53,65,65,142,142,154,69,81,174,26,26,26,60,60,60,60,60,80,93,93,93],"floor_reached":33,"playtime":327,"items_purged":["Strike_R"],"score":688,"play_id":"96e41503-5f83-473e-aa87-2b26a33e4378","local_time":"20190413022623","is_ascension_mode":true,"campfire_choices":[{"data":"Carnage","floor":6,"key":"SMITH"},{"floor":8,"key":"REST"},{"data":"Whirlwind","floor":13,"key":"SMITH"},{"data":"Flex","floor":15,"key":"SMITH"},{"data":"Battle Trance","floor":23,"key":"SMITH"},{"floor":27,"key":"DIG"},{"floor":29,"key":"DIG"},{"floor":32,"key":"DIG"}],"neow_cost":"PERCENT_DAMAGE","seed_source_timestamp":95845152726000,"circlet_count":0,"master_deck":["AscendersBane","Strike_R","Strike_R+1","Defend_R","Defend_R","Defend_R","Defend_R+1","Bash","Carnage+1","Whirlwind+1","Hemokinesis","Twin Strike","Flex+1","Immolate","Battle Trance+1"],"relics":["Burning Blood","PreservedInsect","Happy Flower","Kunai","Sozu","MawBank","Molten Egg 2","Self Forming Clay","Shovel","Singing Bowl","Magic Flower","Bag of Marbles"],"potions_floor_usage":[16,16],"damage_taken":[{"damage":10,"enemies":"Small Slimes","floor":1,"turns":3},{"damage":7,"enemies":"Jaw Worm","floor":5,"turns":3},{"damage":29,"enemies":"3 Sentries","floor":7,"turns":8},{"damage":20,"enemies":"Lagavulin","floor":11,"turns":3},{"damage":0,"enemies":"Cultist","floor":12,"turns":3},{"damage":7,"enemies":"3 Louse","floor":14,"turns":2},{"damage":3,"enemies":"Slime Boss","floor":16,"turns":4},{"damage":20,"enemies":"2 Thieves","floor":18,"turns":3},{"damage":6,"enemies":"Gremlin Leader","floor":25,"turns":5},{"damage":5,"enemies":"Spheric Guardian","floor":30,"turns":3},{"damage":6,"enemies":"3 Cultists","floor":31,"turns":3},{"damage":110,"enemies":"Automaton","floor":33,"turns":6}],"seed_played":"248713457047567353","potions_obtained":[{"floor":5,"key":"Dexterity Potion"},{"floor":7,"key":"PowerPotion"},{"floor":12,"key":"PowerPotion"},{"floor":14,"key":"Strength Potion"}],"is_trial":false,"path_per_floor":["M","?","?","?","M","R","E","R","T","$","E","M","R","M","R","B",null,"M","?","?","T","$","R","$","E","T","R","?","R","M","M","R","B"],"character_chosen":"IRONCLAD","items_purchased":["Hemokinesis","Twin Strike","Battle Trance"],"campfire_rested":1,"item_purchase_floors":[10,10,22],"current_hp_per_floor":[60,33,33,33,32,32,9,35,35,35,21,27,27,26,26,29,74,60,60,60,60,60,60,60,60,60,60,55,55,61,66,66,0],"gold":93,"neow_bonus":"TWENTY_PERCENT_HP_BONUS","is_prod":false,"is_daily":false,"chose_seed":false,"campfire_upgraded":4,"win_rate":0,"timestamp":1555089983,"path_taken":["M","?","?","?","M","R","E","R","T","$","E","M","R","?","R","BOSS","M","?","?","?","$","R","?","E","T","R","?","R","?","M","R","BOSS"],"build_version":"2019-01-23","purchased_purges":1,"victory":false,"max_hp_per_floor":[89,89,89,89,89,89,89,89,89,89,89,89,89,89,89,89,89,89,89,89,89,89,89,89,89,89,89,89,89,91,93,93,93],"card_choices":[{"not_picked":["Anger","Armaments"],"picked":"Carnage","floor":1},{"not_picked":["Twin Strike","Whirlwind","Havoc"],"picked":"SKIP","floor":5},{"not_picked":["Twin Strike","Havoc"],"picked":"Whirlwind","floor":5},{"not_picked":["Rupture","Wild Strike","Pommel Strike"],"picked":"SKIP","floor":7},{"not_picked":["Dark Embrace","Wild Strike"],"picked":"Flex","floor":11},{"not_picked":["Havoc","Shockwave","Ghostly Armor"],"picked":"SKIP","floor":12},{"not_picked":["Anger","Exhume","Fire Breathing"],"picked":"SKIP","floor":14},{"not_picked":["Exhume","Brutality"],"picked":"Immolate","floor":16},{"not_picked":["Headbutt","Shrug It Off","Havoc"],"picked":"SKIP","floor":18},{"not_picked":["Body Slam+1","Hemokinesis+1","Disarm"],"picked":"SKIP","floor":25},{"not_picked":["Pommel Strike+1","Ghostly Armor","Infernal Blade"],"picked":"Singing Bowl","floor":30},{"not_picked":["Sword Boomerang+1","Metallicize","Heavy Blade+1"],"picked":"Singing Bowl","floor":31}],"player_experience":4771359,"relics_obtained":[{"floor":7,"key":"PreservedInsect"},{"floor":9,"key":"Happy Flower"},{"floor":11,"key":"Kunai"},{"floor":21,"key":"Molten Egg 2"},{"floor":25,"key":"Self Forming Clay"},{"floor":26,"key":"Shovel"},{"floor":27,"key":"Singing Bowl"},{"floor":29,"key":"Magic Flower"},{"floor":32,"key":"Bag of Marbles"}],"event_choices":[{"damage_healed":0,"gold_gain":0,"player_choice":"Entered Light","damage_taken":27,"max_hp_gain":0,"max_hp_loss":0,"event_name":"Shining Light","floor":2,"gold_loss":0,"cards_upgraded":["Defend_R","Strike_R"]},{"cards_removed":["Strike_R"],"damage_healed":0,"gold_gain":0,"player_choice":"Forget","damage_taken":0,"max_hp_gain":0,"max_hp_loss":0,"event_name":"Living Wall","floor":3,"gold_loss":0},{"cards_removed":["Strike_R"],"damage_healed":0,"gold_gain":0,"player_choice":"Card Removal","damage_taken":0,"max_hp_gain":0,"max_hp_loss":0,"event_name":"The Cleric","floor":4,"gold_loss":75},{"damage_healed":0,"gold_gain":0,"player_choice":"Obtained Relic","damage_taken":0,"relics_obtained":["MawBank"],"max_hp_gain":0,"max_hp_loss":0,"event_name":"Addict","floor":19,"gold_loss":85},{"damage_healed":0,"gold_gain":0,"player_choice":"Ignored","damage_taken":0,"max_hp_gain":0,"max_hp_loss":0,"event_name":"Ghosts","floor":20,"gold_loss":0},{"damage_healed":0,"gold_gain":0,"player_choice":"Bought 0 Potions","damage_taken":0,"max_hp_gain":0,"max_hp_loss":0,"event_name":"The Woman in Blue","floor":28,"gold_loss":0}],"is_beta":false,"boss_relics":[{"not_picked":["Fusion Hammer","Eternal Feather"],"picked":"Sozu"}],"items_purged_floors":[22],"is_endless":false,"potions_floor_spawned":[5,7,12,14,18,31],"killed_by":"Automaton","ascension_level":20}