{"gold_per_floor":[115,115,115,125,140,169,169,201,255,255,306,321,321,333,333,333],"floor_reached":16,"playtime":290,"items_purged":[],"score":220,"play_id":"9d29c403-e8d8-4eb5-b70e-08e9ae4981e6","local_time":"20190701012121","is_ascension_mode":true,"campfire_choices":[{"floor":7,"key":"REST"},{"floor":10,"key":"REST"},{"data":"Neutralize","floor":13,"key":"SMITH"},{"data":"All Out Attack","floor":15,"key":"SMITH"}],"neow_cost":"NONE","seed_source_timestamp":1061063549616399,"circlet_count":0,"master_deck":["AscendersBane","Defend_G+1","Defend_G","Defend_G","Defend_G","Strike_G","Strike_G","Strike_G","Strike_G","Strike_G","Survivor","Neutralize+1","Crippling Poison+1","Skewer","Deflect","Choke","Footwork","Heel Hook","Deadly Poison","All Out Attack+1"],"relics":["Ring of the Snake","Matryoshka","Lantern","War Paint","Dream Catcher","Blood Vial","Blue Candle","Oddly Smooth Stone"],"potions_floor_usage":[6,8,16],"damage_taken":[{"damage":6,"enemies":"Small Slimes","floor":1,"turns":7},{"damage":3,"enemies":"2 Louse","floor":4,"turns":2},{"damage":1,"enemies":"Jaw Worm","floor":5,"turns":5},{"damage":29,"enemies":"Gremlin Nob","floor":6,"turns":4},{"damage":17,"enemies":"Lagavulin","floor":8,"turns":5},{"damage":0,"enemies":"Exordium Wildlife","floor":12,"turns":2},{"damage":0,"enemies":"Looter","floor":14,"turns":3},{"damage":44,"enemies":"Slime Boss","floor":16,"turns":7}],"seed_played":"-6973668474467822564","potions_obtained":[{"floor":1,"key":"SteroidPotion"},{"floor":6,"key":"Poison Potion"},{"floor":8,"key":"SteroidPotion"}],"is_trial":false,"path_per_floor":["M","?","?","M","M","E","R","E","T","R","T","M","R","M","R","B"],"character_chosen":"THE_SILENT","items_purchased":[],"campfire_rested":2,"item_purchase_floors":[],"current_hp_per_floor":[59,48,41,38,37,8,29,12,12,33,33,35,35,37,37,0],"gold":333,"neow_bonus":"TEN_PERCENT_HP_BONUS","is_prod":false,"is_daily":false,"chose_seed":false,"campfire_upgraded":2,"win_rate":0,"timestamp":1561911681,"path_taken":["M","?","?","M","M","E","R","E","T","R","?","M","R","M","R","BOSS"],"build_version":"2019-01-23","purchased_purges":0,"victory":false,"max_hp_per_floor":[72,72,72,72,72,72,72,72,72,72,72,72,72,72,72,72],"card_choices":[{"not_picked":["Flechettes","Outmaneuver"],"picked":"Crippling Poison","floor":1},{"not_picked":["Reflex","Bouncing Flask"],"picked":"Skewer","floor":4},{"not_picked":["Backflip","Sucker Punch"],"picked":"Deflect","floor":5},{"not_picked":["Expertise","Distraction"],"picked":"Choke","floor":6},{"not_picked":["Skewer","Catalyst"],"picked":"Footwork","floor":8},{"not_picked":["Blade Dance","Sucker Punch"],"picked":"Heel Hook","floor":10},{"not_picked":["Dagger Throw","Slice"],"picked":"Deadly Poison","floor":12},{"not_picked":["Acrobatics","Deadly Poison"],"picked":"All Out Attack","floor":14}],"player_experience":5538503,"relics_obtained":[{"floor":6,"key":"Lantern"},{"floor":8,"key":"War Paint"},{"floor":9,"key":"Dream Catcher"},{"floor":9,"key":"Blood Vial"},{"floor":11,"key":"Blue Candle"},{"floor":11,"key":"Oddly Smooth Stone"}],"event_choices":[{"damage_healed":0,"gold_gain":0,"player_choice":"Success","damage_taken":11,"relics_obtained":["Matryoshka"],"max_hp_gain":0,"max_hp_loss":0,"event_name":"Scrap Ooze","floor":2,"gold_loss":0},{"cards_removed":["Defend_G"],"damage_healed":0,"gold_gain":0,"player_choice":"Card Removal","damage_taken":7,"max_hp_gain":0,"max_hp_loss":0,"event_name":"Golden Wing","floor":3,"gold_loss":0}],"is_beta":false,"boss_relics":[],"items_purged_floors":[],"is_endless":false,"potions_floor_spawned":[1,6,8],"killed_by":"Slime Boss","ascension_level":20}