{"gold_per_floor":[15,115,131,148,165,165,195,195,195,210,160,160,160,175,175,270,270,288,298,398,72,91,91,116,116,116,143,155,70,86,103,103,200,200,214,214,23,23,36,67,67,67,67,82,94,110,110,135,135,135],"floor_reached":51,"playtime":4198,"items_purged":[],"score":824,"play_id":"82f36ca3-393c-4175-b4e1-4d2aa11a3c2c","local_time":"20190630175833","is_ascension_mode":false,"campfire_choices":[{"data":"Whirlwind","floor":6.0,"key":"SMITH"},{"floor":8.0,"key":"REST"},{"data":"Rage","floor":13.0,"key":"SMITH"},{"data":"Flex","floor":15.0,"key":"SMITH"},{"floor":23.0,"key":"REST"},{"floor":32.0,"key":"REST"},{"floor":47,"key":"REST"},{"floor":49,"key":"REST"}],"neow_cost":"NO_GOLD","seed_source_timestamp":0,"circlet_count":0,"master_deck":["Strike_R","Rage+1","Combust","Flex+1","Whirlwind+1","Flex","Bloodletting","Dropkick","Double Tap","Flame Barrier+1","Metallicize","Whirlwind+1","Sadistic Nature","Trip","Twin Strike","Limit Break","Necronomicurse","Battle Trance","Feel No Pain","Corruption","Flame Barrier","Berserk","Fiend Fire+1","Warcry+1","Blood for Blood+1","Whirlwind","Madness","Madness","Flex+1","Feed","PanicButton","Fire Breathing+1","Headbutt+1","Pommel Strike+1","Ghostly Armor+1"],"special_seed":0,"relics":["Burning Blood","Bag of Marbles","Happy Flower","Fusion Hammer","Champion Belt","Dodecahedron","Bottled Flame","Necronomicon","Sundial","Centennial Puzzle","Pocketwatch","Astrolabe","Toolbox","Pen Nib","Boot","Pantograph"],"potions_floor_usage":[50,50,50],"damage_taken":[{"damage":11.0,"enemies":"Jaw Worm","floor":1.0,"turns":3.0},{"damage":0.0,"enemies":"Cultist","floor":3.0,"turns":3.0},{"damage":1.0,"enemies":"Small Slimes","floor":4.0,"turns":3.0},{"damage":18.0,"enemies":"Blue Slaver","floor":5.0,"turns":3.0},{"damage":26.0,"enemies":"Lagavulin","floor":7.0,"turns":5.0},{"damage":20.0,"enemies":"Exordium Thugs","floor":10.0,"turns":4.0},{"damage":4.0,"enemies":"Large Slime","floor":14.0,"turns":2.0},{"damage":44.0,"enemies":"The Guardian","floor":16.0,"turns":6.0},{"damage":3.0,"enemies":"3 Byrds","floor":18.0,"turns":1.0},{"damage":0.0,"enemies":"Shell Parasite","floor":19.0,"turns":1.0},{"damage":8.0,"enemies":"Colosseum Slavers","floor":20.0,"turns":2.0},{"damage":0.0,"enemies":"Colosseum Nobs","floor":20.0,"turns":1.0},{"damage":3.0,"enemies":"Centurion and Healer","floor":22.0,"turns":1.0},{"damage":0.0,"enemies":"Slavers","floor":24.0,"turns":1.0},{"damage":0.0,"enemies":"Book of Stabbing","floor":27.0,"turns":2.0},{"damage":3.0,"enemies":"Shelled Parasite and Fungi","floor":28.0,"turns":1.0},{"damage":0.0,"enemies":"Sentry and Sphere","floor":30.0,"turns":1.0},{"damage":0.0,"enemies":"3 Cultists","floor":31.0,"turns":1.0},{"damage":7.0,"enemies":"Automaton","floor":33.0,"turns":4.0},{"damage":0,"enemies":"Orb Walker","floor":35,"turns":1},{"damage":10,"enemies":"3 Shapes","floor":39,"turns":1},{"damage":3,"enemies":"Nemesis","floor":40,"turns":1},{"damage":0,"enemies":"Sphere and 2 Shapes","floor":44,"turns":1},{"damage":0,"enemies":"Maw","floor":45,"turns":4},{"damage":0,"enemies":"3 Darklings","floor":46,"turns":1},{"damage":0,"enemies":"Reptomancer","floor":48,"turns":1},{"damage":57,"enemies":"Awakened One","floor":50,"turns":6}],"seed_played":"-3661577433124246461","potions_obtained":[{"floor":3.0,"key":"Weak Potion"},{"floor":4.0,"key":"Energy Potion"},{"floor":5.0,"key":"FearPotion"},{"floor":19.0,"key":"Fire Potion"},{"floor":22.0,"key":"Ancient Potion"},{"floor":27.0,"key":"Explosive Potion"},{"floor":28.0,"key":"SteroidPotion"},{"floor":39,"key":"PowerPotion"},{"floor":45,"key":"GamblersBrew"},{"floor":46,"key":"Swift Potion"}],"is_trial":false,"path_per_floor":["M","?","M","M","M","R","E","R","T","M","?","?","R","M","R","B",null,"M","M","?","$","M","R","E","?","T","E","M","?","M","M","R","B",null,"M","?","$","?","M","E","?","?","T","M","M","M","R","E","R","B",null],"character_chosen":"IRONCLAD","items_purchased":["Sadistic Nature","Trip","EssenceOfSteel","Toolbox"],"campfire_rested":5,"item_purchase_floors":[21,21,21,37],"current_hp_per_floor":[75,75,80,80,68,68,48,72,72,58,58,58,58,60,60,22,80,80,80,80,80,80,80,80,64,64,70,73,73,79,80,80,79,80,80,70,70,70,66,69,69,69,69,75,80,80,80,80,80,29],"gold":135,"neow_bonus":"REMOVE_TWO","is_prod":false,"is_daily":false,"chose_seed":false,"campfire_upgraded":3,"win_rate":0.0,"timestamp":1561935513,"path_taken":["M","?","?","?","M","R","E","R","T","M","?","?","R","?","R","BOSS","M","M","?","$","M","R","E","?","T","E","M","?","M","M","R","BOSS","M","?","$","?","M","E","?","?","T","?","M","M","R","E","R","BOSS"],"build_version":"2019-01-23","purchased_purges":0,"victory":true,"max_hp_per_floor":[80,80,80,80,80,80,80,80,80,80,80,80,80,80,80,80,80,80,80,80,80,80,80,80,80,80,80,80,80,80,80,80,80,80,80,80,80,80,80,80,80,80,80,80,80,80,80,80,80,80],"card_choices":[{"not_picked":["Thunderclap","Pommel Strike"],"picked":"Rage","floor":1.0},{"not_picked":["True Grit","Pommel Strike"],"picked":"Combust","floor":3.0},{"not_picked":["Clothesline","Sever Soul"],"picked":"Flex","floor":4.0},{"not_picked":["Body Slam","Warcry"],"picked":"Whirlwind","floor":5.0},{"not_picked":["Brutality","Clothesline"],"picked":"Flex","floor":7.0},{"not_picked":["Whirlwind","Iron Wave"],"picked":"Bloodletting","floor":10.0},{"not_picked":["Heavy Blade","Thunderclap"],"picked":"Dropkick","floor":14.0},{"not_picked":["Feed","Fiend Fire"],"picked":"Double Tap","floor":16.0},{"not_picked":["Flex","Dual Wield"],"picked":"Flame Barrier+1","floor":18.0},{"not_picked":["True Grit","Armaments"],"picked":"Metallicize","floor":19.0},{"not_picked":["Shrug It Off+1","Pummel+1"],"picked":"Whirlwind+1","floor":20.0},{"not_picked":["Reckless Charge","Pommel Strike"],"picked":"Twin Strike","floor":22.0},{"not_picked":["Searing Blow","Warcry"],"picked":"Limit Break","floor":24.0},{"not_picked":["Sword Boomerang","Second Wind"],"picked":"Battle Trance","floor":27.0},{"not_picked":["Clothesline","Clash"],"picked":"Feel No Pain","floor":28.0},{"not_picked":["Cleave+1","Warcry"],"picked":"Corruption","floor":30.0},{"not_picked":["Armaments","Burning Pact"],"picked":"Flame Barrier","floor":31.0},{"not_picked":["Juggernaut","Fiend Fire"],"picked":"Berserk","floor":33.0},{"not_picked":["Sword Boomerang+1","Spot Weakness+1"],"picked":"Whirlwind","floor":35},{"not_picked":["Dropkick","Warcry"],"picked":"Flex+1","floor":39},{"not_picked":["True Grit","Cleave+1"],"picked":"Feed","floor":40},{"not_picked":["Enlightenment","Discovery"],"picked":"PanicButton","floor":41},{"not_picked":["Cleave","Anger"],"picked":"Fire Breathing+1","floor":44},{"not_picked":["Disarm+1","Twin Strike"],"picked":"Headbutt+1","floor":45},{"not_picked":["Cleave","Anger"],"picked":"Pommel Strike+1","floor":46},{"not_picked":["Warcry","Twin Strike+1"],"picked":"Ghostly Armor+1","floor":48}],"player_experience":12081,"relics_obtained":[{"floor":7.0,"key":"Bag of Marbles"},{"floor":9.0,"key":"Happy Flower"},{"floor":20.0,"key":"Champion Belt"},{"floor":20.0,"key":"Dodecahedron"},{"floor":24.0,"key":"Bottled Flame"},{"floor":25.0,"key":"Necronomicon"},{"floor":26.0,"key":"Sundial"},{"floor":27.0,"key":"Centennial Puzzle"},{"floor":40,"key":"Pen Nib"},{"floor":43,"key":"Boot"},{"floor":48,"key":"Pantograph"}],"event_choices":[{"damage_healed":0.0,"max_hp_gain":0.0,"max_hp_loss":0.0,"gold_gain":100.0,"event_name":"Golden Shrine","player_choice":"Pray","floor":2.0,"gold_loss":0.0,"damage_taken":0.0},{"cards_removed":["Strike_R"],"damage_healed":0.0,"max_hp_gain":0.0,"max_hp_loss":0.0,"gold_gain":0.0,"event_name":"The Cleric","player_choice":"Card Removal","floor":11.0,"gold_loss":50.0,"damage_taken":0.0},{"cards_removed":["Defend_R"],"damage_healed":0.0,"max_hp_gain":0.0,"max_hp_loss":0.0,"gold_gain":0.0,"event_name":"Bonfire Elementals","player_choice":"Offered Basic","floor":12.0,"gold_loss":0.0,"damage_taken":0.0},{"damage_healed":0.0,"max_hp_gain":0.0,"max_hp_loss":0.0,"gold_gain":0.0,"event_name":"Colosseum","player_choice":"Fight","floor":20.0,"gold_loss":0.0,"damage_taken":0.0},{"damage_healed":0.0,"max_hp_gain":0.0,"max_hp_loss":0.0,"gold_gain":0.0,"event_name":"Colosseum","player_choice":"Fought Nobs","floor":20.0,"gold_loss":0.0,"damage_taken":0.0},{"damage_healed":0.0,"max_hp_gain":0.0,"max_hp_loss":0.0,"gold_gain":0.0,"event_name":"Cursed Tome","player_choice":"Obtained Book","floor":25.0,"gold_loss":0.0,"damage_taken":16.0},{"damage_healed":0.0,"max_hp_gain":0.0,"max_hp_loss":0.0,"gold_gain":0.0,"event_name":"Addict","player_choice":"Obtained Relic","floor":29.0,"gold_loss":85.0,"damage_taken":0.0,"relics_obtained":["Pocketwatch"]},{"damage_healed":0,"gold_gain":0,"player_choice":"Embrace Madness","damage_taken":10,"max_hp_gain":0,"max_hp_loss":0,"event_name":"Winding Halls","floor":36,"gold_loss":0,"cards_obtained":["Madness","Madness"]},{"cards_removed":["Bash"],"damage_healed":0,"gold_gain":0,"player_choice":"Removed Attack","damage_taken":0,"max_hp_gain":0,"max_hp_loss":0,"event_name":"Falling","floor":38,"gold_loss":0},{"damage_healed":0,"gold_gain":0,"player_choice":"Memory 1","damage_taken":0,"max_hp_gain":0,"max_hp_loss":0,"event_name":"SensoryStone","floor":41,"gold_loss":0},{"cards_removed":["Strike_R"],"damage_healed":0,"gold_gain":0,"player_choice":"Purged","damage_taken":0,"max_hp_gain":0,"max_hp_loss":0,"event_name":"Purifier","floor":42,"gold_loss":0}],"is_beta":false,"boss_relics":[{"not_picked":["White Beast Statue","Empty Cage"],"picked":"Fusion Hammer"},{"not_picked":["Busted Crown","Snecko Eye"],"picked":"Astrolabe"}],"items_purged_floors":[],"is_endless":false,"potions_floor_spawned":[3,4,5,19,22,27,28,39,45,46],"ascension_level":0}