{"gold_per_floor":[118,135,148,164,175,175,192,192,219,247,247,264,327,327,327,404,404,418,449,499,414,365,365,375,375,430,430,442,39,49,63,63,139,139,158,53,53,63,63,63,90,90,90,124,124],"floor_reached":45,"playtime":1607,"items_purged":["Pain","Strike_R"],"score":1020,"play_id":"0733fbfd-ea0b-4c98-977b-b57fdc9d2d4a","local_time":"20190508020301","is_ascension_mode":true,"campfire_choices":[{"data":"Armaments","floor":6.0,"key":"SMITH"},{"data":"Combust","floor":8.0,"key":"SMITH"},{"floor":15.0,"key":"REST"},{"floor":23.0,"key":"REST"},{"floor":27.0,"key":"REST"},{"floor":32.0,"key":"REST"},{"floor":40.0,"key":"RECALL"},{"floor":42.0,"key":"REST"}],"neow_cost":"NONE","seed_source_timestamp":200286871102000,"circlet_count":0,"master_deck":["AscendersBane","Strike_R","Strike_R","Strike_R","Strike_R","Defend_R","Defend_R","Defend_R","Defend_R","Bash","Power Through","Clothesline","Metallicize","Wild Strike","Armaments+1","Combust+1","Flame Barrier","Evolve","Metallicize","Feed","Blood for Blood","Sword Boomerang","Reaper","Dual Wield","Reaper","Flex","Second Wind","All For One","Bandage Up","Chrysalis","Madness","Chrysalis","Cloak And Dagger+1","Backflip","Reboot"],"special_seed":0,"relics":["Burning Blood","Boot","Smiling Mask","WarpedTongs","Tiny Chest","Kunai","Mark of Pain","Red Mask","Juzu Bracelet","Shuriken","Bronze Scales","PrismaticShard","Fusion Hammer","Lantern","Blue Candle"],"potions_floor_usage":[],"damage_taken":[{"damage":14.0,"enemies":"Jaw Worm","floor":1.0,"turns":5.0},{"damage":2.0,"enemies":"Cultist","floor":2.0,"turns":4.0},{"damage":1.0,"enemies":"2 Louse","floor":3.0,"turns":3.0},{"damage":12.0,"enemies":"Large Slime","floor":4.0,"turns":10.0},{"damage":3.0,"enemies":"3 Louse","floor":5.0,"turns":4.0},{"damage":3.0,"enemies":"Looter","floor":7.0,"turns":4.0},{"damage":8.0,"enemies":"3 Sentries","floor":10.0,"turns":7.0},{"damage":17.0,"enemies":"Blue Slaver","floor":12.0,"turns":5.0},{"damage":46.0,"enemies":"Gremlin Nob","floor":13.0,"turns":5.0},{"damage":43.0,"enemies":"The Guardian","floor":16.0,"turns":14.0},{"damage":4.0,"enemies":"Chosen","floor":18.0,"turns":8.0},{"damage":44.0,"enemies":"Masked Bandits","floor":19.0,"turns":4.0},{"damage":25.0,"enemies":"2 Thieves","floor":22.0,"turns":5.0},{"damage":25.0,"enemies":"Snake Plant","floor":24.0,"turns":6.0},{"damage":20.0,"enemies":"Sentry and Sphere","floor":28.0,"turns":8.0},{"damage":15.0,"enemies":"Centurion and Healer","floor":30.0,"turns":7.0},{"damage":47.0,"enemies":"Cultist and Chosen","floor":31.0,"turns":6.0},{"damage":62.0,"enemies":"Automaton","floor":33.0,"turns":12.0},{"damage":41.0,"enemies":"3 Shapes","floor":35.0,"turns":7.0},{"damage":39.0,"enemies":"3 Darklings","floor":38.0,"turns":8.0},{"damage":103.0,"enemies":"Reptomancer","floor":41.0,"turns":7.0},{"damage":61.0,"enemies":"Nemesis","floor":44.0,"turns":11.0},{"damage":29,"enemies":"Maw","floor":45,"turns":6}],"seed_played":"-3116385053842970388","potions_obtained":[{"floor":1.0,"key":"Dexterity Potion"},{"floor":2.0,"key":"Poison Potion"},{"floor":4.0,"key":"PowerPotion"},{"floor":10.0,"key":"Strength Potion"},{"floor":18.0,"key":"Dexterity Potion"},{"floor":28.0,"key":"FairyPotion"},{"floor":30.0,"key":"Energy Potion"},{"floor":33.0,"key":"SpeedPotion"},{"floor":38.0,"key":"Poison Potion"}],"is_trial":false,"path_per_floor":["M","M","M","M","M","R","M","R","T","E","?","M","E","T","R","B",null,"M","?","?","?","M","R","M","T","T","R","M","$","M","M","R","B",null,"M","$","?","M","?","R","E","R","T","E","M"],"character_chosen":"IRONCLAD","items_purchased":["Reaper","PrismaticShard","Flex","Block Potion"],"campfire_rested":5,"item_purchase_floors":[29,29,29,36],"current_hp_per_floor":[67,71,76,70,73,73,76,76,76,74,74,63,23,23,47,10,64,69,31,31,31,16,42,32,32,32,59,49,49,55,47,77,48,90,65,65,55,72,72,72,12,44,44,10,0],"gold":124,"neow_bonus":"TEN_PERCENT_HP_BONUS","is_prod":false,"is_daily":false,"chose_seed":false,"campfire_upgraded":2,"win_rate":0,"timestamp":1557248581,"path_taken":["M","M","M","M","M","R","M","R","T","E","?","?","E","?","R","BOSS","M","?","?","?","M","R","M","?","T","R","M","$","M","M","R","BOSS","M","$","?","M","?","R","E","R","T","E","M"],"build_version":"2019-01-23","purchased_purges":2,"victory":false,"max_hp_per_floor":[82,82,82,82,82,82,82,82,82,82,82,82,82,82,82,82,82,85,85,85,85,89,89,93,93,93,93,97,97,97,100,100,104,104,104,104,104,108,108,108,108,108,108,108,108],"card_choices":[{"not_picked":["Clothesline","Dual Wield"],"picked":"Power Through","floor":1.0},{"not_picked":["Flex","Havoc"],"picked":"Clothesline","floor":2.0},{"not_picked":["Shrug It Off","Berserk"],"picked":"Metallicize","floor":3.0},{"not_picked":["Entrench","Heavy Blade"],"picked":"Wild Strike","floor":4.0},{"not_picked":["Warcry","Clothesline"],"picked":"Armaments","floor":5.0},{"not_picked":["Havoc","Spot Weakness"],"picked":"Combust","floor":7.0},{"not_picked":["Corruption","Ghostly Armor"],"picked":"Flame Barrier","floor":10.0},{"not_picked":["Disarm","Body Slam"],"picked":"Evolve","floor":12.0},{"not_picked":["Evolve","Cleave"],"picked":"Metallicize","floor":13.0},{"not_picked":["Double Tap","Limit Break"],"picked":"Feed","floor":16.0},{"not_picked":["Twin Strike","True Grit"],"picked":"Blood for Blood","floor":18.0},{"not_picked":["Carnage","Perfected Strike"],"picked":"Sword Boomerang","floor":19.0},{"not_picked":["Pommel Strike","Shrug It Off+1"],"picked":"Reaper","floor":22.0},{"not_picked":["Clash","Havoc","Sword Boomerang"],"picked":"SKIP","floor":24.0},{"not_picked":["Clothesline","Searing Blow"],"picked":"Dual Wield","floor":28.0},{"not_picked":["True Grit","Prepared","Predator"],"picked":"SKIP","floor":30.0},{"not_picked":["Crippling Poison","Good Instincts"],"picked":"Second Wind","floor":31.0},{"not_picked":["Glass Knife","Malaise"],"picked":"All For One","floor":33.0},{"not_picked":["Shrug It Off","Outmaneuver+1"],"picked":"Bandage Up","floor":35.0},{"not_picked":["Finesse","Magnetism"],"picked":"Chrysalis","floor":37.0},{"not_picked":["Blind","Swift Strike"],"picked":"Madness","floor":37.0},{"not_picked":["PanicButton","Flash of Steel"],"picked":"Chrysalis","floor":37.0},{"not_picked":["Escape Plan","Steam"],"picked":"Cloak And Dagger+1","floor":38.0},{"not_picked":["Dodge and Roll","Streamline"],"picked":"Backflip","floor":41.0},{"not_picked":["Combust","Sentinel"],"picked":"Reboot","floor":44.0}],"player_experience":4943372,"relics_obtained":[{"floor":9.0,"key":"Boot"},{"floor":10.0,"key":"Smiling Mask"},{"floor":13.0,"key":"Tiny Chest"},{"floor":14.0,"key":"Kunai"},{"floor":19.0,"key":"Red Mask"},{"floor":25.0,"key":"Shuriken"},{"floor":26.0,"key":"Bronze Scales"},{"floor":41.0,"key":"Lantern"},{"floor":44.0,"key":"Blue Candle"}],"event_choices":[{"damage_healed":0.0,"max_hp_gain":0.0,"max_hp_loss":0.0,"gold_gain":0.0,"event_name":"Accursed Blacksmith","player_choice":"Rummage","floor":11.0,"gold_loss":0.0,"damage_taken":0.0,"relics_obtained":["WarpedTongs"],"cards_obtained":["Pain"]},{"damage_healed":0.0,"max_hp_gain":0.0,"max_hp_loss":0.0,"gold_gain":0.0,"event_name":"Masked Bandits","player_choice":"Fought Bandits","floor":19.0,"gold_loss":0.0,"damage_taken":0.0},{"damage_healed":0.0,"max_hp_gain":0.0,"max_hp_loss":0.0,"gold_gain":50.0,"event_name":"Nest","player_choice":"Stole From Cult","floor":20.0,"gold_loss":0.0,"damage_taken":0.0},{"damage_healed":0.0,"max_hp_gain":0.0,"max_hp_loss":0.0,"gold_gain":0.0,"event_name":"Addict","player_choice":"Obtained Relic","floor":21.0,"gold_loss":85.0,"damage_taken":0.0,"relics_obtained":["Juzu Bracelet"]},{"damage_healed":0.0,"max_hp_gain":0.0,"max_hp_loss":0.0,"gold_gain":0.0,"event_name":"SensoryStone","player_choice":"Memory 3","floor":37.0,"gold_loss":0.0,"damage_taken":10.0},{"damage_healed":0.0,"max_hp_gain":0.0,"max_hp_loss":0.0,"gold_gain":0.0,"event_name":"SecretPortal","player_choice":"Ignored","floor":39.0,"gold_loss":0.0,"damage_taken":0.0}],"is_beta":false,"boss_relics":[{"not_picked":["Orrery","Busted Crown"],"picked":"Mark of Pain"},{"not_picked":["Philosopher\u0027s Stone","Lizard Tail"],"picked":"Fusion Hammer"}],"items_purged_floors":[29,36],"is_endless":false,"potions_floor_spawned":[1,2,4,10,18,28,30,33,38],"killed_by":"Maw","ascension_level":20}