{"gold_per_floor":[109,109,126,201,201,201,228,258,332,332,348,373,389,400,400,478,478,495,213,226,62,81,81],"floor_reached":23,"playtime":582,"items_purged":["Strike_R","Strike_R"],"score":452,"play_id":"6e453d0f-d637-4a50-9a18-3e30a4140fce","local_time":"20190722011550","is_ascension_mode":true,"campfire_choices":[{"data":"Wild Strike","floor":6,"key":"SMITH"},{"data":"Bash","floor":10,"key":"SMITH"},{"data":"Barricade","floor":15,"key":"SMITH"}],"neow_cost":"NONE","seed_source_timestamp":96816180654100,"circlet_count":0,"master_deck":["AscendersBane","Strike_R+1","Strike_R+1","Strike_R","Defend_R","Defend_R","Defend_R","Defend_R","Bash+1","Wild Strike+1","Pommel Strike","Power Through","Shrug It Off","Barricade+1","Intimidate","Offering","Carnage","Intimidate+1","True Grit"],"relics":["Burning Blood","NeowsBlessing","Red Skull","Orichalcum","Singing Bowl","Dead Branch","Orrery","Membership Card","Medical Kit"],"potions_floor_usage":[16,16],"damage_taken":[{"damage":0,"enemies":"2 Louse","floor":1,"turns":1},{"damage":0,"enemies":"Jaw Worm","floor":3,"turns":1},{"damage":0,"enemies":"3 Sentries","floor":8,"turns":1},{"damage":6,"enemies":"Small Slimes","floor":11,"turns":2},{"damage":2,"enemies":"Gremlin Nob","floor":12,"turns":3},{"damage":1,"enemies":"3 Louse","floor":13,"turns":4},{"damage":2,"enemies":"Exordium Wildlife","floor":14,"turns":4},{"damage":35,"enemies":"Slime Boss","floor":16,"turns":12},{"damage":25,"enemies":"Shell Parasite","floor":18,"turns":3},{"damage":11,"enemies":"Chosen","floor":20,"turns":6},{"damage":28,"enemies":"Snake Plant","floor":22,"turns":6},{"damage":39,"enemies":"Book of Stabbing","floor":23,"turns":5}],"seed_played":"2799661594182263719","potions_obtained":[{"floor":3,"key":"Poison Potion"},{"floor":11,"key":"EssenceOfSteel"},{"floor":12,"key":"GamblersBrew"}],"is_trial":false,"path_per_floor":["M","?","M","?","?","R","T","E","T","R","M","E","M","M","R","B",null,"M","$","M","$","M","E"],"character_chosen":"IRONCLAD","items_purchased":["Membership Card","True Grit","Medical Kit"],"campfire_rested":0,"item_purchase_floors":[19,19,21],"current_hp_per_floor":[74,51,57,46,51,51,51,57,57,57,57,61,66,72,72,43,80,61,61,58,58,38,0],"gold":81,"neow_bonus":"THREE_ENEMY_KILL","is_prod":false,"is_daily":false,"chose_seed":false,"campfire_upgraded":3,"win_rate":0,"timestamp":1563725750,"path_taken":["M","?","M","?","?","R","?","E","T","R","M","E","M","M","R","BOSS","M","$","M","$","M","E"],"build_version":"2019-07-17","purchased_purges":2,"victory":false,"max_hp_per_floor":[75,75,75,75,80,80,80,80,80,80,80,80,80,82,82,82,90,90,90,92,92,94,94],"card_choices":[{"not_picked":["Havoc","Clash"],"picked":"Wild Strike","floor":1},{"not_picked":["Clash","Thunderclap"],"picked":"Pommel Strike","floor":3},{"not_picked":["Entrench","Wild Strike"],"picked":"Power Through","floor":8},{"not_picked":["Pommel Strike","Flex"],"picked":"Shrug It Off","floor":11},{"not_picked":["Havoc","Impervious"],"picked":"Barricade","floor":12},{"not_picked":["Clothesline","Sever Soul"],"picked":"Intimidate","floor":13},{"not_picked":["Sword Boomerang","Rage","Flex"],"picked":"Singing Bowl","floor":14},{"not_picked":["Barricade","Juggernaut"],"picked":"Offering","floor":16},{"not_picked":["True Grit","Power Through","Fire Breathing"],"picked":"Singing Bowl","floor":17},{"not_picked":["Shockwave","Twin Strike","Flex"],"picked":"Singing Bowl","floor":17},{"not_picked":["Cleave","Body Slam","Thunderclap"],"picked":"Singing Bowl","floor":17},{"not_picked":["Wild Strike","Thunderclap","Burning Pact"],"picked":"Singing Bowl","floor":17},{"not_picked":["Headbutt","Clash"],"picked":"Carnage","floor":17},{"not_picked":["Barricade","Sword Boomerang"],"picked":"Intimidate+1","floor":18},{"not_picked":["Rampage","Flex","Twin Strike"],"picked":"Singing Bowl","floor":20},{"not_picked":["True Grit","Blood for Blood","Cleave+1"],"picked":"Singing Bowl","floor":22}],"player_experience":5771660,"relics_obtained":[{"floor":7,"key":"Red Skull"},{"floor":8,"key":"Orichalcum"},{"floor":9,"key":"Singing Bowl"},{"floor":12,"key":"Dead Branch"}],"event_choices":[{"damage_healed":0,"gold_gain":0,"player_choice":"Entered Light","damage_taken":23,"max_hp_gain":0,"max_hp_loss":0,"event_name":"Shining Light","floor":2,"gold_loss":0,"cards_upgraded":["Strike_R","Strike_R"]},{"damage_healed":0,"gold_gain":75,"player_choice":"Gather Gold","damage_taken":11,"max_hp_gain":0,"max_hp_loss":0,"event_name":"World of Goop","floor":4,"gold_loss":0},{"damage_healed":0,"gold_gain":0,"player_choice":"Donut","damage_taken":0,"max_hp_gain":5,"max_hp_loss":0,"event_name":"Big Fish","floor":5,"gold_loss":0}],"is_beta":false,"boss_relics":[{"not_picked":["Runic Dome","Lizard Tail"],"picked":"Orrery"}],"items_purged_floors":[19,21],"is_endless":false,"potions_floor_spawned":[3,11,12,14],"killed_by":"Book of Stabbing","ascension_level":20}