{"gold_per_floor":[113,131,5,20,20,82,96,131,158,158,171,200,219,229,229,302,302,317,330,347,365,95,128,140,140,140,151,163,194,208,225,225,299,299,319,371,381,399,413,444,459,494,494,519,185,215,229,249,249,249,249,249,249,114,148,148],"floor_reached":57,"playtime":2992,"items_purged":["Strike_R","Strike_R","Strike_R","Strike_R"],"score":3567,"play_id":"e82fc308-9a5c-4dd8-9bd1-e1e8196b307d","local_time":"20190703033240","is_ascension_mode":true,"campfire_choices":[{"floor":15,"key":"RECALL"}],"neow_cost":"","seed_source_timestamp":13234258232900,"circlet_count":0,"master_deck":["AscendersBane","Defend_R","Defend_R","Defend_R","Defend_R","Bash","Armaments+1","Rampage","Havoc+1","True Grit+1","Impervious+1","Power Through+1","Flame Barrier+1","Evolve","Barricade","Second Wind+1","Power Through+1","Feel No Pain","Warcry+1","Burning Pact+1","Impervious+1","Battle Trance+1","Body Slam","Dark Embrace","Warcry+1","Shrug It Off+1","Burning Pact+1","Feel No Pain+1"],"relics":["Burning Blood","Coffee Dripper","Fusion Hammer","Toxic Egg 2","Smiling Mask","Tiny Chest","Art of War","Bronze Scales","Lantern","Fusion Hammer","Strawberry","Gremlin Horn","Pantograph","Orrery","Regal Pillow","Letter Opener","Potion Belt","Bottled Tornado","Bottled Lightning","Sundial","Mummified Hand"],"potions_floor_usage":[14,16,16,29,40,44],"damage_taken":[{"damage":1,"enemies":"2 Louse","floor":1,"turns":3},{"damage":0,"enemies":"Cultist","floor":2,"turns":3},{"damage":2,"enemies":"Jaw Worm","floor":4,"turns":3},{"damage":10,"enemies":"Lagavulin","floor":6,"turns":7},{"damage":0,"enemies":"Blue Slaver","floor":7,"turns":3},{"damage":25,"enemies":"3 Sentries","floor":8,"turns":13},{"damage":11,"enemies":"2 Fungi Beasts","floor":11,"turns":3},{"damage":7,"enemies":"Lagavulin","floor":12,"turns":9},{"damage":0,"enemies":"3 Louse","floor":13,"turns":3},{"damage":0,"enemies":"Looter","floor":14,"turns":3},{"damage":23,"enemies":"The Guardian","floor":16,"turns":12},{"damage":0,"enemies":"Spheric Guardian","floor":18,"turns":6},{"damage":2,"enemies":"3 Byrds","floor":19,"turns":3},{"damage":8,"enemies":"Sentry and Sphere","floor":20,"turns":8},{"damage":0,"enemies":"Snake Plant","floor":21,"turns":6},{"damage":0,"enemies":"Gremlin Leader","floor":23,"turns":12},{"damage":0,"enemies":"Shelled Parasite and Fungi","floor":24,"turns":9},{"damage":6,"enemies":"Centurion and Healer","floor":27,"turns":8},{"damage":0,"enemies":"Cultist and Chosen","floor":28,"turns":8},{"damage":42,"enemies":"Slavers","floor":29,"turns":12},{"damage":15,"enemies":"Snake Plant","floor":30,"turns":7},{"damage":0,"enemies":"Snecko","floor":31,"turns":8},{"damage":0,"enemies":"Collector","floor":33,"turns":11},{"damage":0,"enemies":"3 Shapes","floor":35,"turns":4},{"damage":0,"enemies":"Orb Walker","floor":37,"turns":4},{"damage":8,"enemies":"4 Shapes","floor":38,"turns":4},{"damage":0,"enemies":"Writhing Mass","floor":39,"turns":5},{"damage":0,"enemies":"Reptomancer","floor":40,"turns":4},{"damage":21,"enemies":"Transient","floor":41,"turns":6},{"damage":0,"enemies":"Giant Head","floor":42,"turns":6},{"damage":0,"enemies":"Reptomancer","floor":44,"turns":5},{"damage":0,"enemies":"Giant Head","floor":46,"turns":8},{"damage":0,"enemies":"Sphere and 2 Shapes","floor":47,"turns":4},{"damage":0,"enemies":"Maw","floor":48,"turns":4},{"damage":0,"enemies":"Awakened One","floor":50,"turns":5},{"damage":0,"enemies":"Donu and Deca","floor":51,"turns":4},{"damage":22,"enemies":"Shield and Spear","floor":55,"turns":5},{"damage":0,"enemies":"The Heart","floor":56,"turns":9}],"seed_played":"-494641097756360123","potions_obtained":[{"floor":6,"key":"GamblersBrew"},{"floor":11,"key":"Weak Potion"},{"floor":12,"key":"Swift Potion"},{"floor":13,"key":"Regen Potion"},{"floor":14,"key":"SkillPotion"},{"floor":20,"key":"PowerPotion"},{"floor":29,"key":"Fire Potion"},{"floor":37,"key":"Regen Potion"},{"floor":42,"key":"Fire Potion"},{"floor":46,"key":"SpeedPotion"}],"is_trial":true,"path_per_floor":["M","M","$","M","?","E","M","E","T","?","M","E","M","M","R","B",null,"M","M","M","M","$","E","M","T","T","M","M","E","M","M","R","B",null,"M","T","M","M","M","E","M","E","T","E","$","E","M","M","R","B","B",null,"R","$","E","B",null],"character_chosen":"IRONCLAD","items_purchased":["Havoc+1","Feel No Pain","Warcry+1","Regen Potion","Bottled Lightning","Regen Potion"],"campfire_rested":0,"item_purchase_floors":[3,22,22,22,45,54],"current_hp_per_floor":[73,75,75,75,70,66,72,53,53,53,48,47,53,68,68,51,69,75,75,73,75,75,82,82,82,82,82,82,61,52,58,58,82,82,82,82,82,80,82,82,67,73,73,79,79,82,82,82,82,82,82,82,82,82,66,82],"gold":148,"neow_bonus":"","is_prod":false,"is_daily":false,"chose_seed":false,"campfire_upgraded":0,"win_rate":0,"timestamp":1562092360,"path_taken":["M","M","$","M","?","E","M","E","T","?","M","E","M","M","R","BOSS","M","M","M","M","$","E","M","?","T","M","M","E","M","M","R","BOSS","M","?","?","M","M","E","M","E","T","E","$","E","M","M","R","BOSS","BOSS","R","$","E","BOSS"],"build_version":"2019-07-01","purchased_purges":4,"victory":true,"max_hp_per_floor":[75,75,75,75,75,75,75,75,75,75,75,75,75,75,75,75,75,75,75,75,75,75,82,82,82,82,82,82,82,82,82,82,82,82,82,82,82,82,82,82,82,82,82,82,82,82,82,82,82,82,82,82,82,82,82,82],"card_choices":[{"not_picked":["True Grit+1","Sever Soul"],"picked":"Armaments+1","floor":1},{"not_picked":["Headbutt","Heavy Blade"],"picked":"Rampage","floor":2},{"not_picked":["Reckless Charge","Spot Weakness+1"],"picked":"True Grit+1","floor":4},{"not_picked":["Clash","Blood for Blood","Anger"],"picked":"SKIP","floor":6},{"not_picked":["Dropkick","Flex+1","Clothesline"],"picked":"SKIP","floor":7},{"not_picked":["Wild Strike","Twin Strike"],"picked":"Impervious+1","floor":8},{"not_picked":["Iron Wave","Pommel Strike"],"picked":"Power Through+1","floor":11},{"not_picked":["Sentinel+1","Thunderclap","Dropkick"],"picked":"SKIP","floor":12},{"not_picked":["Feel No Pain","Pommel Strike"],"picked":"Flame Barrier+1","floor":13},{"not_picked":["Twin Strike","Disarm+1"],"picked":"Evolve","floor":14},{"not_picked":["Immolate","Double Tap+1"],"picked":"Barricade","floor":16},{"not_picked":["Rage+1","Fire Breathing","Headbutt"],"picked":"SKIP","floor":18},{"not_picked":["True Grit+1","Iron Wave"],"picked":"Second Wind+1","floor":19},{"not_picked":["Pommel Strike","Infernal Blade+1","Sword Boomerang"],"picked":"SKIP","floor":20},{"not_picked":["Wild Strike","Rupture"],"picked":"Power Through+1","floor":21},{"not_picked":["Whirlwind","Flame Barrier+1","Reckless Charge"],"picked":"SKIP","floor":23},{"not_picked":["Iron Wave","Thunderclap+1","Heavy Blade"],"picked":"SKIP","floor":24},{"not_picked":["Wild Strike","Rupture","Uppercut+1"],"picked":"SKIP","floor":27},{"not_picked":["Rampage","Shrug It Off+1","Sword Boomerang"],"picked":"SKIP","floor":28},{"not_picked":["Thunderclap","Perfected Strike","Iron Wave"],"picked":"SKIP","floor":29},{"not_picked":["Intimidate+1","Bludgeon"],"picked":"Burning Pact+1","floor":30},{"not_picked":["True Grit+1","Twin Strike+1","Entrench+1"],"picked":"SKIP","floor":31},{"not_picked":["Brutality","Reaper"],"picked":"Impervious+1","floor":33},{"not_picked":["Wild Strike","Bloodletting+1"],"picked":"Battle Trance+1","floor":34},{"not_picked":["Spot Weakness+1","Dropkick+1"],"picked":"Body Slam","floor":34},{"not_picked":["Clothesline+1","Wild Strike+1"],"picked":"Dark Embrace","floor":35},{"not_picked":["Perfected Strike+1","Seeing Red+1","Spot Weakness+1"],"picked":"SKIP","floor":37},{"not_picked":["Combust","Iron Wave","Seeing Red+1"],"picked":"SKIP","floor":38},{"not_picked":["Clash","Havoc+1"],"picked":"Warcry+1","floor":39},{"not_picked":["Body Slam","Combust","Intimidate+1"],"picked":"SKIP","floor":40},{"not_picked":["Wild Strike","Anger","Sever Soul"],"picked":"SKIP","floor":41},{"not_picked":["Anger","Immolate","Clothesline+1"],"picked":"SKIP","floor":42},{"not_picked":["Evolve","Armaments+1"],"picked":"Shrug It Off+1","floor":44},{"not_picked":["Armaments+1","Havoc+1"],"picked":"Burning Pact+1","floor":46},{"not_picked":["Heavy Blade","Metallicize"],"picked":"Feel No Pain+1","floor":47},{"not_picked":["Entrench+1","Sword Boomerang","Clash+1"],"picked":"SKIP","floor":48},{"not_picked":["Perfected Strike+1","Brutality","Clothesline"],"picked":"SKIP","floor":55}],"player_experience":5568471,"relics_obtained":[{"floor":6,"key":"Tiny Chest"},{"floor":8,"key":"Art of War"},{"floor":9,"key":"Bronze Scales"},{"floor":12,"key":"Lantern"},{"floor":23,"key":"Strawberry"},{"floor":25,"key":"Gremlin Horn"},{"floor":29,"key":"Pantograph"},{"floor":36,"key":"Regal Pillow"},{"floor":40,"key":"Letter Opener"},{"floor":42,"key":"Potion Belt"},{"floor":43,"key":"Bottled Tornado"},{"floor":46,"key":"Sundial"},{"floor":55,"key":"Mummified Hand"}],"event_choices":[{"damage_healed":0,"gold_gain":0,"player_choice":"Success","damage_taken":5,"relics_obtained":["Smiling Mask"],"max_hp_gain":0,"max_hp_loss":0,"event_name":"Scrap Ooze","floor":5,"gold_loss":0},{"cards_removed":["Strike_R"],"damage_healed":0,"gold_gain":0,"player_choice":"Purged","damage_taken":0,"max_hp_gain":0,"max_hp_loss":0,"event_name":"Purifier","floor":10,"gold_loss":0}],"is_beta":false,"boss_relics":[{"not_picked":["Runic Cube","Black Star"],"picked":"Fusion Hammer"},{"not_picked":["Sozu","Eternal Feather"],"picked":"Orrery"}],"items_purged_floors":[3,22,45,54],"is_endless":false,"potions_floor_spawned":[6,11,12,13,14,20,23,28,29,30,31,35,37,39,42,46],"ascension_level":20}