{"gold_per_floor":[115,65,65,65,81,124,124,164,164,195,219,240,49,40,40,168,168,161,186,111,326,341,381,397,432,432,432,132,132,50,84,84,210,210,226,226,244,111,124,124,149,149,175,215,227,32,68,93,93,93],"floor_reached":50,"playtime":2552,"items_purged":[],"score":653,"play_id":"0eb6dd46-4bd6-4486-b4df-3c3807e78b14","local_time":"20190714204953","daily_mods":["SealedDeck","Elite Swarm","Uncertain Future"],"is_ascension_mode":false,"campfire_choices":[{"data":"Echo Form","floor":7,"key":"SMITH"},{"floor":15,"key":"REST"},{"data":"Echo Form","floor":27,"key":"SMITH"},{"floor":29,"key":"REST"},{"data":"Limit Break","floor":32,"key":"SMITH"},{"data":"Wraith Form v2","floor":40,"key":"SMITH"},{"data":"Armaments","floor":42,"key":"SMITH"},{"floor":49,"key":"REST"}],"neow_cost":"","seed_source_timestamp":2012567233958958,"circlet_count":0,"master_deck":["Demon Form","Echo Form+1","Echo Form+1","Wraith Form v2+1","Demon Form","Shrug It Off","Twin Strike","Flame Barrier","Shrug It Off","Armaments+1","Twin Strike","Wild Strike","Burning Pact","Shrug It Off","Barricade","Juggernaut","Reaper","Limit Break+1","Heavy Blade","Second Wind","Flame Barrier","Limit Break","Pommel Strike","Sword Boomerang","Shockwave","Fiend Fire","Entrench","Dark Embrace","Corruption","Body Slam+1","Perfected Strike","Feel No Pain","Heavy Blade","Double Tap","Feed"],"relics":["Burning Blood","Golden Idol","Letter Opener","Question Card","Vajra","Strawberry","Bottled Flame","Art of War","Busted Crown","Old Coin","Red Skull","Omamori","Meat on the Bone","Torii","Singing Bowl","Mark of Pain","Regal Pillow","MawBank","Bag of Marbles","Bronze Scales"],"potions_floor_usage":[8,16,23,23,41,50,50],"damage_taken":[{"damage":10,"enemies":"Small Slimes","floor":1,"turns":6},{"damage":10,"enemies":"2 Louse","floor":5,"turns":4},{"damage":4,"enemies":"Gremlin Nob","floor":6,"turns":6},{"damage":23,"enemies":"3 Sentries","floor":8,"turns":6},{"damage":58,"enemies":"Gremlin Nob","floor":10,"turns":7},{"damage":11,"enemies":"Jaw Worm","floor":11,"turns":6},{"damage":5,"enemies":"3 Louse","floor":12,"turns":4},{"damage":2,"enemies":"Exordium Thugs","floor":14,"turns":4},{"damage":32,"enemies":"Slime Boss","floor":16,"turns":9},{"damage":22,"enemies":"2 Thieves","floor":18,"turns":4},{"damage":7,"enemies":"3 Byrds","floor":19,"turns":5},{"damage":20,"enemies":"Centurion and Healer","floor":22,"turns":6},{"damage":74,"enemies":"Slavers","floor":23,"turns":6},{"damage":27,"enemies":"Snake Plant","floor":24,"turns":5},{"damage":18,"enemies":"Book of Stabbing","floor":25,"turns":7},{"damage":60,"enemies":"Slavers","floor":31,"turns":8},{"damage":44,"enemies":"Collector","floor":33,"turns":11},{"damage":17,"enemies":"Orb Walker","floor":35,"turns":6},{"damage":26,"enemies":"3 Darklings","floor":37,"turns":6},{"damage":11,"enemies":"4 Shapes","floor":39,"turns":7},{"damage":18,"enemies":"Maw","floor":41,"turns":7},{"damage":42,"enemies":"Giant Head","floor":44,"turns":10},{"damage":66,"enemies":"Reptomancer","floor":47,"turns":6},{"damage":22,"enemies":"Sphere and 2 Shapes","floor":48,"turns":7},{"damage":88,"enemies":"Donu and Deca","floor":50,"turns":7}],"seed_played":"-2717643329303860457","potions_obtained":[{"floor":6,"key":"AttackPotion"},{"floor":8,"key":"PowerPotion"},{"floor":10,"key":"Explosive Potion"},{"floor":12,"key":"Strength Potion"},{"floor":18,"key":"Weak Potion"},{"floor":25,"key":"Weak Potion"},{"floor":31,"key":"Strength Potion"},{"floor":44,"key":"Swift Potion"}],"is_trial":true,"path_per_floor":["M","?","?","?","M","E","R","E","T","E","M","M","$","M","R","B",null,"M","M","?","?","M","E","M","E","T","R","$","R","$","E","R","B",null,"M","?","M","$","M","R","M","R","T","E","?","$","E","M","R","B"],"character_chosen":"IRONCLAD","items_purchased":["Flame Barrier","Art of War","Torii","Corruption","Feel No Pain","Heavy Blade","Bag of Marbles","Fire Potion"],"campfire_rested":3,"item_purchase_floors":[13,13,28,30,38,38,46,46],"current_hp_per_floor":[76,76,74,62,58,60,60,43,50,24,19,20,20,24,48,22,81,65,72,72,72,81,81,60,48,48,48,48,72,72,62,62,85,85,74,74,54,54,61,61,63,63,63,57,57,57,41,39,81,0],"gold":93,"neow_bonus":"","is_prod":false,"is_daily":false,"chose_seed":false,"campfire_upgraded":5,"win_rate":0,"timestamp":1563133793,"path_taken":["M","?","?","?","M","E","R","E","T","E","M","M","$","M","R","BOSS","M","M","?","?","M","E","M","E","T","R","?","R","$","E","R","BOSS","M","?","M","?","M","R","M","R","T","E","?","$","E","M","R","BOSS"],"build_version":"2019-07-05","purchased_purges":0,"victory":false,"max_hp_per_floor":[80,80,74,74,74,74,74,74,81,81,81,81,81,81,81,81,81,81,81,81,81,81,81,81,81,81,81,81,81,81,83,83,85,85,85,85,85,85,87,87,89,89,89,89,89,89,89,91,91,91],"card_choices":[{"not_picked":["Pummel","Flex"],"picked":"Shrug It Off","floor":1},{"not_picked":["Pommel Strike","Burning Pact"],"picked":"Barricade","floor":5},{"not_picked":["Immolate","Fiend Fire"],"picked":"Juggernaut","floor":6},{"not_picked":["Berserk","Demon Form","Impervious"],"picked":"Reaper","floor":8},{"not_picked":["Juggernaut","Feed","Dark Embrace"],"picked":"Limit Break","floor":10},{"not_picked":["Wild Strike","Anger","Uppercut"],"picked":"Heavy Blade","floor":11},{"not_picked":["Anger","Evolve","Havoc"],"picked":"Second Wind","floor":12},{"not_picked":["Havoc","Clash","Sever Soul","Burning Pact"],"picked":"SKIP","floor":14},{"not_picked":["Offering","Reaper","Fiend Fire"],"picked":"Limit Break","floor":16},{"not_picked":["Shockwave"],"picked":"Pommel Strike","floor":18},{"not_picked":["Thunderclap+1"],"picked":"Sword Boomerang","floor":19},{"not_picked":["Reckless Charge"],"picked":"Shockwave","floor":22},{"not_picked":["Demon Form"],"picked":"Fiend Fire","floor":23},{"not_picked":["Metallicize+1"],"picked":"Entrench","floor":24},{"not_picked":["Fiend Fire"],"picked":"Dark Embrace","floor":25},{"not_picked":["Immolate","Demon Form"],"picked":"Singing Bowl","floor":31},{"not_picked":["Demon Form","Berserk"],"picked":"Singing Bowl","floor":33},{"not_picked":["Clothesline+1"],"picked":"Body Slam+1","floor":35},{"not_picked":["Iron Wave+1"],"picked":"Perfected Strike","floor":37},{"not_picked":["Shockwave","True Grit"],"picked":"Singing Bowl","floor":39},{"not_picked":["Reckless Charge+1","Iron Wave"],"picked":"Singing Bowl","floor":41},{"not_picked":["Bludgeon"],"picked":"Double Tap","floor":44},{"not_picked":["Dark Embrace"],"picked":"Feed","floor":47},{"not_picked":["Iron Wave+1","Anger"],"picked":"Singing Bowl","floor":48}],"player_experience":428639,"relics_obtained":[{"floor":6,"key":"Question Card"},{"floor":8,"key":"Vajra"},{"floor":9,"key":"Strawberry"},{"floor":10,"key":"Bottled Flame"},{"floor":23,"key":"Red Skull"},{"floor":25,"key":"Omamori"},{"floor":26,"key":"Meat on the Bone"},{"floor":31,"key":"Singing Bowl"},{"floor":43,"key":"Regal Pillow"},{"floor":44,"key":"MawBank"},{"floor":47,"key":"Bronze Scales"}],"event_choices":[{"cards_removed":["Wraith Form v2"],"damage_healed":0,"gold_gain":0,"player_choice":"Card Removal","damage_taken":0,"max_hp_gain":0,"max_hp_loss":0,"event_name":"The Cleric","floor":2,"gold_loss":50},{"damage_healed":0,"gold_gain":0,"player_choice":"Lose Max HP","damage_taken":0,"relics_obtained":["Golden Idol"],"max_hp_gain":0,"max_hp_loss":6,"event_name":"Golden Idol","floor":3,"gold_loss":0},{"damage_healed":0,"gold_gain":0,"player_choice":"Success","damage_taken":12,"relics_obtained":["Letter Opener"],"max_hp_gain":0,"max_hp_loss":0,"event_name":"Scrap Ooze","floor":4,"gold_loss":0},{"cards_removed":["Battle Trance"],"damage_healed":0,"gold_gain":0,"player_choice":"Gave Gold","damage_taken":0,"max_hp_gain":0,"max_hp_loss":0,"event_name":"Beggar","floor":20,"gold_loss":75},{"damage_healed":0,"gold_gain":0,"player_choice":"Obtained Relic","damage_taken":0,"relics_obtained":["Old Coin"],"max_hp_gain":0,"max_hp_loss":0,"event_name":"Addict","floor":21,"gold_loss":85},{"damage_healed":0,"gold_gain":0,"player_choice":"Ignored","damage_taken":0,"max_hp_gain":0,"max_hp_loss":0,"event_name":"Transmorgrifier","floor":36,"gold_loss":0},{"cards_removed":["Perfected Strike"],"damage_healed":0,"gold_gain":0,"player_choice":"Removed Attack","damage_taken":0,"max_hp_gain":0,"max_hp_loss":0,"event_name":"Falling","floor":45,"gold_loss":0}],"is_beta":false,"boss_relics":[{"not_picked":["Calling Bell","Velvet Choker"],"picked":"Busted Crown"},{"not_picked":["Lizard Tail","Cursed Key"],"picked":"Mark of Pain"}],"items_purged_floors":[],"is_endless":false,"potions_floor_spawned":[6,8,10,12,18,22,25,31,37,44],"killed_by":"Donu and Deca","ascension_level":0}