{"gold_per_floor":[366,366,366,382,332,332,19,19,44,88,88,101,122,297,297,423,423,423,423,423,423],"floor_reached":21,"playtime":465,"items_purged":["Defend_B"],"score":179,"play_id":"e4f46a9b-a3c8-4730-9d66-6238901e2695","local_time":"20190704020127","is_ascension_mode":false,"campfire_choices":[{"data":"Chaos","floor":6,"key":"SMITH"},{"data":"Zap","floor":8,"key":"SMITH"},{"data":"1","floor":11,"key":"LIFT"},{"data":"2","floor":15,"key":"LIFT"}],"neow_cost":"TEN_PERCENT_HP_LOSS","seed_source_timestamp":42984977427318,"circlet_count":0,"master_deck":["Strike_B","Strike_B","Strike_B+1","Defend_B","Defend_B","Defend_B","Zap+1","Dualcast+1","Chaos+1","Reinforced Body","Rebound","Cold Snap","Doubt","Biased Cognition","Compile Driver+1"],"relics":["Cracked Core","Golden Idol","Singing Bowl","Ancient Tea Set","Girya","Ectoplasm"],"potions_floor_usage":[16],"damage_taken":[{"damage":1,"enemies":"2 Louse","floor":1,"turns":2},{"damage":5,"enemies":"Small Slimes","floor":4,"turns":3},{"damage":16,"enemies":"Lagavulin","floor":10,"turns":5},{"damage":0,"enemies":"Jaw Worm","floor":12,"turns":2},{"damage":0,"enemies":"Exordium Wildlife","floor":13,"turns":3},{"damage":19,"enemies":"Slime Boss","floor":16,"turns":10},{"damage":5,"enemies":"Shell Parasite","floor":18,"turns":4},{"damage":14,"enemies":"Chosen","floor":19,"turns":5},{"damage":23,"enemies":"Snake Plant","floor":20,"turns":3},{"damage":19,"enemies":"Centurion and Healer","floor":21,"turns":3}],"seed_played":"-4065113449583553449","potions_obtained":[{"floor":10,"key":"SkillPotion"},{"floor":12,"key":"Dexterity Potion"},{"floor":13,"key":"FocusPotion"},{"floor":18,"key":"Dexterity Potion"}],"is_trial":false,"path_per_floor":["M","?","?","M","?","R","$","R","T","E","R","M","M","?","R","B",null,"M","M","M","M"],"character_chosen":"DEFECT","items_purchased":["Singing Bowl"],"campfire_rested":0,"item_purchase_floors":[7],"current_hp_per_floor":[67,53,53,48,48,48,48,48,48,32,32,32,32,32,32,13,63,60,46,25,6],"gold":423,"neow_bonus":"TWO_FIFTY_GOLD","is_prod":false,"is_daily":false,"chose_seed":false,"campfire_upgraded":2,"win_rate":0,"timestamp":1562227287,"path_taken":["M","?","?","M","?","R","$","R","T","E","R","M","M","?","R","BOSS","M","M","M","M"],"build_version":"2019-07-01","purchased_purges":1,"victory":false,"max_hp_per_floor":[68,68,63,63,63,63,63,63,63,63,63,63,63,63,63,63,63,65,65,67,67],"card_choices":[{"not_picked":["Gash","Conserve Battery"],"picked":"Chaos","floor":1},{"not_picked":["Sunder","Gash","Go for the Eyes"],"picked":"SKIP","floor":4},{"not_picked":["Storm","FTL"],"picked":"Reinforced Body","floor":10},{"not_picked":["All For One","Genetic Algorithm"],"picked":"Rebound","floor":12},{"not_picked":["Gash","Double Energy"],"picked":"Cold Snap","floor":13},{"not_picked":["Reboot","Creative AI"],"picked":"Biased Cognition","floor":16},{"not_picked":["Leap","Genetic Algorithm","Gash+1"],"picked":"Singing Bowl","floor":18},{"not_picked":["Conserve Battery","Turbo"],"picked":"Compile Driver+1","floor":19},{"not_picked":["BootSequence","Rip and Tear","Steam+1"],"picked":"Singing Bowl","floor":20}],"player_experience":1540057,"relics_obtained":[{"floor":9,"key":"Ancient Tea Set"},{"floor":10,"key":"Girya"}],"event_choices":[{"damage_healed":0,"gold_gain":0,"player_choice":"Entered Light","damage_taken":14,"max_hp_gain":0,"max_hp_loss":0,"event_name":"Shining Light","floor":2,"gold_loss":0,"cards_upgraded":["Dualcast","Strike_B"]},{"damage_healed":0,"gold_gain":0,"player_choice":"Lose Max HP","damage_taken":0,"relics_obtained":["Golden Idol"],"max_hp_gain":0,"max_hp_loss":5,"event_name":"Golden Idol","floor":3,"gold_loss":0},{"cards_removed":["Strike_B"],"damage_healed":0,"gold_gain":0,"player_choice":"Card Removal","damage_taken":0,"max_hp_gain":0,"max_hp_loss":0,"event_name":"The Cleric","floor":5,"gold_loss":50},{"damage_healed":0,"gold_gain":175,"player_choice":"AGREE","damage_taken":0,"max_hp_gain":0,"max_hp_loss":0,"event_name":"Liars Game","floor":14,"gold_loss":0,"cards_obtained":["Doubt"]}],"is_beta":false,"boss_relics":[{"not_picked":["Lizard Tail","Snecko Eye"],"picked":"Ectoplasm"}],"items_purged_floors":[7],"is_endless":false,"potions_floor_spawned":[10,12,13,18,19],"killed_by":"Centurion and Healer","ascension_level":0}