{"gold_per_floor":[115,129,145,155,80,80,97,129,129,185,185,219,46,60,60,137,137,114,127,143,153,153,153,169,169,169,14,14],"floor_reached":28,"playtime":898,"items_purged":["Strike_G","Strike_G"],"score":514,"play_id":"5b934b5f-3032-49fd-8733-a88ce786cc52","local_time":"20190527012327","is_ascension_mode":true,"campfire_choices":[{"data":"Skewer","floor":6,"key":"SMITH"},{"floor":11,"key":"REST"},{"data":"Deadly Poison","floor":15,"key":"SMITH"},{"data":"Well Laid Plans","floor":23,"key":"SMITH"},{"floor":25,"key":"REST"}],"neow_cost":"NONE","seed_source_timestamp":13163834806300,"circlet_count":0,"master_deck":["AscendersBane","Defend_G","Defend_G","Defend_G","Defend_G+1","Strike_G","Strike_G","Strike_G","Survivor+1","Neutralize","PiercingWail","Skewer+1","Poisoned Stab","Poisoned Stab","Dodge and Roll","Footwork","Terror","Deadly Poison+1","PiercingWail","Backflip","Infinite Blades","Cloak And Dagger","Unload","Underhanded Strike+1","Deflect","Well Laid Plans+1"],"relics":["Ring of the Snake","Dodecahedron","Happy Flower","War Paint","Pantograph","Busted Crown","Juzu Bracelet"],"potions_floor_usage":[8,8,20,21,28,28],"damage_taken":[{"damage":0,"enemies":"2 Louse","floor":1,"turns":3},{"damage":7,"enemies":"Small Slimes","floor":2,"turns":4},{"damage":5,"enemies":"Jaw Worm","floor":3,"turns":4},{"damage":1,"enemies":"Looter","floor":4,"turns":4},{"damage":4,"enemies":"Large Slime","floor":7,"turns":6},{"damage":0,"enemies":"Gremlin Nob","floor":8,"turns":2},{"damage":20,"enemies":"3 Sentries","floor":10,"turns":11},{"damage":11,"enemies":"3 Sentries","floor":12,"turns":11},{"damage":1,"enemies":"3 Louse","floor":14,"turns":5},{"damage":18,"enemies":"Hexaghost","floor":16,"turns":10},{"damage":3,"enemies":"2 Thieves","floor":18,"turns":4},{"damage":0,"enemies":"Chosen","floor":19,"turns":4},{"damage":10,"enemies":"Snecko","floor":20,"turns":5},{"damage":2,"enemies":"Centurion and Healer","floor":21,"turns":6},{"damage":12,"enemies":"Snake Plant","floor":24,"turns":4},{"damage":51,"enemies":"Slavers","floor":28,"turns":6}],"seed_played":"-868332378743976501","potions_obtained":[{"floor":1,"key":"Strength Potion"},{"floor":4,"key":"Fire Potion"},{"floor":10,"key":"FearPotion"},{"floor":19,"key":"SneckoOil"},{"floor":20,"key":"SpeedPotion"},{"floor":21,"key":"GamblersBrew"}],"is_trial":false,"path_per_floor":["M","M","M","M","?","R","M","E","T","?","R","E","$","M","R","B",null,"M","M","M","M","?","R","M","R","T","$","E"],"character_chosen":"THE_SILENT","items_purchased":["Backflip","Infinite Blades","Poison Potion"],"campfire_rested":2,"item_purchase_floors":[13,13,27],"current_hp_per_floor":[59,52,47,46,46,46,42,42,42,22,41,30,30,29,29,36,59,56,56,46,44,44,44,32,51,51,51,0],"gold":14,"neow_bonus":"THREE_CARDS","is_prod":false,"is_daily":false,"chose_seed":false,"campfire_upgraded":3,"win_rate":0,"timestamp":1558887807,"path_taken":["M","M","M","M","?","R","M","E","T","?","R","E","$","M","R","BOSS","M","M","M","M","?","R","M","R","T","$","E"],"build_version":"2019-01-23","purchased_purges":2,"victory":false,"max_hp_per_floor":[66,66,66,66,66,66,66,66,66,66,66,66,66,66,66,66,66,66,66,66,66,66,66,66,66,66,66,66],"card_choices":[{"not_picked":["Deadly Poison","Prepared"],"picked":"PiercingWail","floor":0},{"not_picked":["Flechettes","Blur"],"picked":"Skewer","floor":1},{"not_picked":["Prepared","Backflip"],"picked":"Poisoned Stab","floor":2},{"not_picked":["Deflect","Catalyst"],"picked":"Poisoned Stab","floor":3},{"not_picked":["Quick Slash","Riddle With Holes"],"picked":"Dodge and Roll","floor":4},{"not_picked":["Blur","Backflip"],"picked":"Footwork","floor":7},{"not_picked":["Prepared","Bullet Time"],"picked":"Terror","floor":8},{"not_picked":["Dagger Spray","Concentrate"],"picked":"Deadly Poison","floor":10},{"not_picked":["Tactician","Prepared"],"picked":"PiercingWail","floor":12},{"not_picked":["Flying Knee","Blade Dance"],"picked":"Cloak And Dagger","floor":14},{"not_picked":["Venomology","Night Terror"],"picked":"Unload","floor":16},{"not_picked":["Accuracy"],"picked":"SKIP","floor":18},{"not_picked":["Dagger Spray"],"picked":"SKIP","floor":19},{"not_picked":[],"picked":"Underhanded Strike+1","floor":20},{"not_picked":[],"picked":"Deflect","floor":21},{"not_picked":["Masterful Stab"],"picked":"SKIP","floor":24}],"player_experience":5165942,"relics_obtained":[{"floor":8,"key":"Dodecahedron"},{"floor":9,"key":"Happy Flower"},{"floor":10,"key":"War Paint"},{"floor":12,"key":"Pantograph"},{"floor":26,"key":"Juzu Bracelet"}],"event_choices":[{"cards_removed":["Defend_G"],"damage_healed":0,"gold_gain":0,"player_choice":"Card Removal","damage_taken":0,"max_hp_gain":0,"max_hp_loss":0,"event_name":"The Cleric","floor":5,"gold_loss":75},{"damage_healed":0,"gold_gain":0,"player_choice":"Searched \u00272\u0027 times","damage_taken":0,"max_hp_gain":0,"max_hp_loss":0,"event_name":"Dead Adventurer","floor":10,"gold_loss":0},{"damage_healed":0,"gold_gain":0,"player_choice":"Read","damage_taken":0,"max_hp_gain":0,"max_hp_loss":0,"event_name":"The Library","floor":22,"gold_loss":0,"cards_obtained":["Well Laid Plans"]}],"is_beta":false,"boss_relics":[{"not_picked":["Runic Dome","HoveringKite"],"picked":"Busted Crown"}],"items_purged_floors":[13,27],"is_endless":false,"potions_floor_spawned":[1,4,10,19,20,21],"killed_by":"Slavers","ascension_level":20}