{"gold_per_floor":[119,119,6,22,22,22,22,42,42,53,53,65,85,98,98,172,172,183,193,222,236,336,362,362,390,390,77,77,91,118,118,118,192,192,207,1206,1428,1328,1345,1370,1385,1415,1415,613,613,78,94,142,142,142,142,142,142,59,86,86],"floor_reached":57,"playtime":3054,"items_purged":["Strike_G","Normality","Normality"],"score":3045,"play_id":"43762ed4-bfb7-4415-96f2-82eff5edfc8e","local_time":"20190613015242","is_ascension_mode":true,"campfire_choices":[{"floor":6,"key":"REST"},{"floor":11,"key":"REST"},{"data":"Cloak And Dagger","floor":15,"key":"SMITH"},{"floor":24,"key":"REST"},{"floor":28,"key":"DIG"},{"floor":32,"key":"REST"},{"floor":45,"key":"RECALL"},{"floor":49,"key":"REST"},{"floor":53,"key":"DIG"}],"neow_cost":"NONE","seed_source_timestamp":1481565794022700,"circlet_count":0,"master_deck":["AscendersBane","Defend_G","Defend_G","Defend_G+1","Defend_G","Defend_G","Strike_G","Strike_G+1","Strike_G","Survivor","Neutralize","Bouncing Flask","Backflip","Skewer","Quick Slash","Predator","Footwork","Burst","PiercingWail","Corpse Explosion","Cloak And Dagger+1","Die Die Die","Crippling Poison","Backflip","PiercingWail","Dash","Bouncing Flask","Tactician","A Thousand Cuts+1","Reflex","Necronomicurse","Wraith Form v2+1","Storm of Steel","Dash","Catalyst","Dash"],"relics":["HoveringKite","Dead Branch","Dream Catcher","Snecko Eye","Red Mask","Shovel","Gremlin Horn","Lantern","Vajra","Frozen Egg 2","Incense Burner","Ancient Tea Set","Necronomicon","Busted Crown","Blue Candle","Snake Skull","Kunai","Medical Kit","Happy Flower","Chemical X","Paper Crane","FossilizedHelix","Pantograph","Boot"],"potions_floor_usage":[10,18,22,33],"damage_taken":[{"damage":10,"enemies":"Small Slimes","floor":1,"turns":7},{"damage":1,"enemies":"2 Louse","floor":4,"turns":3},{"damage":4,"enemies":"Jaw Worm","floor":8,"turns":3},{"damage":11,"enemies":"Exordium Wildlife","floor":10,"turns":4},{"damage":3,"enemies":"Blue Slaver","floor":12,"turns":4},{"damage":3,"enemies":"Looter","floor":13,"turns":3},{"damage":0,"enemies":"Large Slime","floor":14,"turns":4},{"damage":13,"enemies":"The Guardian","floor":16,"turns":9},{"damage":1,"enemies":"Shell Parasite","floor":18,"turns":3},{"damage":8,"enemies":"Spheric Guardian","floor":19,"turns":3},{"damage":7,"enemies":"Masked Bandits","floor":20,"turns":2},{"damage":0,"enemies":"3 Cultists","floor":21,"turns":3},{"damage":0,"enemies":"Colosseum Slavers","floor":22,"turns":3},{"damage":13,"enemies":"Colosseum Nobs","floor":22,"turns":4},{"damage":9,"enemies":"Book of Stabbing","floor":23,"turns":5},{"damage":9,"enemies":"Slavers","floor":25,"turns":4},{"damage":0,"enemies":"Centurion and Healer","floor":29,"turns":3},{"damage":0,"enemies":"Gremlin Leader","floor":30,"turns":3},{"damage":3,"enemies":"Automaton","floor":33,"turns":8},{"damage":0,"enemies":"3 Shapes","floor":35,"turns":3},{"damage":15,"enemies":"Orb Walker","floor":39,"turns":3},{"damage":9,"enemies":"Giant Head","floor":40,"turns":5},{"damage":1,"enemies":"Jaw Worm Horde","floor":41,"turns":2},{"damage":0,"enemies":"Nemesis","floor":42,"turns":5},{"damage":0,"enemies":"Sphere and 2 Shapes","floor":47,"turns":8},{"damage":0,"enemies":"2 Orb Walkers","floor":48,"turns":4},{"damage":12,"enemies":"Donu and Deca","floor":50,"turns":5},{"damage":0,"enemies":"Awakened One","floor":51,"turns":15},{"damage":0,"enemies":"Shield and Spear","floor":55,"turns":5},{"damage":22,"enemies":"The Heart","floor":56,"turns":11}],"seed_played":"-2347303790179079418","potions_obtained":[{"floor":4,"key":"GamblersBrew"},{"floor":8,"key":"Regen Potion"},{"floor":10,"key":"GhostInAJar"},{"floor":21,"key":"Poison Potion"},{"floor":25,"key":"Strength Potion"},{"floor":33,"key":"Dexterity Potion"},{"floor":41,"key":"GhostInAJar"}],"is_trial":false,"path_per_floor":["M","?","$","M","?","R","?","M","T","M","R","M","M","M","R","B",null,"M","M","?","M","?","E","R","E","T","$","R","M","E","?","R","B",null,"M","?","?","$","M","E","M","E","T","$","R","$","M","?","R","B","B",null,"R","$","E","B",null],"character_chosen":"THE_SILENT","items_purchased":["Backflip","Skewer","A Thousand Cuts+1","Regen Potion","Kunai","Medical Kit","Happy Flower","Chemical X","Paper Crane","Catalyst","GhostInAJar"],"campfire_rested":5,"item_purchase_floors":[3,3,27,27,44,44,44,46,46,46,54],"current_hp_per_floor":[49,29,29,28,17,36,36,32,32,33,52,49,46,46,46,33,58,57,49,42,42,29,20,39,30,30,30,30,30,30,9,28,40,60,60,60,60,60,45,36,35,35,35,35,35,35,35,35,54,42,42,60,60,60,60,44],"gold":86,"neow_bonus":"BOSS_RELIC","is_prod":false,"is_daily":false,"chose_seed":false,"campfire_upgraded":1,"win_rate":0,"timestamp":1560358362,"path_taken":["M","?","$","M","?","R","?","?","T","M","R","M","M","M","R","BOSS","M","M","?","M","?","E","R","E","T","$","R","M","E","?","R","BOSS","M","?","?","$","M","E","M","E","T","$","R","$","M","?","R","BOSS","BOSS","R","$","E","BOSS"],"build_version":"2019-01-23","purchased_purges":3,"victory":true,"max_hp_per_floor":[66,66,66,66,66,66,66,66,66,66,66,66,66,66,66,66,66,66,66,66,66,66,66,66,66,66,66,66,66,66,66,66,66,66,66,66,66,66,66,66,66,66,66,66,66,66,66,66,66,66,66,66,66,66,66,66],"card_choices":[{"not_picked":["Deflect","Quick Slash"],"picked":"Bouncing Flask","floor":1},{"not_picked":["Cloak And Dagger","Underhanded Strike"],"picked":"Quick Slash","floor":4},{"not_picked":["Blur","Dodge and Roll"],"picked":"Footwork","floor":8},{"not_picked":["Dodge and Roll","Footwork"],"picked":"Burst","floor":10},{"not_picked":["Well Laid Plans","Poisoned Stab"],"picked":"PiercingWail","floor":11},{"not_picked":["Heel Hook","Accuracy","Dodge and Roll"],"picked":"SKIP","floor":12},{"not_picked":["Blade Dance","Deflect"],"picked":"Corpse Explosion","floor":13},{"not_picked":["Dagger Spray","Prepared"],"picked":"Cloak And Dagger","floor":14},{"not_picked":["Tools of the Trade","A Thousand Cuts"],"picked":"Die Die Die","floor":16},{"not_picked":["Acrobatics","Flying Knee"],"picked":"Crippling Poison","floor":18},{"not_picked":["Poisoned Stab","Deadly Poison"],"picked":"Backflip","floor":19},{"not_picked":["Envenom","Sucker Punch"],"picked":"PiercingWail","floor":20},{"not_picked":["Choke","Calculated Gamble"],"picked":"Dash","floor":21},{"not_picked":["Venomology","All Out Attack"],"picked":"Bouncing Flask","floor":23},{"not_picked":["Slice","Acrobatics"],"picked":"Tactician","floor":24},{"not_picked":["Distraction","Deadly Poison","Deflect"],"picked":"SKIP","floor":25},{"not_picked":["Bouncing Flask+1","Dagger Spray","Predator"],"picked":"SKIP","floor":29},{"not_picked":["Deadly Poison","Riddle With Holes"],"picked":"Reflex","floor":30},{"not_picked":["Flying Knee+1","Backflip+1"],"picked":"Wraith Form v2+1","floor":32},{"not_picked":["Glass Knife","Die Die Die"],"picked":"Storm of Steel","floor":33},{"not_picked":["Accuracy+1"],"picked":"SKIP","floor":35},{"not_picked":["Deadly Poison+1"],"picked":"SKIP","floor":39},{"not_picked":[],"picked":"Dash","floor":40},{"not_picked":["Quick Slash+1"],"picked":"SKIP","floor":41},{"not_picked":["Flechettes+1"],"picked":"SKIP","floor":42},{"not_picked":["Blade Dance"],"picked":"SKIP","floor":47},{"not_picked":[],"picked":"Dash","floor":55}],"player_experience":5341148,"relics_obtained":[{"floor":9,"key":"Dream Catcher"},{"floor":20,"key":"Red Mask"},{"floor":22,"key":"Shovel"},{"floor":22,"key":"Gremlin Horn"},{"floor":23,"key":"Lantern"},{"floor":25,"key":"Vajra"},{"floor":26,"key":"Frozen Egg 2"},{"floor":28,"key":"Incense Burner"},{"floor":30,"key":"Ancient Tea Set"},{"floor":31,"key":"Necronomicon"},{"floor":40,"key":"Blue Candle"},{"floor":42,"key":"Snake Skull"},{"floor":48,"key":"FossilizedHelix"},{"floor":53,"key":"Pantograph"},{"floor":55,"key":"Boot"}],"event_choices":[{"damage_healed":0,"gold_gain":0,"player_choice":"Entered Light","damage_taken":20,"max_hp_gain":0,"max_hp_loss":0,"event_name":"Shining Light","floor":2,"gold_loss":0,"cards_upgraded":["Strike_G","Defend_G"]},{"damage_healed":0,"gold_gain":0,"player_choice":"Success","damage_taken":11,"relics_obtained":["Dead Branch"],"max_hp_gain":0,"max_hp_loss":0,"event_name":"Scrap Ooze","floor":5,"gold_loss":0},{"damage_healed":0,"gold_gain":0,"cards_transformed":["Strike_G"],"player_choice":"Change","damage_taken":0,"max_hp_gain":0,"max_hp_loss":0,"event_name":"Living Wall","floor":7,"gold_loss":0,"cards_obtained":["Predator"]},{"damage_healed":0,"gold_gain":0,"player_choice":"Fought Bandits","damage_taken":0,"max_hp_gain":0,"max_hp_loss":0,"event_name":"Masked Bandits","floor":20,"gold_loss":0},{"damage_healed":0,"gold_gain":0,"player_choice":"Fight","damage_taken":0,"max_hp_gain":0,"max_hp_loss":0,"event_name":"Colosseum","floor":22,"gold_loss":0},{"damage_healed":0,"gold_gain":0,"player_choice":"Fought Nobs","damage_taken":0,"max_hp_gain":0,"max_hp_loss":0,"event_name":"Colosseum","floor":22,"gold_loss":0},{"damage_healed":0,"gold_gain":0,"player_choice":"Obtained Book","damage_taken":21,"max_hp_gain":0,"max_hp_loss":0,"event_name":"Cursed Tome","floor":31,"gold_loss":0},{"damage_healed":0,"gold_gain":999,"player_choice":"Gold","damage_taken":0,"max_hp_gain":0,"max_hp_loss":0,"event_name":"MindBloom","floor":36,"gold_loss":0,"cards_obtained":["Normality","Normality"]},{"damage_healed":0,"gold_gain":222,"player_choice":"Wore Mask","damage_taken":0,"max_hp_gain":0,"max_hp_loss":0,"event_name":"Tomb of Lord Red Mask","floor":37,"gold_loss":0},{"damage_healed":0,"gold_gain":0,"player_choice":"Fight","damage_taken":0,"max_hp_gain":0,"max_hp_loss":0,"event_name":"Mysterious Sphere","floor":48,"gold_loss":0}],"is_beta":false,"boss_relics":[{"not_picked":["Lizard Tail","Calling Bell"],"picked":"Snecko Eye"},{"not_picked":["Cursed Key","Philosopher\u0027s Stone"],"picked":"Busted Crown"}],"items_purged_floors":[27,38,44],"is_endless":false,"potions_floor_spawned":[4,8,10,21,22,25,33,35,39,41,47,55],"ascension_level":20}