{"gold_per_floor":[14,14,14,83,96,96,120,120,146,146,159,180,105,105,105,196,196,215,230,3,3,16,16,16],"floor_reached":24,"playtime":703,"items_purged":[],"score":372,"play_id":"7464ffec-b7d7-44b7-a913-f19d5adb6ddd","local_time":"20190414030313","is_ascension_mode":true,"campfire_choices":[{"data":"Body Slam","floor":6.0,"key":"SMITH"},{"data":"Offering","floor":8.0,"key":"SMITH"},{"data":"Rage","floor":10.0,"key":"SMITH"},{"data":"Iron Wave","floor":15.0,"key":"SMITH"},{"data":"Shrug It Off","floor":23.0,"key":"SMITH"}],"neow_cost":"NO_GOLD","seed_source_timestamp":183990767054900,"circlet_count":0,"master_deck":["AscendersBane","Strike_R+1","Defend_R+1","Defend_R+1","Defend_R+1","Bash","Sever Soul","Offering+1","Rage+1","Body Slam+1","Metallicize+1","Iron Wave+1","Exhume","Corruption+1","Entrench","Shrug It Off+1"],"special_seed":0,"relics":["Black Blood","Golden Idol","Frozen Egg 2","Boot","Strange Spoon"],"potions_floor_usage":[24],"damage_taken":[{"damage":7.0,"enemies":"Small Slimes","floor":1.0,"turns":4.0},{"damage":6.0,"enemies":"Jaw Worm","floor":5.0,"turns":2.0},{"damage":12.0,"enemies":"Cultist","floor":7.0,"turns":3.0},{"damage":13.0,"enemies":"Lots of Slimes","floor":11.0,"turns":4.0},{"damage":8.0,"enemies":"Blue Slaver","floor":12.0,"turns":5.0},{"damage":10.0,"enemies":"The Guardian","floor":16.0,"turns":13.0},{"damage":25.0,"enemies":"2 Thieves","floor":18.0,"turns":2.0},{"damage":12.0,"enemies":"Spheric Guardian","floor":19.0,"turns":3.0},{"damage":12.0,"enemies":"Centurion and Healer","floor":22.0,"turns":5.0},{"damage":46,"enemies":"Slavers","floor":24,"turns":5}],"seed_played":"3215584006111073135","potions_obtained":[{"floor":7.0,"key":"Ancient Potion"},{"floor":11.0,"key":"Explosive Potion"},{"floor":18.0,"key":"Dexterity Potion"}],"is_trial":false,"path_per_floor":["M","?","?","T","M","R","M","R","T","R","M","M","?","?","R","B",null,"M","M","$","?","M","R","E"],"character_chosen":"IRONCLAD","items_purchased":["Strange Spoon"],"campfire_rested":0,"item_purchase_floors":[20],"current_hp_per_floor":[67,60,34,34,34,34,28,28,28,28,21,19,19,19,19,15,60,45,43,43,43,41,41,0],"gold":16,"neow_bonus":"TRANSFORM_TWO_CARDS","is_prod":false,"is_daily":false,"chose_seed":false,"campfire_upgraded":5,"win_rate":0,"timestamp":1555178593,"path_taken":["M","?","?","?","M","R","?","R","T","R","?","M","?","?","R","BOSS","M","M","$","?","M","R","E"],"build_version":"2019-01-23","purchased_purges":0,"victory":false,"max_hp_per_floor":[75,75,75,75,75,75,75,75,75,75,75,75,75,75,75,75,75,75,75,75,75,75,75,75],"card_choices":[{"not_picked":["Armaments","Clothesline"],"picked":"Rage","floor":1.0},{"not_picked":["Entrench","Bloodletting"],"picked":"Body Slam","floor":5.0},{"not_picked":["Blood for Blood","Thunderclap"],"picked":"Metallicize+1","floor":7.0},{"not_picked":["Pommel Strike","Armaments"],"picked":"Iron Wave","floor":11.0},{"not_picked":["Clothesline","Flex","Entrench"],"picked":"SKIP","floor":12.0},{"not_picked":["Brutality+1","Reaper"],"picked":"Exhume","floor":16.0},{"not_picked":["Cleave","Headbutt"],"picked":"Corruption+1","floor":18.0},{"not_picked":["Headbutt","Havoc"],"picked":"Entrench","floor":19.0},{"not_picked":["Havoc","Perfected Strike"],"picked":"Shrug It Off","floor":22.0}],"player_experience":4783988,"relics_obtained":[{"floor":4.0,"key":"Frozen Egg 2"},{"floor":9.0,"key":"Boot"}],"event_choices":[{"cards_removed":["Defend_R"],"damage_healed":0.0,"max_hp_gain":0.0,"max_hp_loss":0.0,"gold_gain":0.0,"event_name":"Golden Wing","player_choice":"Card Removal","floor":2.0,"gold_loss":0.0,"damage_taken":7.0},{"damage_healed":0.0,"max_hp_gain":0.0,"max_hp_loss":0.0,"gold_gain":0.0,"event_name":"Golden Idol","player_choice":"Take Damage","floor":3.0,"gold_loss":0.0,"damage_taken":26.0,"relics_obtained":["Golden Idol"]},{"cards_removed":["Strike_R"],"damage_healed":0.0,"max_hp_gain":0.0,"max_hp_loss":0.0,"gold_gain":0.0,"event_name":"The Cleric","player_choice":"Card Removal","floor":13.0,"gold_loss":75.0,"damage_taken":0.0},{"cards_removed":["Strike_R"],"damage_healed":0.0,"max_hp_gain":0.0,"max_hp_loss":0.0,"gold_gain":0.0,"event_name":"Living Wall","player_choice":"Forget","floor":14.0,"gold_loss":0.0,"damage_taken":0.0},{"damage_healed":0.0,"max_hp_gain":0.0,"max_hp_loss":0.0,"gold_gain":0.0,"event_name":"Back to Basics","player_choice":"Simplicity","floor":21.0,"gold_loss":0.0,"damage_taken":0.0,"cards_upgraded":["Strike_R","Defend_R","Defend_R","Defend_R"]}],"is_beta":false,"boss_relics":[{"not_picked":["Runic Cube","Sozu"],"picked":"Black Blood"}],"items_purged_floors":[],"is_endless":false,"potions_floor_spawned":[7,11,12,18],"killed_by":"Slavers","ascension_level":20}