{"gold_per_floor":[115,133,143,143,156,156,190,190,190,209,244,259,285,134,134,208,208,225,236,247,297,314,314,345,365,390,406,423,373,333,358,358,432,432,442,462,86,103,120,149,149,181,181,194,194,224,174,174,174,174,174,174,174,14,48,48],"floor_reached":57,"playtime":3480,"items_purged":["Strike_R","Strike_R","Defend_R","Strike_R","Clash"],"score":2787,"play_id":"51c05a8b-e049-4a61-979d-670eb1c60ae9","local_time":"20190318015652","is_ascension_mode":true,"campfire_choices":[{"data":"Blood for Blood","floor":6,"key":"SMITH"},{"data":"Armaments","floor":8,"key":"SMITH"},{"data":"Demon Form","floor":15,"key":"SMITH"},{"data":"Battle Trance","floor":23,"key":"SMITH"},{"data":"Burning Pact","floor":32,"key":"SMITH"},{"floor":49,"key":"RECALL"},{"data":"Barricade","floor":53,"key":"SMITH"}],"neow_cost":"NONE","seed_source_timestamp":350175113832000,"circlet_count":0,"master_deck":["AscendersBane","Defend_R","Defend_R+1","Defend_R+1","Bash","Pummel","Armaments+1","Reaper","Blood for Blood+1","Feed","Shockwave","Demon Form+1","Bloodletting","Battle Trance+1","Feed+1","Shrug It Off","Sword Boomerang+1","Seeing Red","Burning Pact+1","Exhume","Barricade+1","True Grit","Entrench","Power Through+1","Purity","Purity","Flash of Steel","Burning Pact"],"relics":["Burning Blood","Oddly Smooth Stone","Self Forming Clay","Incense Burner","Orichalcum","Coffee Dripper","Gremlin Horn","Smiling Mask","Torii","Velvet Choker","War Paint","Happy Flower","Red Skull","Whetstone","Pear","Singing Bowl"],"potions_floor_usage":[13,13,19,25,33,33,55,55],"damage_taken":[{"damage":11,"enemies":"Jaw Worm","floor":1,"turns":6},{"damage":1,"enemies":"Cultist","floor":2,"turns":3},{"damage":0,"enemies":"Small Slimes","floor":3,"turns":4},{"damage":0,"enemies":"3 Louse","floor":5,"turns":3},{"damage":32,"enemies":"Gremlin Nob","floor":7,"turns":4},{"damage":5,"enemies":"Blue Slaver","floor":10,"turns":3},{"damage":26,"enemies":"Lagavulin","floor":11,"turns":7},{"damage":12,"enemies":"Exordium Wildlife","floor":12,"turns":5},{"damage":28,"enemies":"3 Sentries","floor":13,"turns":6},{"damage":30,"enemies":"The Guardian","floor":16,"turns":10},{"damage":19,"enemies":"2 Thieves","floor":18,"turns":4},{"damage":20,"enemies":"Spheric Guardian","floor":19,"turns":6},{"damage":9,"enemies":"3 Cultists","floor":20,"turns":5},{"damage":40,"enemies":"Sentry and Sphere","floor":22,"turns":6},{"damage":41,"enemies":"Gremlin Leader","floor":24,"turns":8},{"damage":26,"enemies":"Cultist and Chosen","floor":25,"turns":7},{"damage":43,"enemies":"Chosen and Byrds","floor":27,"turns":11},{"damage":22,"enemies":"3 Cultists","floor":28,"turns":6},{"damage":42,"enemies":"Slavers","floor":31,"turns":7},{"damage":11,"enemies":"Collector","floor":33,"turns":8},{"damage":33,"enemies":"3 Shapes","floor":35,"turns":6},{"damage":11,"enemies":"Orb Walker","floor":36,"turns":4},{"damage":39,"enemies":"Transient","floor":38,"turns":6},{"damage":29,"enemies":"Spire Growth","floor":39,"turns":5},{"damage":35,"enemies":"Giant Head","floor":40,"turns":9},{"damage":104,"enemies":"Reptomancer","floor":42,"turns":9},{"damage":0,"enemies":"Maw","floor":44,"turns":8},{"damage":7,"enemies":"Giant Head","floor":46,"turns":10},{"damage":97,"enemies":"Donu and Deca","floor":50,"turns":24},{"damage":26,"enemies":"Awakened One","floor":51,"turns":21},{"damage":61,"enemies":"Shield and Spear","floor":55,"turns":35},{"damage":62,"enemies":"The Heart","floor":56,"turns":16}],"seed_played":"-8347672880773324316","potions_obtained":[{"floor":1,"key":"Explosive Potion"},{"floor":5,"key":"GamblersBrew"},{"floor":12,"key":"SkillPotion"},{"floor":16,"key":"SkillPotion"},{"floor":19,"key":"Fruit Juice"},{"floor":22,"key":"SteroidPotion"},{"floor":24,"key":"Fire Potion"},{"floor":25,"key":"SteroidPotion"},{"floor":30,"key":"PowerPotion"},{"floor":35,"key":"Explosive Potion"},{"floor":38,"key":"Block Potion"}],"is_trial":false,"path_per_floor":["M","M","M","?","M","R","E","R","T","M","E","M","E","$","R","B",null,"M","M","M","?","M","R","E","M","T","M","M","$","?","E","R","B",null,"M","M","$","M","M","E","T","E","T","M","?","E","$","?","R","B","B",null,"R","$","E","B",null],"character_chosen":"IRONCLAD","items_purchased":["Battle Trance","War Paint","Happy Flower","Swift Potion","Energy Potion"],"campfire_rested":0,"item_purchase_floors":[14,37,37,54,54],"current_hp_per_floor":[63,68,74,74,75,75,49,49,49,58,42,40,36,36,36,50,77,90,99,106,106,78,78,106,102,102,80,92,92,92,72,72,119,131,141,139,139,123,114,124,124,93,103,160,150,167,167,167,167,139,182,182,182,182,184,176],"gold":48,"neow_bonus":"REMOVE_CARD","is_prod":false,"is_daily":false,"chose_seed":false,"campfire_upgraded":6,"win_rate":0,"timestamp":1552841812,"path_taken":["M","M","M","?","M","R","E","R","T","M","E","M","E","?","R","BOSS","M","M","M","?","M","R","E","?","T","M","M","$","?","E","R","BOSS","M","M","$","M","M","E","?","E","T","M","?","E","$","?","R","BOSS","BOSS","R","$","E","BOSS"],"build_version":"2019-01-23","purchased_purges":5,"victory":true,"max_hp_per_floor":[75,75,75,75,75,75,75,75,75,78,78,82,82,82,82,86,86,90,99,106,106,112,112,112,118,118,121,127,127,127,131,131,135,135,146,149,149,149,153,153,153,153,163,167,167,167,167,167,167,174,182,182,182,182,184,184],"card_choices":[{"not_picked":["Headbutt","Thunderclap"],"picked":"Pummel","floor":1},{"not_picked":["Flex","Barricade"],"picked":"Armaments","floor":2},{"not_picked":["Intimidate","Twin Strike"],"picked":"Clash","floor":3},{"not_picked":["Wild Strike","Thunderclap"],"picked":"Blood for Blood","floor":5},{"not_picked":["Spot Weakness","Heavy Blade"],"picked":"Feed","floor":7},{"not_picked":["Dropkick","Pommel Strike"],"picked":"Shockwave","floor":10},{"not_picked":["Perfected Strike","Fire Breathing"],"picked":"Demon Form","floor":11},{"not_picked":["Sentinel","Thunderclap"],"picked":"Bloodletting","floor":12},{"not_picked":["Rampage","Clothesline","Sword Boomerang"],"picked":"SKIP","floor":13},{"not_picked":["Immolate","Bludgeon"],"picked":"Feed","floor":16},{"not_picked":["Armaments","Body Slam+1","Pommel Strike"],"picked":"SKIP","floor":18},{"not_picked":["Armaments","Body Slam+1","Pommel Strike"],"picked":"SKIP","floor":18},{"not_picked":["Armaments","Thunderclap","Pommel Strike"],"picked":"SKIP","floor":19},{"not_picked":["True Grit","Perfected Strike"],"picked":"Shrug It Off","floor":20},{"not_picked":["Ghostly Armor","Barricade","Anger"],"picked":"SKIP","floor":22},{"not_picked":["Havoc","Corruption"],"picked":"Sword Boomerang","floor":24},{"not_picked":["Spot Weakness","Wild Strike"],"picked":"Seeing Red","floor":25},{"not_picked":["Metallicize","Headbutt","Anger"],"picked":"SKIP","floor":27},{"not_picked":["Armaments","Anger","Body Slam+1"],"picked":"SKIP","floor":28},{"not_picked":["Seeing Red","Metallicize"],"picked":"Burning Pact","floor":31},{"not_picked":["Reaper","Offering"],"picked":"Exhume","floor":33},{"not_picked":["Twin Strike","Shrug It Off","Bloodletting"],"picked":"SKIP","floor":35},{"not_picked":["Body Slam","Warcry","Havoc"],"picked":"SKIP","floor":36},{"not_picked":["Armaments","Barricade","Wild Strike"],"picked":"SKIP","floor":38},{"not_picked":["Armaments","Wild Strike"],"picked":"Barricade","floor":38},{"not_picked":["Clash+1","Headbutt"],"picked":"True Grit","floor":39},{"not_picked":["Brutality","Flex"],"picked":"Entrench","floor":40},{"not_picked":["Burning Pact","Sword Boomerang"],"picked":"Power Through+1","floor":42},{"not_picked":["Rupture+1","Clash","Spot Weakness"],"picked":"SKIP","floor":44},{"not_picked":["Trip","Bandage Up"],"picked":"Purity","floor":45},{"not_picked":["Swift Strike","Impatience"],"picked":"Purity","floor":45},{"not_picked":["Chrysalis","Dramatic Entrance"],"picked":"Flash of Steel","floor":45},{"not_picked":["Pummel","Power Through"],"picked":"Burning Pact","floor":46},{"not_picked":["Flame Barrier+1","Bloodletting","Sword Boomerang"],"picked":"Singing Bowl","floor":55}],"player_experience":4554509,"relics_obtained":[{"floor":7,"key":"Oddly Smooth Stone"},{"floor":9,"key":"Self Forming Clay"},{"floor":11,"key":"Incense Burner"},{"floor":13,"key":"Orichalcum"},{"floor":24,"key":"Gremlin Horn"},{"floor":26,"key":"Smiling Mask"},{"floor":31,"key":"Torii"},{"floor":40,"key":"Red Skull"},{"floor":42,"key":"Whetstone"},{"floor":43,"key":"Pear"},{"floor":46,"key":"Singing Bowl"}],"event_choices":[{"damage_healed":0,"gold_gain":0,"cards_transformed":["Strike_R"],"player_choice":"Transformed","damage_taken":0,"max_hp_gain":0,"max_hp_loss":0,"event_name":"Transmorgrifier","floor":4,"gold_loss":0,"cards_obtained":["Reaper"]},{"damage_healed":0,"gold_gain":50,"player_choice":"Pray","damage_taken":0,"max_hp_gain":0,"max_hp_loss":0,"event_name":"Golden Shrine","floor":21,"gold_loss":0},{"damage_healed":0,"gold_gain":0,"player_choice":"Bought 3 Potions","damage_taken":0,"max_hp_gain":0,"max_hp_loss":0,"event_name":"The Woman in Blue","floor":30,"gold_loss":0},{"damage_healed":0,"gold_gain":0,"player_choice":"Memory 3","damage_taken":10,"max_hp_gain":0,"max_hp_loss":0,"event_name":"SensoryStone","floor":45,"gold_loss":0},{"damage_healed":0,"gold_gain":0,"player_choice":"Ignored","damage_taken":0,"max_hp_gain":0,"max_hp_loss":0,"event_name":"Tomb of Lord Red Mask","floor":48,"gold_loss":0}],"is_beta":false,"boss_relics":[{"not_picked":["Black Star","Astrolabe"],"picked":"Coffee Dripper"},{"not_picked":["White Beast Statue","Fusion Hammer"],"picked":"Velvet Choker"}],"items_purged_floors":[14,29,37,47,54],"is_endless":false,"potions_floor_spawned":[1,5,11,12,16,19,22,24,25,35,38,40,42],"ascension_level":20}