{"gold_per_floor":[115,131,206,206,91,91,109,122,122,13,13,30,54,54,54,128,178,194,210,227,227],"floor_reached":21,"playtime":599,"items_purged":["Strike_G"],"score":342,"play_id":"6905058f-ae2a-4990-a5de-b069f68d6406","local_time":"20190419023418","is_ascension_mode":true,"campfire_choices":[{"data":"Skewer","floor":6,"key":"SMITH"},{"data":"Calculated Gamble","floor":11,"key":"SMITH"},{"data":"Noxious Fumes","floor":15,"key":"SMITH"}],"neow_cost":"PERCENT_DAMAGE","seed_source_timestamp":181322476370300,"circlet_count":0,"master_deck":["AscendersBane","Defend_G+1","Defend_G","Defend_G","Strike_G","Strike_G","Strike_G","Survivor","Neutralize","Noxious Fumes+1","Skewer+1","Calculated Gamble+1","PiercingWail","Outmaneuver","Tactician","Deadly Poison","Expertise","Reflex","Slice+1","Backflip"],"relics":["Ring of the Snake","Orichalcum","Odd Mushroom","Tiny House"],"potions_floor_usage":[12,16,16,18],"damage_taken":[{"damage":1,"enemies":"Jaw Worm","floor":1,"turns":4},{"damage":0,"enemies":"2 Louse","floor":2,"turns":3},{"damage":4,"enemies":"Small Slimes","floor":7,"turns":4},{"damage":0,"enemies":"Looter","floor":8,"turns":3},{"damage":9,"enemies":"Gremlin Gang","floor":12,"turns":8},{"damage":6,"enemies":"The Mushroom Lair","floor":13,"turns":4},{"damage":10,"enemies":"Hexaghost","floor":16,"turns":8},{"damage":3,"enemies":"Chosen","floor":18,"turns":3},{"damage":21,"enemies":"Spheric Guardian","floor":19,"turns":4},{"damage":28,"enemies":"Chosen and Byrds","floor":20,"turns":6},{"damage":8,"enemies":"Centurion and Healer","floor":21,"turns":2}],"seed_played":"-7886159189492911874","potions_obtained":[{"floor":1,"key":"GamblersBrew"},{"floor":8,"key":"Swift Potion"},{"floor":12,"key":"Strength Potion"},{"floor":17,"key":"FearPotion"}],"is_trial":false,"path_per_floor":["M","M","?","?","$","R","M","M","T","$","R","M","?","?","R","B",null,"M","M","M","M"],"character_chosen":"THE_SILENT","items_purchased":["Calculated Gamble","Tactician","Deadly Poison"],"campfire_rested":0,"item_purchase_floors":[5,10,10],"current_hp_per_floor":[43,43,32,32,32,32,28,28,28,28,28,19,13,13,13,3,55,52,31,3,0],"gold":227,"neow_bonus":"REMOVE_TWO","is_prod":false,"is_daily":false,"chose_seed":false,"campfire_upgraded":3,"win_rate":0,"timestamp":1555608858,"path_taken":["M","M","?","?","?","R","?","M","T","$","R","M","?","?","R","BOSS","M","M","M","M"],"build_version":"2019-01-23","purchased_purges":1,"victory":false,"max_hp_per_floor":[66,66,66,66,66,66,66,66,66,66,66,66,66,66,66,66,71,71,71,71,71],"card_choices":[{"not_picked":["Heel Hook","Bane"],"picked":"Noxious Fumes","floor":1},{"not_picked":["Setup","Deflect"],"picked":"Skewer","floor":2},{"not_picked":["Quick Slash","Slice"],"picked":"PiercingWail","floor":7},{"not_picked":["Predator","Quick Slash"],"picked":"Outmaneuver","floor":8},{"not_picked":["Sucker Punch","Outmaneuver"],"picked":"Expertise","floor":12},{"not_picked":["Dagger Throw","Catalyst"],"picked":"Reflex","floor":13},{"not_picked":["Slice+1","Finisher","Masterful Stab"],"picked":"SKIP","floor":18},{"not_picked":["Finisher","Masterful Stab"],"picked":"Slice+1","floor":18},{"not_picked":["Outmaneuver+1","Burst","All Out Attack"],"picked":"SKIP","floor":19},{"not_picked":["Poisoned Stab","Prepared"],"picked":"Backflip","floor":20}],"player_experience":4840956,"relics_obtained":[{"floor":9,"key":"Orichalcum"},{"floor":13,"key":"Odd Mushroom"}],"event_choices":[{"damage_healed":0,"gold_gain":75,"player_choice":"Gather Gold","damage_taken":11,"max_hp_gain":0,"max_hp_loss":0,"event_name":"World of Goop","floor":3,"gold_loss":0},{"cards_removed":["Defend_G"],"damage_healed":0,"gold_gain":0,"player_choice":"Forget","damage_taken":0,"max_hp_gain":0,"max_hp_loss":0,"event_name":"Living Wall","floor":4,"gold_loss":0},{"damage_healed":0,"gold_gain":0,"player_choice":"Fought Mushrooms","damage_taken":0,"max_hp_gain":0,"max_hp_loss":0,"event_name":"Mushrooms","floor":13,"gold_loss":0},{"damage_healed":0,"gold_gain":0,"player_choice":"Ignored","damage_taken":0,"max_hp_gain":0,"max_hp_loss":0,"event_name":"Shining Light","floor":14,"gold_loss":0}],"is_beta":false,"boss_relics":[{"not_picked":["Fusion Hammer","Lizard Tail"],"picked":"Tiny House"}],"items_purged_floors":[5],"is_endless":false,"potions_floor_spawned":[1,8,12],"killed_by":"Centurion and Healer","ascension_level":20}