{"gold_per_floor":[116,133,152,164,183,183,194,194],"floor_reached":8,"playtime":361,"items_purged":[],"score":102,"play_id":"8b4a014e-40fd-48d4-9385-e21714d9c17b","local_time":"20190702231247","is_ascension_mode":false,"campfire_choices":[{"data":"Concentrate","floor":6,"key":"SMITH"}],"neow_cost":"","seed_source_timestamp":0,"circlet_count":0,"master_deck":["Venomology+1","Venomology+1","Venomology+1","Venomology+1","Venomology+1","Venomology+1","Venomology+1","Venomology+1","Venomology+1","Venomology+1","Venomology+1","Venomology+1","Venomology+1","Venomology+1","Venomology+1","Venomology+1","Venomology+1","Venomology+1","Venomology+1","Venomology+1","Venomology+1","Venomology+1","Venomology+1","Venomology+1","Venomology+1","Venomology+1","Venomology+1","Venomology+1","Venomology+1","Venomology+1","Venomology+1","Concentrate+1"],"special_seed":0,"relics":["Ring of the Snake","Orichalcum","Unceasing Top"],"potions_floor_usage":[1,1,1,1,1,1,1,1,1,1,1,1,2,2,2,2,2,2,2,2,2,2,2,2,2,2,2,2,2,2,2,2,2,2,2,2,2,2,2,2,3,3,3,3,3,3,3,3,3,3,3,3,3,3,3,3,3,3,3,3,3,3,4,4,4,4,4,4,4,4,4,4,4,4,5,5,5,5,7,7,7,7,7,7,7,7,7,7,7,7,7,7,8,8,8,8,8,8,8,8,8,8,8,8,8,8,8,8,8,8,8,8,8,8,8,8,8,8,8,8,8,8,8,8,8],"damage_taken":[{"damage":0,"enemies":"2 Louse","floor":1,"turns":1},{"damage":0,"enemies":"Cultist","floor":2,"turns":1},{"damage":0,"enemies":"Jaw Worm","floor":3,"turns":1},{"damage":0,"enemies":"Large Slime","floor":4,"turns":2},{"damage":0,"enemies":"2 Fungi Beasts","floor":5,"turns":1},{"damage":0,"enemies":"3 Louse","floor":7,"turns":1}],"seed_played":"-8894862102116475797","potions_obtained":[{"floor":3,"key":"AttackPotion"},{"floor":5,"key":"SpeedPotion"},{"floor":7,"key":"Ancient Potion"}],"is_trial":true,"path_per_floor":["M","M","M","M","M","R","M","E"],"character_chosen":"THE_SILENT","items_purchased":[],"campfire_rested":0,"item_purchase_floors":[],"current_hp_per_floor":[70,70,70,70,70,70,70,70],"gold":194,"neow_bonus":"","is_prod":false,"is_daily":false,"chose_seed":false,"campfire_upgraded":1,"win_rate":0,"timestamp":1562076767,"path_taken":["M","M","M","M","M","R","M","E"],"build_version":"2019-07-01","purchased_purges":0,"victory":false,"max_hp_per_floor":[70,70,70,70,70,70,70,70],"card_choices":[{"not_picked":["Flying Knee","Bouncing Flask","Calculated Gamble"],"picked":"SKIP","floor":1},{"not_picked":["Deadly Poison","Slice"],"picked":"Concentrate","floor":2},{"not_picked":["Escape Plan","Quick Slash","Flying Knee"],"picked":"SKIP","floor":3},{"not_picked":["Noxious Fumes","Acrobatics","Underhanded Strike"],"picked":"SKIP","floor":5},{"not_picked":["Noxious Fumes","Acrobatics","Underhanded Strike"],"picked":"SKIP","floor":5},{"not_picked":["Dagger Spray","Bane","Riddle With Holes"],"picked":"SKIP","floor":7}],"player_experience":5556924,"relics_obtained":[],"event_choices":[],"is_beta":false,"boss_relics":[],"items_purged_floors":[],"is_endless":false,"potions_floor_spawned":[3,5,7],"killed_by":"3 Sentries","ascension_level":0}