{"gold_per_floor":[111,66,66,66,79,110,110,123,148,148,167,185,185,47,47,47],"floor_reached":16,"playtime":328,"items_purged":[],"score":200,"play_id":"c65d1c67-6202-41bb-96c1-c65a73691d6c","local_time":"20190711012335","is_ascension_mode":true,"campfire_choices":[{"data":"Bash","floor":7,"key":"SMITH"},{"data":"Infernal Blade","floor":10,"key":"SMITH"},{"data":"Rampage","floor":13,"key":"SMITH"},{"data":"Dark Embrace","floor":15,"key":"SMITH"}],"neow_cost":"NONE","seed_source_timestamp":1686671234291612,"circlet_count":0,"master_deck":["AscendersBane","Strike_R","Strike_R","Strike_R","Strike_R","Defend_R","Defend_R","Defend_R","Defend_R","Bash+1","Corruption+1","Shrug It Off","Rage","Thunderclap","Infernal Blade+1","Rampage+1","Shockwave","Dark Embrace+1"],"relics":["Burning Blood","NeowsBlessing","Strawberry","Regal Pillow"],"potions_floor_usage":[12],"damage_taken":[{"damage":0,"enemies":"Cultist","floor":1,"turns":1},{"damage":0,"enemies":"Jaw Worm","floor":5,"turns":1},{"damage":0,"enemies":"Gremlin Nob","floor":6,"turns":1},{"damage":7,"enemies":"2 Louse","floor":8,"turns":2},{"damage":23,"enemies":"Exordium Wildlife","floor":11,"turns":6},{"damage":0,"enemies":"3 Louse","floor":12,"turns":1},{"damage":77,"enemies":"Hexaghost","floor":16,"turns":9}],"seed_played":"8326327617978596984","potions_obtained":[{"floor":1,"key":"Ancient Potion"},{"floor":6,"key":"Fire Potion"},{"floor":11,"key":"Explosive Potion"}],"is_trial":false,"path_per_floor":["M","$","?","?","M","E","R","M","T","R","M","M","R","$","R","B"],"character_chosen":"IRONCLAD","items_purchased":["Shrug It Off","Dark Embrace"],"campfire_rested":0,"item_purchase_floors":[2,14],"current_hp_per_floor":[78,78,78,78,80,87,87,86,86,86,69,75,75,75,75,0],"gold":47,"neow_bonus":"THREE_ENEMY_KILL","is_prod":false,"is_daily":false,"chose_seed":false,"campfire_upgraded":4,"win_rate":0,"timestamp":1562804615,"path_taken":["M","$","?","?","M","E","R","M","T","R","?","?","R","$","R","BOSS"],"build_version":"2019-07-05","purchased_purges":0,"victory":false,"max_hp_per_floor":[80,80,80,80,80,87,87,87,87,87,87,87,87,87,87,87],"card_choices":[{"not_picked":["Second Wind","Uppercut"],"picked":"Corruption","floor":1},{"not_picked":["Sword Boomerang","Searing Blow"],"picked":"Rage","floor":5},{"not_picked":["Perfected Strike","Metallicize"],"picked":"Thunderclap","floor":6},{"not_picked":["Pommel Strike","Anger"],"picked":"Infernal Blade","floor":8},{"not_picked":["Evolve","Shrug It Off"],"picked":"Rampage","floor":11},{"not_picked":["Pummel","Body Slam"],"picked":"Shockwave","floor":12}],"player_experience":341200,"relics_obtained":[{"floor":6,"key":"Strawberry"},{"floor":9,"key":"Regal Pillow"}],"event_choices":[{"damage_healed":0,"gold_gain":0,"player_choice":"Grow","damage_taken":0,"max_hp_gain":0,"max_hp_loss":0,"event_name":"Living Wall","floor":3,"gold_loss":0,"cards_upgraded":["Corruption"]},{"cards_removed":["Strike_R"],"damage_healed":0,"gold_gain":0,"player_choice":"Purged","damage_taken":0,"max_hp_gain":0,"max_hp_loss":0,"event_name":"Purifier","floor":4,"gold_loss":0}],"is_beta":false,"boss_relics":[],"items_purged_floors":[],"is_endless":false,"potions_floor_spawned":[1,6,11],"killed_by":"Hexaghost","ascension_level":12}