{"gold_per_floor":[113,113,9,9,9,9,50,50,50,81,104,128,153,173,173,272,335,351,376,376,17,17,56,56,56,108,108,124,124,140,176,176,176],"floor_reached":33,"playtime":854,"items_purged":["Strike_G"],"score":682,"play_id":"d195fdf4-87d6-43e7-9a21-5367e7258466","local_time":"20190707012329","is_ascension_mode":true,"campfire_choices":[{"data":"Neutralize","floor":6.0,"key":"SMITH"},{"data":"Dagger Spray","floor":8.0,"key":"SMITH"},{"data":"Bouncing Flask","floor":15.0,"key":"SMITH"},{"data":"Crippling Poison","floor":25.0,"key":"SMITH"},{"floor":27.0,"key":"REST"},{"floor":29.0,"key":"REST"},{"floor":32,"key":"REST"}],"neow_cost":"NONE","seed_source_timestamp":354201391501100,"circlet_count":0,"master_deck":["AscendersBane","Strike_G+1","Strike_G+1","Strike_G+1","Strike_G+1","Defend_G+1","Defend_G+1","Defend_G+1","Defend_G+1","Defend_G+1","Survivor","Neutralize+1","Dagger Spray+1","Dash","Dagger Throw","Heel Hook+1","Endless Agony+1","Choke+1","Bouncing Flask+1","Corpse Explosion","Backflip","Tactician+1","Leg Sweep","Heel Hook+1","Slice+1","Backflip","Crippling Poison+1","Cloak And Dagger+1","Finisher+1"],"special_seed":0,"relics":["Ring of the Snake","NeowsBlessing","Golden Idol","Molten Egg 2","Strawberry","Pantograph","Kunai","Odd Mushroom","Tiny House","Pen Nib","Singing Bowl","Bag of Preparation"],"potions_floor_usage":[31,33],"damage_taken":[{"damage":0.0,"enemies":"Small Slimes","floor":1.0,"turns":1.0},{"damage":0.0,"enemies":"Lagavulin","floor":7.0,"turns":1.0},{"damage":0.0,"enemies":"3 Sentries","floor":10.0,"turns":1.0},{"damage":1.0,"enemies":"Jaw Worm","floor":11.0,"turns":2.0},{"damage":0.0,"enemies":"2 Louse","floor":12.0,"turns":2.0},{"damage":3.0,"enemies":"The Mushroom Lair","floor":13.0,"turns":3.0},{"damage":0.0,"enemies":"2 Fungi Beasts","floor":14.0,"turns":2.0},{"damage":12.0,"enemies":"Hexaghost","floor":16.0,"turns":8.0},{"damage":21.0,"enemies":"Shell Parasite","floor":18.0,"turns":10.0},{"damage":16.0,"enemies":"Spheric Guardian","floor":19.0,"turns":5.0},{"damage":12.0,"enemies":"Gremlin Leader","floor":23.0,"turns":7.0},{"damage":24.0,"enemies":"Shelled Parasite and Fungi","floor":28.0,"turns":4.0},{"damage":9.0,"enemies":"3 Cultists","floor":30.0,"turns":3.0},{"damage":22,"enemies":"Book of Stabbing","floor":31,"turns":6},{"damage":65,"enemies":"Collector","floor":33,"turns":9}],"seed_played":"-4575183373057963731","potions_obtained":[{"floor":1.0,"key":"Poison Potion"},{"floor":11.0,"key":"GhostInAJar"},{"floor":12.0,"key":"PowerPotion"},{"floor":17.0,"key":"Fire Potion"},{"floor":18.0,"key":"Dexterity Potion"},{"floor":23.0,"key":"AttackPotion"}],"is_trial":false,"path_per_floor":["M","?","$","?","$","R","E","R","T","E","M","M","?","M","R","B",null,"M","M","?","$","?","E","?","R","T","R","M","R","M","E","R","B"],"character_chosen":"THE_SILENT","items_purchased":["Dash","Dagger Throw","Pen Nib","Slice+1","Backflip"],"campfire_rested":3,"item_purchase_floors":[3,3,21,21,21],"current_hp_per_floor":[59,36,36,25,25,25,32,32,32,32,31,31,28,28,28,41,70,49,33,33,33,33,21,21,21,21,44,22,46,37,15,39,0],"gold":176,"neow_bonus":"THREE_ENEMY_KILL","is_prod":false,"is_daily":false,"chose_seed":false,"campfire_upgraded":4,"win_rate":0,"timestamp":1562430209,"path_taken":["M","?","$","?","?","R","E","R","T","E","M","?","?","M","R","BOSS","M","M","?","$","?","E","?","R","T","R","M","R","M","E","R","BOSS"],"build_version":"2019-07-05","purchased_purges":1,"victory":false,"max_hp_per_floor":[66,66,66,66,66,66,73,73,73,73,73,73,73,73,73,73,78,78,78,78,78,78,78,78,78,78,78,80,80,80,80,80,80],"card_choices":[{"not_picked":["Infinite Blades","Sucker Punch"],"picked":"Dagger Spray","floor":1.0},{"not_picked":["Masterful Stab+1","Tools of the Trade"],"picked":"Heel Hook+1","floor":7.0},{"not_picked":["Dash+1","Dagger Spray+1"],"picked":"Endless Agony+1","floor":10.0},{"not_picked":["Underhanded Strike+1","Distraction","Prepared"],"picked":"SKIP","floor":11.0},{"not_picked":["Underhanded Strike+1","Concentrate","Outmaneuver"],"picked":"SKIP","floor":12.0},{"not_picked":["Underhanded Strike+1","Concentrate","Outmaneuver"],"picked":"SKIP","floor":12.0},{"not_picked":["Underhanded Strike+1","Distraction"],"picked":"Choke+1","floor":13.0},{"not_picked":["Choke+1","Riddle With Holes+1"],"picked":"Bouncing Flask","floor":14.0},{"not_picked":["Grand Finale+1","Tools of the Trade"],"picked":"Corpse Explosion","floor":16.0},{"not_picked":["Distraction","Deflect"],"picked":"Backflip","floor":17.0},{"not_picked":["Well Laid Plans","Sucker Punch+1"],"picked":"Tactician+1","floor":18.0},{"not_picked":["Bane+1","Slice+1"],"picked":"Leg Sweep","floor":19.0},{"not_picked":["Acrobatics","Dagger Spray+1"],"picked":"Crippling Poison","floor":23.0},{"not_picked":["Acrobatics","Outmaneuver","Accuracy"],"picked":"Singing Bowl","floor":28.0},{"not_picked":["Distraction","Dagger Throw+1"],"picked":"Cloak And Dagger+1","floor":30.0},{"not_picked":["Deflect","Dagger Throw+1"],"picked":"Finisher+1","floor":31}],"player_experience":5600634,"relics_obtained":[{"floor":7.0,"key":"Strawberry"},{"floor":9.0,"key":"Pantograph"},{"floor":10.0,"key":"Kunai"},{"floor":13.0,"key":"Odd Mushroom"},{"floor":23.0,"key":"Singing Bowl"},{"floor":31,"key":"Bag of Preparation"}],"event_choices":[{"damage_healed":0.0,"max_hp_gain":0.0,"max_hp_loss":0.0,"gold_gain":0.0,"event_name":"Golden Idol","player_choice":"Take Damage","floor":2.0,"gold_loss":0.0,"damage_taken":23.0,"relics_obtained":["Golden Idol"]},{"damage_healed":0.0,"max_hp_gain":0.0,"max_hp_loss":0.0,"gold_gain":0.0,"event_name":"Scrap Ooze","player_choice":"Success","floor":4.0,"gold_loss":0.0,"damage_taken":11.0,"relics_obtained":["Molten Egg 2"]},{"damage_healed":0.0,"max_hp_gain":0.0,"max_hp_loss":0.0,"gold_gain":0.0,"event_name":"Mushrooms","player_choice":"Fought Mushrooms","floor":13.0,"gold_loss":0.0,"damage_taken":0.0},{"damage_healed":0.0,"max_hp_gain":0.0,"max_hp_loss":0.0,"gold_gain":0.0,"event_name":"The Library","player_choice":"Read","floor":20.0,"gold_loss":0.0,"damage_taken":0.0,"cards_obtained":["Heel Hook"]},{"damage_healed":0.0,"max_hp_gain":0.0,"max_hp_loss":0.0,"gold_gain":0.0,"event_name":"Ghosts","player_choice":"Ignored","floor":22.0,"gold_loss":0.0,"damage_taken":0.0},{"damage_healed":0.0,"max_hp_gain":0.0,"max_hp_loss":0.0,"gold_gain":0.0,"event_name":"Back to Basics","player_choice":"Simplicity","floor":24.0,"gold_loss":0.0,"damage_taken":0.0,"cards_upgraded":["Strike_G","Strike_G","Strike_G","Strike_G","Defend_G","Defend_G","Defend_G","Defend_G"]}],"is_beta":false,"boss_relics":[{"not_picked":["Runic Pyramid","Runic Dome"],"picked":"Tiny House"}],"items_purged_floors":[21],"is_endless":false,"potions_floor_spawned":[1,11,12,18,23,30],"killed_by":"Collector","ascension_level":20}