{"gold_per_floor":[114,127,127,52,70,70,70,104,104,104,104,104,4,24,24,99,99,113,38,38,52,52,52,78,95,95,124,124,141,141,141,141,218,218,229,104,182,193,193,193,193,209,209,241,241,270,284,299,299,299,299],"floor_reached":51,"playtime":1475,"items_purged":["Strike_R","Strike_R","Dropkick"],"score":1432,"play_id":"488235b0-f8dc-4975-967b-9f526e11071f","local_time":"20190413021339","is_ascension_mode":true,"campfire_choices":[{"data":"Blood for Blood","floor":7.0,"key":"SMITH"},{"data":"Body Slam","floor":10.0,"key":"SMITH"},{"data":"Bash","floor":12.0,"key":"SMITH"},{"data":"Shrug It Off","floor":15.0,"key":"SMITH"},{"floor":23.0,"key":"REST"},{"data":"Demon Form","floor":28.0,"key":"SMITH"},{"data":"Uppercut","floor":30.0,"key":"SMITH"},{"data":"Uppercut","floor":32.0,"key":"SMITH"},{"data":"Bludgeon","floor":40.0,"key":"SMITH"},{"floor":45.0,"key":"REST"},{"floor":49.0,"key":"RECALL"}],"neow_cost":"NONE","seed_source_timestamp":93635171551900,"circlet_count":0,"master_deck":["AscendersBane","Defend_R","Defend_R+1","Defend_R+1","Bash+1","Blood for Blood+1","Shrug It Off+1","Body Slam+1","Power Through","Impervious+1","Uppercut+1","Uppercut+1","Berserk","Bludgeon+1","Disarm","Flame Barrier+1"],"special_seed":0,"relics":["Burning Blood","Calipers","Juzu Bracelet","Champion Belt","Snecko Eye","Bottled Flame","Ginger","Bottled Lightning","Runic Cube","Bronze Scales","War Paint","Art of War"],"potions_floor_usage":[51],"damage_taken":[{"damage":10.0,"enemies":"Small Slimes","floor":1.0,"turns":3.0},{"damage":7.0,"enemies":"Cultist","floor":2.0,"turns":4.0},{"damage":6.0,"enemies":"2 Louse","floor":5.0,"turns":3.0},{"damage":31.0,"enemies":"Gremlin Nob","floor":8.0,"turns":4.0},{"damage":8.0,"enemies":"Large Slime","floor":14.0,"turns":5.0},{"damage":27.0,"enemies":"The Guardian","floor":16.0,"turns":11.0},{"damage":16.0,"enemies":"Spheric Guardian","floor":18.0,"turns":6.0},{"damage":6.0,"enemies":"2 Thieves","floor":21.0,"turns":3.0},{"damage":7.0,"enemies":"Book of Stabbing","floor":24.0,"turns":5.0},{"damage":0.0,"enemies":"3 Cultists","floor":25.0,"turns":3.0},{"damage":17.0,"enemies":"Slavers","floor":27.0,"turns":4.0},{"damage":0.0,"enemies":"Snake Plant","floor":29.0,"turns":2.0},{"damage":46.0,"enemies":"Champ","floor":33.0,"turns":10.0},{"damage":0.0,"enemies":"3 Shapes","floor":35.0,"turns":6.0},{"damage":21.0,"enemies":"3 Darklings","floor":38.0,"turns":5.0},{"damage":7.0,"enemies":"Transient","floor":42.0,"turns":6.0},{"damage":45.0,"enemies":"Reptomancer","floor":44.0,"turns":5.0},{"damage":0.0,"enemies":"Nemesis","floor":46.0,"turns":3.0},{"damage":1.0,"enemies":"Jaw Worm Horde","floor":47.0,"turns":4.0},{"damage":4.0,"enemies":"3 Darklings","floor":48.0,"turns":3.0},{"damage":37,"enemies":"Donu and Deca","floor":50,"turns":10},{"damage":25,"enemies":"Awakened One","floor":51,"turns":11}],"seed_played":"7605317457498517757","potions_obtained":[{"floor":0.0,"key":"GamblersBrew"},{"floor":0.0,"key":"FairyPotion"},{"floor":8.0,"key":"Block Potion"},{"floor":21.0,"key":"FearPotion"},{"floor":25.0,"key":"Ancient Potion"},{"floor":33.0,"key":"Weak Potion"},{"floor":38.0,"key":"Ancient Potion"},{"floor":42.0,"key":"PowerPotion"},{"floor":48.0,"key":"EssenceOfSteel"}],"is_trial":false,"path_per_floor":["M","M","?","$","M","?","R","E","T","R","?","R","$","M","R","B",null,"M","?","?","M","?","R","E","M","T","E","R","M","R","?","R","B",null,"M","$","T","M","?","R","?","M","T","E","R","E","M","M","R","B","B"],"character_chosen":"IRONCLAD","items_purchased":[],"campfire_rested":2,"item_purchase_floors":[],"current_hp_per_floor":[64,63,63,63,63,68,68,43,43,43,39,39,39,37,37,16,64,54,54,54,54,31,56,55,61,61,50,50,56,56,56,56,16,68,74,74,74,59,59,59,59,58,58,19,44,50,55,57,57,26,1],"gold":299,"neow_bonus":"THREE_SMALL_POTIONS","is_prod":false,"is_daily":false,"chose_seed":false,"campfire_upgraded":8,"win_rate":0,"timestamp":1555089219,"path_taken":["M","M","?","?","M","?","R","E","T","R","?","R","$","M","R","BOSS","M","?","?","M","?","R","E","M","T","E","R","M","R","?","R","BOSS","M","$","?","M","?","R","?","M","T","E","R","E","M","M","R","BOSS","BOSS"],"build_version":"2019-01-23","purchased_purges":3,"victory":false,"max_hp_per_floor":[75,75,75,75,75,80,80,80,80,80,80,80,80,80,80,80,80,80,80,80,80,85,85,85,85,85,85,85,85,85,85,85,85,85,85,85,85,85,85,85,85,85,85,85,85,85,85,85,85,85,85],"card_choices":[{"not_picked":["Heavy Blade","Uppercut"],"picked":"Blood for Blood","floor":1.0},{"not_picked":["Armaments","Wild Strike"],"picked":"Dropkick","floor":2.0},{"not_picked":["Heavy Blade","Intimidate"],"picked":"Shrug It Off","floor":5.0},{"not_picked":["Armaments","Sword Boomerang"],"picked":"Body Slam","floor":8.0},{"not_picked":["Pommel Strike","Warcry"],"picked":"Power Through","floor":14.0},{"not_picked":["Reaper","Immolate"],"picked":"Impervious","floor":16.0},{"not_picked":["Pommel Strike","Burning Pact"],"picked":"Uppercut","floor":18.0},{"not_picked":["Havoc","Body Slam","Dropkick"],"picked":"SKIP","floor":21.0},{"not_picked":["Wild Strike","Cleave","Uppercut"],"picked":"SKIP","floor":24.0},{"not_picked":["Havoc","Body Slam","Warcry"],"picked":"SKIP","floor":25.0},{"not_picked":["Body Slam","Wild Strike+1"],"picked":"Demon Form","floor":27.0},{"not_picked":["Iron Wave","Ghostly Armor","Perfected Strike"],"picked":"SKIP","floor":29.0},{"not_picked":["Juggernaut","Limit Break"],"picked":"Bludgeon","floor":33.0},{"not_picked":["Evolve","Flex"],"picked":"Disarm","floor":35.0},{"not_picked":["Cleave+1","Flex+1","Heavy Blade"],"picked":"SKIP","floor":38.0},{"not_picked":["Twin Strike","Sword Boomerang","Clothesline"],"picked":"SKIP","floor":42.0},{"not_picked":["Anger","Feel No Pain"],"picked":"Flame Barrier+1","floor":44.0},{"not_picked":["Rage","Entrench+1","Body Slam+1"],"picked":"SKIP","floor":46.0},{"not_picked":["Evolve+1","Sentinel","Spot Weakness"],"picked":"SKIP","floor":47.0},{"not_picked":["Clash","Flex","Iron Wave"],"picked":"SKIP","floor":48.0}],"player_experience":4769485,"relics_obtained":[{"floor":8.0,"key":"Juzu Bracelet"},{"floor":9.0,"key":"Champion Belt"},{"floor":24.0,"key":"Bottled Flame"},{"floor":26.0,"key":"Ginger"},{"floor":27.0,"key":"Bottled Lightning"},{"floor":43.0,"key":"Bronze Scales"},{"floor":44.0,"key":"War Paint"},{"floor":46.0,"key":"Art of War"}],"event_choices":[{"damage_healed":0.0,"max_hp_gain":0.0,"max_hp_loss":0.0,"gold_gain":0.0,"event_name":"WeMeetAgain","player_choice":"Gave Potion","floor":3.0,"gold_loss":0.0,"damage_taken":0.0,"relics_obtained":["Calipers"]},{"damage_healed":0.0,"max_hp_gain":5.0,"max_hp_loss":0.0,"gold_gain":0.0,"event_name":"Big Fish","player_choice":"Donut","floor":6.0,"gold_loss":0.0,"damage_taken":0.0},{"damage_healed":0.0,"max_hp_gain":0.0,"max_hp_loss":0.0,"gold_gain":0.0,"event_name":"The Woman in Blue","player_choice":"Bought 0 Potions","floor":11.0,"gold_loss":0.0,"damage_taken":0.0},{"cards_removed":["Strike_R"],"damage_healed":0.0,"max_hp_gain":0.0,"max_hp_loss":0.0,"gold_gain":0.0,"event_name":"Beggar","player_choice":"Gave Gold","floor":19.0,"gold_loss":75.0,"damage_taken":0.0},{"damage_healed":0.0,"max_hp_gain":0.0,"max_hp_loss":0.0,"gold_gain":0.0,"cards_transformed":["Strike_R","Defend_R"],"event_name":"Drug Dealer","player_choice":"Became Test Subject","floor":20.0,"gold_loss":0.0,"damage_taken":0.0,"cards_obtained":["Uppercut","Berserk"]},{"damage_healed":0.0,"max_hp_gain":5.0,"max_hp_loss":0.0,"gold_gain":0.0,"event_name":"Forgotten Altar","player_choice":"Shed Blood","floor":22.0,"gold_loss":0.0,"damage_taken":28.0},{"cards_removed":["Strike_R"],"damage_healed":0.0,"max_hp_gain":0.0,"max_hp_loss":0.0,"gold_gain":0.0,"event_name":"Purifier","player_choice":"Purged","floor":31.0,"gold_loss":0.0,"damage_taken":0.0},{"cards_removed":["Demon Form"],"damage_healed":0.0,"max_hp_gain":0.0,"max_hp_loss":0.0,"gold_gain":0.0,"event_name":"Falling","player_choice":"Removed Power","floor":39.0,"gold_loss":0.0,"damage_taken":0.0},{"damage_healed":0.0,"max_hp_gain":0.0,"max_hp_loss":0.0,"gold_gain":0.0,"event_name":"Upgrade Shrine","player_choice":"Upgraded","floor":41.0,"gold_loss":0.0,"damage_taken":0.0,"cards_upgraded":["Impervious"]}],"is_beta":false,"boss_relics":[{"not_picked":["Cursed Key","Ectoplasm"],"picked":"Snecko Eye"},{"not_picked":["Coffee Dripper","Runic Pyramid"],"picked":"Runic Cube"}],"items_purged_floors":[4,13,36],"is_endless":false,"potions_floor_spawned":[8,21,25,33,38,42,48],"killed_by":"Awakened One","ascension_level":20}