{"gold_per_floor":[111,123,140,157,168,202,202,232,232,266,279,314,333,350,350,423,423,434,388,388,407,93,93,122,122,122,154,154,186,4,20,20,97,97,108,159,31,49,64,97,35,64,110,121,150,150,162,190,190,190,190,190,190,16,48,48],"floor_reached":56,"playtime":2428,"items_purged":["Defend_R","Defend_R"],"score":2118,"play_id":"bb0fb912-30b7-4453-b9b1-2f02fbfb5f79","local_time":"20190511033616","is_ascension_mode":true,"campfire_choices":[{"data":"Inflame","floor":7.0,"key":"SMITH"},{"data":"Armaments","floor":15.0,"key":"SMITH"},{"data":"Defend_R","floor":23.0,"key":"PURGE"},{"data":"Bite","floor":25.0,"key":"PURGE"},{"data":"Shrug It Off","floor":32.0,"key":"SMITH"},{"floor":49.0,"key":"RECALL"},{"data":"Bite","floor":53.0,"key":"PURGE"}],"neow_cost":"","seed_source_timestamp":455632289340700,"circlet_count":0,"master_deck":["Bite","Bite","Bite","Defend_R","Bash","Spot Weakness","Shockwave","Metallicize","Metallicize","Inflame+1","Shrug It Off+1","Armaments+1","Double Tap","Impervious","Bloodletting+1","Dropkick","Disarm","Feed","Metallicize","Battle Trance","Dropkick","True Grit"],"special_seed":0,"relics":["Burning Blood","Magic Flower","Peace Pipe","Gambling Chip","Shuriken","The Courier","Question Card","Busted Crown","Happy Flower","Vajra","Dream Catcher","Bag of Preparation","Letter Opener","Mummified Hand","Tiny Chest","Philosopher\u0027s Stone","Mango","Lantern","Red Skull","Art of War","Bronze Scales","Medical Kit","Centennial Puzzle"],"potions_floor_usage":[56,56],"damage_taken":[{"damage":6.0,"enemies":"Cultist","floor":1.0,"turns":3.0},{"damage":0.0,"enemies":"2 Louse","floor":2.0,"turns":2.0},{"damage":20.0,"enemies":"Small Slimes","floor":3.0,"turns":3.0},{"damage":26.0,"enemies":"Blue Slaver","floor":4.0,"turns":3.0},{"damage":6.0,"enemies":"2 Fungi Beasts","floor":5.0,"turns":3.0},{"damage":54.0,"enemies":"Gremlin Nob","floor":6.0,"turns":5.0},{"damage":24.0,"enemies":"Lagavulin","floor":8.0,"turns":5.0},{"damage":32.0,"enemies":"3 Sentries","floor":10.0,"turns":8.0},{"damage":16.0,"enemies":"Looter","floor":11.0,"turns":3.0},{"damage":36.0,"enemies":"Gremlin Nob","floor":12.0,"turns":4.0},{"damage":14.0,"enemies":"Exordium Wildlife","floor":13.0,"turns":5.0},{"damage":18.0,"enemies":"Gremlin Gang","floor":14.0,"turns":5.0},{"damage":77.0,"enemies":"Slime Boss","floor":16.0,"turns":11.0},{"damage":21.0,"enemies":"Shell Parasite","floor":18.0,"turns":5.0},{"damage":32.0,"enemies":"2 Thieves","floor":19.0,"turns":5.0},{"damage":19.0,"enemies":"Shelled Parasite and Fungi","floor":21.0,"turns":7.0},{"damage":31.0,"enemies":"Gremlin Leader","floor":24.0,"turns":6.0},{"damage":18.0,"enemies":"Book of Stabbing","floor":27.0,"turns":5.0},{"damage":28.0,"enemies":"Gremlin Leader","floor":29.0,"turns":7.0},{"damage":3.0,"enemies":"Snecko","floor":31.0,"turns":4.0},{"damage":39.0,"enemies":"Collector","floor":33.0,"turns":7.0},{"damage":15.0,"enemies":"3 Shapes","floor":35.0,"turns":3.0},{"damage":41.0,"enemies":"2 Orb Walkers","floor":36.0,"turns":5.0},{"damage":23.0,"enemies":"Orb Walker","floor":38.0,"turns":6.0},{"damage":29.0,"enemies":"Spire Growth","floor":39.0,"turns":6.0},{"damage":96.0,"enemies":"Nemesis","floor":40.0,"turns":7.0},{"damage":13.0,"enemies":"Giant Head","floor":42.0,"turns":5.0},{"damage":21.0,"enemies":"Maw","floor":44.0,"turns":8.0},{"damage":14.0,"enemies":"Reptomancer","floor":45.0,"turns":5.0},{"damage":26.0,"enemies":"3 Darklings","floor":47.0,"turns":7.0},{"damage":17.0,"enemies":"Giant Head","floor":48.0,"turns":6.0},{"damage":85.0,"enemies":"Awakened One","floor":50.0,"turns":10.0},{"damage":108.0,"enemies":"Time Eater","floor":51.0,"turns":10.0},{"damage":134.0,"enemies":"Shield and Spear","floor":55.0,"turns":6.0},{"damage":98,"enemies":"The Heart","floor":56,"turns":6}],"seed_played":"5516995072236934882","potions_obtained":[{"floor":1.0,"key":"Poison Potion"},{"floor":6.0,"key":"Dexterity Potion"},{"floor":8.0,"key":"Explosive Potion"},{"floor":10.0,"key":"Dexterity Potion"},{"floor":21.0,"key":"PowerPotion"},{"floor":38.0,"key":"Regen Potion"}],"is_trial":true,"path_per_floor":["M","M","M","M","M","E","R","E","T","E","M","E","M","M","R","B",null,"M","M","?","M","$","R","E","R","T","E","?","E","$","M","R","B",null,"M","?","$","M","M","E","$","E","T","M","E","?","M","E","R","B","B",null,"R","$","E","B"],"character_chosen":"IRONCLAD","items_purchased":["Happy Flower","Vajra","Tiny Chest","Metallicize","Battle Trance","Dropkick","Medical Kit"],"campfire_rested":0,"item_purchase_floors":[22,22,30,37,37,41,54],"current_hp_per_floor":[75,75,73,64,75,45,45,57,57,67,75,54,75,75,75,51,69,75,75,71,75,75,75,75,75,75,75,75,75,75,75,75,75,75,79,80,80,80,99,44,44,89,89,112,116,110,114,115,115,105,50,107,107,107,22,0],"gold":48,"neow_bonus":"","is_prod":false,"is_daily":false,"chose_seed":false,"campfire_upgraded":3,"win_rate":0,"timestamp":1557513376,"path_taken":["M","M","?","M","M","E","R","E","T","E","M","E","M","M","R","BOSS","M","M","?","?","$","R","E","R","T","E","?","E","$","M","R","BOSS","M","?","$","M","M","E","$","E","T","M","E","?","M","E","R","BOSS","BOSS","R","$","E","BOSS"],"build_version":"2019-01-23","purchased_purges":2,"victory":false,"max_hp_per_floor":[75,75,75,75,75,75,75,75,75,75,75,75,75,75,75,75,75,75,75,75,75,75,75,75,75,75,75,75,75,75,75,75,75,75,79,96,96,100,104,104,104,108,108,112,116,110,114,118,118,122,126,126,126,126,130,130],"card_choices":[{"not_picked":["True Grit","Pommel Strike","Iron Wave"],"picked":"SKIP","floor":1.0},{"not_picked":["Perfected Strike","Bloodletting","Spot Weakness"],"picked":"SKIP","floor":2.0},{"not_picked":["Perfected Strike","Bloodletting"],"picked":"Spot Weakness","floor":2.0},{"not_picked":["Anger","Clash"],"picked":"Shockwave","floor":3.0},{"not_picked":["Blood for Blood","Iron Wave"],"picked":"Metallicize","floor":4.0},{"not_picked":["True Grit","Uppercut"],"picked":"Metallicize","floor":5.0},{"not_picked":["Cleave","Rampage"],"picked":"Inflame","floor":6.0},{"not_picked":["Body Slam","Carnage","Pommel Strike"],"picked":"SKIP","floor":8.0},{"not_picked":["Dark Embrace","Warcry","Anger"],"picked":"SKIP","floor":10.0},{"not_picked":["Entrench","Iron Wave"],"picked":"Shrug It Off","floor":11.0},{"not_picked":["Cleave","Sword Boomerang","Bloodletting"],"picked":"SKIP","floor":12.0},{"not_picked":["Clash","Iron Wave","Perfected Strike"],"picked":"Armaments","floor":13.0},{"not_picked":["Perfected Strike","Thunderclap","Spot Weakness"],"picked":"Double Tap","floor":14.0},{"not_picked":["Juggernaut","Immolate","Dark Embrace"],"picked":"Impervious","floor":16.0},{"not_picked":["Thunderclap","Pommel Strike"],"picked":"SKIP","floor":18.0},{"not_picked":["Twin Strike","Sever Soul"],"picked":"SKIP","floor":19.0},{"not_picked":["Warcry","Fiend Fire"],"picked":"SKIP","floor":21.0},{"not_picked":["Seeing Red","Rupture"],"picked":"SKIP","floor":24.0},{"not_picked":["Intimidate"],"picked":"Bloodletting+1","floor":27.0},{"not_picked":["Anger"],"picked":"Dropkick","floor":29.0},{"not_picked":["Twin Strike"],"picked":"Disarm","floor":31.0},{"not_picked":["Juggernaut"],"picked":"Feed","floor":33.0},{"not_picked":["Anger+1","Body Slam"],"picked":"SKIP","floor":35.0},{"not_picked":["Warcry","Perfected Strike"],"picked":"SKIP","floor":38.0},{"not_picked":["Thunderclap+1","Uppercut"],"picked":"SKIP","floor":39.0},{"not_picked":["Anger","Infernal Blade"],"picked":"SKIP","floor":40.0},{"not_picked":["Pommel Strike","Infernal Blade"],"picked":"SKIP","floor":42.0},{"not_picked":["Dual Wield","Flame Barrier"],"picked":"SKIP","floor":44.0},{"not_picked":["Cleave+1","Pommel Strike+1"],"picked":"SKIP","floor":45.0},{"not_picked":["Flame Barrier"],"picked":"True Grit","floor":47.0},{"not_picked":["Dropkick+1","Fire Breathing"],"picked":"SKIP","floor":48.0},{"not_picked":["Twin Strike","Combust"],"picked":"SKIP","floor":55.0}],"player_experience":4981290,"relics_obtained":[{"floor":6.0,"key":"Peace Pipe"},{"floor":8.0,"key":"Gambling Chip"},{"floor":9.0,"key":"Shuriken"},{"floor":10.0,"key":"The Courier"},{"floor":12.0,"key":"Question Card"},{"floor":24.0,"key":"Dream Catcher"},{"floor":26.0,"key":"Bag of Preparation"},{"floor":27.0,"key":"Letter Opener"},{"floor":29.0,"key":"Mummified Hand"},{"floor":36.0,"key":"Mango"},{"floor":40.0,"key":"Lantern"},{"floor":42.0,"key":"Red Skull"},{"floor":45.0,"key":"Art of War"},{"floor":48.0,"key":"Bronze Scales"},{"floor":55.0,"key":"Centennial Puzzle"}],"event_choices":[{"damage_healed":0.0,"max_hp_gain":0.0,"max_hp_loss":0.0,"gold_gain":0.0,"event_name":"The Woman in Blue","player_choice":"Bought 0 Potions","floor":20.0,"gold_loss":0.0,"damage_taken":0.0},{"damage_healed":0.0,"max_hp_gain":0.0,"max_hp_loss":0.0,"gold_gain":0.0,"event_name":"Vampires","player_choice":"Ignored","floor":28.0,"gold_loss":0.0,"damage_taken":0.0},{"damage_healed":0.0,"max_hp_gain":0.0,"max_hp_loss":0.0,"gold_gain":0.0,"event_name":"Mysterious Sphere","player_choice":"Fight","floor":36.0,"gold_loss":0.0,"damage_taken":0.0},{"damage_healed":0.0,"max_hp_gain":0.0,"max_hp_loss":6.0,"gold_gain":0.0,"event_name":"Winding Halls","player_choice":"Max HP","floor":46.0,"gold_loss":0.0,"damage_taken":0.0}],"is_beta":false,"boss_relics":[{"not_picked":["Astrolabe","Empty Cage"],"picked":"Busted Crown"},{"not_picked":["Snecko Eye","Velvet Choker"],"picked":"Philosopher\u0027s Stone"}],"items_purged_floors":[22,30],"is_endless":false,"potions_floor_spawned":[1,6,8,10,11,13,14,21,29,33,38,40,42,47,48],"killed_by":"The Heart","ascension_level":20}