{"gold_per_floor":[19,39,53,53,71,71,84,118,141,141,176,176,189,204,204,278,278,295,210,210,228,11,11],"floor_reached":23,"playtime":667,"items_purged":[],"score":456,"play_id":"6a6a3d5d-4c59-4844-8e31-dffc74b4683d","local_time":"20190707235542","is_ascension_mode":true,"campfire_choices":[{"data":"Dualcast","floor":6,"key":"SMITH"},{"data":"Buffer","floor":10,"key":"SMITH"},{"data":"Conserve Battery","floor":12,"key":"SMITH"},{"data":"Hologram","floor":15,"key":"SMITH"}],"neow_cost":"NO_GOLD","seed_source_timestamp":435595288529600,"circlet_count":0,"master_deck":["AscendersBane","Strike_B","Strike_B","Strike_B","Defend_B","Defend_B","Defend_B","Zap","Dualcast+1","Conserve Battery+1","Tempest","Sweeping Beam","Melter","Buffer+1","Capacitor","Ball Lightning","Cold Snap","Hologram+1","Electrodynamics","Loop+1","Conserve Battery+1","Multi-Cast"],"relics":["Cracked Core","Blood Vial","Vajra","Happy Flower","Velvet Choker","Juzu Bracelet","Runic Capacitor"],"potions_floor_usage":[5,7,8,16,16,16,21,23],"damage_taken":[{"damage":9,"enemies":"Jaw Worm","floor":1,"turns":4},{"damage":1,"enemies":"Cultist","floor":2,"turns":3},{"damage":5,"enemies":"Small Slimes","floor":3,"turns":4},{"damage":5,"enemies":"Gremlin Gang","floor":5,"turns":2},{"damage":2,"enemies":"Lots of Slimes","floor":7,"turns":2},{"damage":0,"enemies":"Lagavulin","floor":8,"turns":5},{"damage":11,"enemies":"Gremlin Nob","floor":11,"turns":4},{"damage":8,"enemies":"Large Slime","floor":13,"turns":5},{"damage":9,"enemies":"Red Slaver","floor":14,"turns":4},{"damage":12,"enemies":"Slime Boss","floor":16,"turns":7},{"damage":4,"enemies":"3 Byrds","floor":18,"turns":4},{"damage":0,"enemies":"2 Thieves","floor":21,"turns":4},{"damage":63,"enemies":"Book of Stabbing","floor":23,"turns":5}],"seed_played":"5561256357062300400","potions_obtained":[{"floor":4,"key":"Explosive Potion"},{"floor":4,"key":"Energy Potion"},{"floor":5,"key":"Explosive Potion"},{"floor":7,"key":"AttackPotion"},{"floor":13,"key":"Strength Potion"},{"floor":14,"key":"EntropicBrew"},{"floor":18,"key":"Weak Potion"}],"is_trial":false,"path_per_floor":["M","M","M","?","M","R","M","E","T","R","E","R","M","M","R","B",null,"M","?","?","M","$","E"],"character_chosen":"DEFECT","items_purchased":["Runic Capacitor"],"campfire_rested":0,"item_purchase_floors":[22],"current_hp_per_floor":[55,54,49,49,44,44,42,42,42,42,33,33,27,20,20,10,56,54,54,54,56,56,0],"gold":11,"neow_bonus":"REMOVE_TWO","is_prod":false,"is_daily":false,"chose_seed":false,"campfire_upgraded":4,"win_rate":0,"timestamp":1562511342,"path_taken":["M","M","M","?","M","R","M","E","T","R","E","R","M","M","R","BOSS","M","?","?","M","$","E"],"build_version":"2019-07-05","purchased_purges":0,"victory":false,"max_hp_per_floor":[71,71,71,71,71,71,71,71,71,71,71,71,71,71,71,71,71,71,71,71,71,71,71],"card_choices":[{"not_picked":["Steam","Compile Driver"],"picked":"Conserve Battery","floor":1},{"not_picked":["Stack","Coolheaded"],"picked":"Tempest","floor":2},{"not_picked":["Cold Snap","Auto Shields"],"picked":"Sweeping Beam","floor":3},{"not_picked":["Steam","Cold Snap"],"picked":"Melter","floor":5},{"not_picked":["Aggregate","Skim"],"picked":"Buffer","floor":7},{"not_picked":["Compile Driver","Streamline"],"picked":"Capacitor","floor":8},{"not_picked":["Capacitor","Hello World"],"picked":"Ball Lightning","floor":11},{"not_picked":["Cold Snap","Gash","Go for the Eyes"],"picked":"SKIP","floor":13},{"not_picked":["Gash","Go for the Eyes"],"picked":"Cold Snap","floor":13},{"not_picked":["Coolheaded","Stack"],"picked":"Hologram","floor":14},{"not_picked":["Echo Form","Biased Cognition"],"picked":"Electrodynamics","floor":16},{"not_picked":["Rebound","Ball Lightning"],"picked":"Loop+1","floor":18},{"not_picked":["Compile Driver+1","Redo+1"],"picked":"Multi-Cast","floor":21}],"player_experience":5608471,"relics_obtained":[{"floor":8,"key":"Blood Vial"},{"floor":9,"key":"Vajra"},{"floor":11,"key":"Happy Flower"}],"event_choices":[{"damage_healed":0,"gold_gain":0,"player_choice":"Got Potions","damage_taken":0,"max_hp_gain":0,"max_hp_loss":0,"event_name":"Lab","floor":4,"gold_loss":0},{"damage_healed":0,"gold_gain":0,"player_choice":"Obtained Relic","damage_taken":0,"relics_obtained":["Juzu Bracelet"],"max_hp_gain":0,"max_hp_loss":0,"event_name":"Addict","floor":19,"gold_loss":85},{"damage_healed":0,"gold_gain":0,"player_choice":"Copied","damage_taken":0,"max_hp_gain":0,"max_hp_loss":0,"event_name":"Duplicator","floor":20,"gold_loss":0,"cards_obtained":["Conserve Battery"]}],"is_beta":false,"boss_relics":[{"not_picked":["Cursed Key","Lizard Tail"],"picked":"Velvet Choker"}],"items_purged_floors":[],"is_endless":false,"potions_floor_spawned":[5,7,13,14,18],"killed_by":"Book of Stabbing","ascension_level":20}