{"gold_per_floor":[13,26,26,44,55,90,90,90,167,167,201,216,235,249,249,326,326,341,359,373,143,158,158,158,158,181,181,20,31,31,47,47,124,124,134,409,140,152,172,172,203,203,280,315,265,265,298,310,310,310,310,310,310,41,76,76],"floor_reached":56,"playtime":2492,"items_purged":["Strike_B","Defend_B+1","Defend_B+1","Strike_B+1","Strike_B+1"],"score":2123,"play_id":"58d7d108-2bc1-49b8-905d-793d4a74bccb","local_time":"20190620005530","is_ascension_mode":true,"campfire_choices":[{"data":"Ball Lightning","floor":7.0,"key":"SMITH"},{"data":"Zap","floor":10.0,"key":"SMITH"},{"data":"Fusion","floor":15.0,"key":"SMITH"},{"data":"Creative AI","floor":23.0,"key":"SMITH"},{"data":"Coolheaded","floor":25.0,"key":"SMITH"},{"data":"Hologram","floor":27.0,"key":"SMITH"},{"floor":30.0,"key":"REST"},{"data":"Consume","floor":32.0,"key":"SMITH"},{"floor":40.0,"key":"RECALL"},{"floor":42.0,"key":"REST"},{"floor":46.0,"key":"REST"},{"floor":49.0,"key":"REST"},{"floor":53.0,"key":"REST"}],"neow_cost":"NO_GOLD","seed_source_timestamp":106397564973600,"circlet_count":0,"master_deck":["AscendersBane","Defend_B+1","Defend_B+1","Zap+1","Dualcast","Dark Shackles","Secret Technique","Barrage","FTL","Coolheaded+1","Ball Lightning+1","Capacitor","Fusion+1","Ball Lightning","Glacier","Core Surge","Conserve Battery+1","Hologram+1","Creative AI+1","Electrodynamics","Undo","Cold Snap","Beam Cell+1","Consume+1","Seek","Biased Cognition","BootSequence","Coolheaded+1","Hologram","Static Discharge+1"],"special_seed":0,"relics":["Cracked Core","Prayer Wheel","Meat on the Bone","Omamori","Inserter","Smiling Mask","Fusion Hammer","OrangePellets","Incense Burner","Oddly Smooth Stone","Art of War","Lantern","Ornamental Fan"],"potions_floor_usage":[56],"damage_taken":[{"damage":0.0,"enemies":"Small Slimes","floor":1.0,"turns":3.0},{"damage":7.0,"enemies":"Jaw Worm","floor":2.0,"turns":3.0},{"damage":0.0,"enemies":"Cultist","floor":4.0,"turns":3.0},{"damage":4.0,"enemies":"Looter","floor":5.0,"turns":4.0},{"damage":20.0,"enemies":"3 Sentries","floor":6.0,"turns":7.0},{"damage":30.0,"enemies":"Gremlin Nob","floor":11.0,"turns":4.0},{"damage":9.0,"enemies":"Exordium Thugs","floor":12.0,"turns":4.0},{"damage":17.0,"enemies":"Lots of Slimes","floor":13.0,"turns":4.0},{"damage":2.0,"enemies":"Large Slime","floor":14.0,"turns":5.0},{"damage":0.0,"enemies":"Hexaghost","floor":16.0,"turns":9.0},{"damage":0.0,"enemies":"3 Byrds","floor":18.0,"turns":5.0},{"damage":17.0,"enemies":"Spheric Guardian","floor":19.0,"turns":4.0},{"damage":9.0,"enemies":"Snecko","floor":20.0,"turns":6.0},{"damage":35.0,"enemies":"Shelled Parasite and Fungi","floor":22.0,"turns":8.0},{"damage":6.0,"enemies":"Sentry and Sphere","floor":29.0,"turns":7.0},{"damage":3.0,"enemies":"3 Cultists","floor":31.0,"turns":6.0},{"damage":42.0,"enemies":"Collector","floor":33.0,"turns":11.0},{"damage":33.0,"enemies":"3 Darklings","floor":35.0,"turns":3.0},{"damage":9.0,"enemies":"3 Shapes","floor":38.0,"turns":6.0},{"damage":1.0,"enemies":"Sphere and 2 Shapes","floor":39.0,"turns":5.0},{"damage":3.0,"enemies":"Nemesis","floor":41.0,"turns":9.0},{"damage":12.0,"enemies":"Giant Head","floor":44.0,"turns":10.0},{"damage":0.0,"enemies":"Reptomancer","floor":47.0,"turns":6.0},{"damage":0.0,"enemies":"Spire Growth","floor":48.0,"turns":5.0},{"damage":4.0,"enemies":"Awakened One","floor":50.0,"turns":19.0},{"damage":0.0,"enemies":"Time Eater","floor":51.0,"turns":16.0},{"damage":24.0,"enemies":"Shield and Spear","floor":55.0,"turns":5.0},{"damage":54,"enemies":"The Heart","floor":56,"turns":6}],"seed_played":"1854140170377799932","potions_obtained":[{"floor":4.0,"key":"Block Potion"},{"floor":6.0,"key":"SneckoOil"},{"floor":11.0,"key":"Fire Potion"},{"floor":13.0,"key":"PowerPotion"},{"floor":14.0,"key":"Fire Potion"},{"floor":16.0,"key":"SkillPotion"},{"floor":18.0,"key":"Regen Potion"},{"floor":22.0,"key":"Explosive Potion"},{"floor":29.0,"key":"Strength Potion"},{"floor":35.0,"key":"Dexterity Potion"},{"floor":39.0,"key":"GamblersBrew"},{"floor":47.0,"key":"Swift Potion"}],"is_trial":false,"path_per_floor":["M","M","?","M","M","E","R","?","T","R","E","M","M","M","R","B",null,"M","M","M","$","M","R","?","R","T","R","$","M","R","M","R","B",null,"M","?","$","M","M","R","E","R","T","E","$","R","E","M","R","B","B",null,"R","$","E","B"],"character_chosen":"DEFECT","items_purchased":["Creative AI","Undo","Cold Snap","OrangePellets","SpeedPotion","Lantern"],"campfire_rested":5,"item_purchase_floors":[21,28,28,37,54,54],"current_hp_per_floor":[64,57,57,57,53,33,33,33,33,33,15,18,13,23,23,35,62,62,45,50,50,27,27,27,27,27,27,27,33,54,51,51,21,59,38,38,38,41,40,40,37,58,58,46,46,67,67,67,71,67,67,70,71,71,47,0],"gold":76,"neow_bonus":"RANDOM_COLORLESS_2","is_prod":false,"is_daily":false,"chose_seed":false,"campfire_upgraded":7,"win_rate":0,"timestamp":1560959730,"path_taken":["M","M","?","M","M","E","R","?","T","R","E","M","M","M","R","BOSS","M","M","M","$","M","R","?","R","T","R","$","M","R","M","R","BOSS","M","?","?","M","?","R","E","R","T","E","$","R","E","M","R","BOSS","BOSS","R","$","E","BOSS"],"build_version":"2019-01-23","purchased_purges":5,"victory":false,"max_hp_per_floor":[71,71,71,71,71,71,71,71,71,71,71,71,71,71,71,71,71,71,71,71,71,71,71,71,71,71,71,71,71,71,71,71,71,71,71,71,71,71,71,71,71,71,71,71,71,71,71,71,71,71,71,71,71,71,71,71],"card_choices":[{"not_picked":["Recycle","Turbo"],"picked":"Barrage","floor":1.0},{"not_picked":["Steam","Ball Lightning"],"picked":"FTL","floor":2.0},{"not_picked":["Double Energy","Turbo"],"picked":"Coolheaded","floor":4.0},{"not_picked":["Tempest","Sweeping Beam"],"picked":"Ball Lightning","floor":5.0},{"not_picked":["Reprogram","Machine Learning","Storm"],"picked":"SKIP","floor":6.0},{"not_picked":["Coolheaded","Rainbow"],"picked":"Capacitor","floor":11.0},{"not_picked":["Compile Driver","Gash"],"picked":"Fusion","floor":12.0},{"not_picked":["Compile Driver","Redo","Beam Cell"],"picked":"SKIP","floor":12.0},{"not_picked":["Reprogram","Compile Driver"],"picked":"Ball Lightning","floor":13.0},{"not_picked":["Skim","Hologram"],"picked":"Glacier","floor":13.0},{"not_picked":["Aggregate","Barrage","Gash"],"picked":"SKIP","floor":14.0},{"not_picked":["Redo","Amplify","Barrage"],"picked":"SKIP","floor":14.0},{"not_picked":["Creative AI","Machine Learning"],"picked":"Core Surge","floor":16.0},{"not_picked":["Double Energy","Rip and Tear"],"picked":"Conserve Battery+1","floor":18.0},{"not_picked":["Cold Snap","Streamline","Rip and Tear"],"picked":"SKIP","floor":18.0},{"not_picked":["Coolheaded","Steam","Stack"],"picked":"SKIP","floor":19.0},{"not_picked":["Gash+1","Sweeping Beam","Barrage"],"picked":"SKIP","floor":19.0},{"not_picked":["Auto Shields","Gash"],"picked":"Hologram","floor":20.0},{"not_picked":["Leap","Redo","Sweeping Beam"],"picked":"SKIP","floor":20.0},{"not_picked":["Coolheaded","Sweeping Beam"],"picked":"Electrodynamics","floor":22.0},{"not_picked":["Storm","Capacitor","Blizzard"],"picked":"SKIP","floor":22.0},{"not_picked":["Streamline","Compile Driver"],"picked":"Beam Cell+1","floor":29.0},{"not_picked":["Beam Cell","Conserve Battery","Hologram"],"picked":"SKIP","floor":29.0},{"not_picked":["Reinforced Body","Cold Snap"],"picked":"Consume","floor":31.0},{"not_picked":["Hologram","Gash","Ball Lightning"],"picked":"SKIP","floor":31.0},{"not_picked":["Machine Learning","Reboot"],"picked":"Seek","floor":33.0},{"not_picked":["Go for the Eyes","Leap","Hologram"],"picked":"SKIP","floor":35.0},{"not_picked":["Beam Cell","Coolheaded","Leap"],"picked":"SKIP","floor":35.0},{"not_picked":["Compile Driver+1","Gash"],"picked":"Biased Cognition","floor":38.0},{"not_picked":["Steam+1","Beam Cell+1"],"picked":"BootSequence","floor":38.0},{"not_picked":["Beam Cell","Go for the Eyes"],"picked":"Coolheaded+1","floor":39.0},{"not_picked":["Melter+1","Gash"],"picked":"Hologram","floor":39.0},{"not_picked":["Beam Cell+1","Coolheaded","Hologram"],"picked":"SKIP","floor":41.0},{"not_picked":["Self Repair","Lockon","Leap"],"picked":"SKIP","floor":44.0},{"not_picked":["Coolheaded","Storm+1","Hologram"],"picked":"SKIP","floor":47.0},{"not_picked":["Rip and Tear","Conserve Battery+1"],"picked":"Static Discharge+1","floor":48.0},{"not_picked":["Fusion","Gash","Sweeping Beam"],"picked":"SKIP","floor":48.0},{"not_picked":["Blizzard+1","Scrape","Thunder Strike"],"picked":"SKIP","floor":55.0}],"player_experience":5419077,"relics_obtained":[{"floor":6.0,"key":"Prayer Wheel"},{"floor":9.0,"key":"Meat on the Bone"},{"floor":11.0,"key":"Omamori"},{"floor":26.0,"key":"Smiling Mask"},{"floor":41.0,"key":"Incense Burner"},{"floor":44.0,"key":"Oddly Smooth Stone"},{"floor":47.0,"key":"Art of War"},{"floor":55.0,"key":"Ornamental Fan"}],"event_choices":[{"damage_healed":0.0,"max_hp_gain":0.0,"max_hp_loss":0.0,"gold_gain":0.0,"event_name":"The Cleric","player_choice":"Leave","floor":3.0,"gold_loss":0.0,"damage_taken":0.0},{"cards_removed":["Strike_B"],"damage_healed":0.0,"max_hp_gain":0.0,"max_hp_loss":0.0,"gold_gain":0.0,"event_name":"Purifier","player_choice":"Purged","floor":8.0,"gold_loss":0.0,"damage_taken":0.0},{"damage_healed":0.0,"max_hp_gain":0.0,"max_hp_loss":0.0,"gold_gain":0.0,"event_name":"Back to Basics","player_choice":"Simplicity","floor":24.0,"gold_loss":0.0,"damage_taken":0.0,"cards_upgraded":["Strike_B","Strike_B","Defend_B","Defend_B","Defend_B","Defend_B"]},{"damage_healed":0.0,"max_hp_gain":0.0,"max_hp_loss":0.0,"gold_gain":275.0,"event_name":"Golden Shrine","player_choice":"Desecrate","floor":36.0,"gold_loss":0.0,"damage_taken":0.0,"cards_obtained":["Regret"]}],"is_beta":false,"boss_relics":[{"not_picked":["Empty Cage","Eternal Feather"],"picked":"Inserter"},{"not_picked":["Orrery","Velvet Choker"],"picked":"Fusion Hammer"}],"items_purged_floors":[21,28,37,45,54],"is_endless":false,"potions_floor_spawned":[4,6,11,13,14,16,18,19,22,29,35,39,47],"killed_by":"The Heart","ascension_level":20}