{"gold_per_floor":[14,14,26,42,42,105,105,120,120,149,166,166,180,180,180,301,301,319,319,333,43,68,68],"floor_reached":23,"playtime":2072,"items_purged":["Injury"],"score":233,"play_id":"89f477ac-a1b2-47ad-8aaf-f430a65c02c7","local_time":"20190319170938","is_ascension_mode":true,"campfire_choices":[{"data":"Setup","floor":7,"key":"SMITH"},{"data":"All Out Attack","floor":15,"key":"SMITH"}],"neow_cost":"NO_GOLD","seed_source_timestamp":16731411012431,"circlet_count":0,"master_deck":["Defend_G","Defend_G","Defend_G","Defend_G","Defend_G","Strike_G","Strike_G","Strike_G","Strike_G","Strike_G","Survivor","Neutralize+1","Poisoned Stab","Flechettes","Bouncing Flask","Setup+1","Prepared","Well Laid Plans","All Out Attack+1","Skewer+1","Adrenaline","Acrobatics+1","Die Die Die+1","Choke+1"],"relics":["Ring of the Snake","Bird Faced Urn","NlothsMask","Tiny Chest","Darkstone Periapt","Golden Idol","Busted Crown","Molten Egg 2","Blood Vial"],"potions_floor_usage":[6,10,22,23,23,23],"damage_taken":[{"damage":0,"enemies":"Small Slimes","floor":1,"turns":6},{"damage":1,"enemies":"Cultist","floor":3,"turns":5},{"damage":1,"enemies":"Jaw Worm","floor":4,"turns":3},{"damage":27,"enemies":"3 Sentries","floor":6,"turns":10},{"damage":9,"enemies":"Lots of Slimes","floor":8,"turns":4},{"damage":12,"enemies":"Lagavulin","floor":10,"turns":5},{"damage":0,"enemies":"Large Slime","floor":11,"turns":5},{"damage":0,"enemies":"Red Slaver","floor":13,"turns":4},{"damage":18,"enemies":"Slime Boss","floor":16,"turns":9},{"damage":14,"enemies":"Spheric Guardian","floor":18,"turns":4},{"damage":23,"enemies":"2 Thieves","floor":20,"turns":3},{"damage":23,"enemies":"Snake Plant","floor":22,"turns":5},{"damage":28,"enemies":"Slavers","floor":23,"turns":2}],"seed_played":"-8138529803335577884","potions_obtained":[{"floor":3,"key":"Swift Potion"},{"floor":6,"key":"SkillPotion"},{"floor":10,"key":"Ancient Potion"},{"floor":16,"key":"Poison Potion"},{"floor":20,"key":"Dexterity Potion"},{"floor":22,"key":"GamblersBrew"}],"is_trial":false,"path_per_floor":["M","?","M","M","?","E","R","M","T","E","M","?","M","?","R","B",null,"M","T","M","$","M","E"],"character_chosen":"THE_SILENT","items_purchased":["Blood Vial","Die Die Die+1"],"campfire_rested":0,"item_purchase_floors":[21,21],"current_hp_per_floor":[70,70,69,68,68,41,41,32,32,20,22,28,30,30,30,14,76,62,62,41,41,22,0],"gold":68,"neow_bonus":"ONE_RARE_RELIC","is_prod":false,"is_daily":false,"chose_seed":false,"campfire_upgraded":2,"win_rate":0,"timestamp":1553029778,"path_taken":["M","?","?","M","?","E","R","?","T","E","M","?","M","?","R","BOSS","M","?","M","$","M","E"],"build_version":"2019-01-23","purchased_purges":1,"victory":false,"max_hp_per_floor":[70,70,70,70,70,70,70,70,70,70,70,76,76,76,76,76,76,76,76,76,76,76,76],"card_choices":[{"not_picked":["Infinite Blades","Underhanded Strike"],"picked":"Poisoned Stab","floor":1},{"not_picked":["Prepared","Riddle With Holes"],"picked":"Flechettes","floor":3},{"not_picked":["Terror","Noxious Fumes"],"picked":"Bouncing Flask","floor":4},{"not_picked":["Concentrate","Dodge and Roll"],"picked":"Setup","floor":6},{"not_picked":["PiercingWail","Deflect"],"picked":"Prepared","floor":8},{"not_picked":["Dagger Throw","Blur"],"picked":"Well Laid Plans","floor":10},{"not_picked":["Riddle With Holes","Catalyst"],"picked":"All Out Attack","floor":11},{"not_picked":["Slice","Cloak And Dagger"],"picked":"Skewer","floor":13},{"not_picked":["Malaise","Wraith Form v2"],"picked":"Adrenaline","floor":16},{"not_picked":["Acrobatics"],"picked":"SKIP","floor":18},{"not_picked":[],"picked":"Acrobatics+1","floor":20},{"not_picked":[],"picked":"Choke+1","floor":22}],"player_experience":132215,"relics_obtained":[{"floor":6,"key":"Tiny Chest"},{"floor":10,"key":"Darkstone Periapt"},{"floor":19,"key":"Molten Egg 2"}],"event_choices":[{"damage_healed":0,"gold_gain":0,"player_choice":"Forge","damage_taken":0,"max_hp_gain":0,"max_hp_loss":0,"event_name":"Accursed Blacksmith","floor":2,"gold_loss":0,"cards_upgraded":["Neutralize"]},{"damage_healed":0,"gold_gain":0,"player_choice":"Trade","damage_taken":0,"relics_obtained":["NlothsMask"],"max_hp_gain":0,"max_hp_loss":0,"event_name":"FaceTrader","floor":5,"gold_loss":0},{"damage_healed":0,"gold_gain":0,"player_choice":"Take Wound","damage_taken":0,"relics_obtained":["Golden Idol"],"max_hp_gain":0,"max_hp_loss":0,"event_name":"Golden Idol","floor":12,"gold_loss":0,"cards_obtained":["Injury"]},{"damage_healed":0,"gold_gain":0,"player_choice":"Upgraded","damage_taken":0,"max_hp_gain":0,"max_hp_loss":0,"event_name":"Upgrade Shrine","floor":14,"gold_loss":0,"cards_upgraded":["Skewer"]}],"is_beta":false,"boss_relics":[{"not_picked":["Ectoplasm","White Beast Statue"],"picked":"Busted Crown"}],"items_purged_floors":[21],"is_endless":false,"potions_floor_spawned":[3,6,10,16,20,22],"killed_by":"Slavers","ascension_level":3}