{"gold_per_floor":[112,130,147,72,72,72,98,117,117,132,132,159,159,176,176,248,248,265,265,43,43,43,43,71,71,95,120,130,143,162,162,162,238,238,251,251,143,143,0,31,45,45,45,45,45,45,45,45,45,45,45],"floor_reached":52,"playtime":2036,"items_purged":[],"score":1903,"play_id":"ea1fbbde-cc85-44d7-ba2b-ff5c45e88f23","local_time":"20190329235129","is_ascension_mode":true,"campfire_choices":[{"floor":6.0,"key":"REST"},{"floor":11.0,"key":"REST"},{"data":"Neutralize","floor":13.0,"key":"SMITH"},{"floor":15.0,"key":"REST"},{"floor":23.0,"key":"REST"},{"floor":25.0,"key":"REST"},{"floor":32,"key":"REST"},{"floor":42,"key":"REST"},{"floor":47,"key":"RECALL"},{"floor":49,"key":"REST"}],"neow_cost":"NONE","seed_source_timestamp":1380820416617000,"circlet_count":0,"master_deck":["AscendersBane","Defend_G","Defend_G","Defend_G","Defend_G","Defend_G","Strike_G+1","Survivor","Neutralize+1","Flying Knee","Dagger Spray","Dagger Throw","Flying Knee","Backflip","Endless Agony","Storm of Steel","Endless Agony","Decay","Blade Dance","Flechettes","Acrobatics","Outmaneuver+1","Acrobatics+1","PiercingWail+1","Adrenaline+1","Dodge and Roll+1","Blade Dance+1","Deflect+1","Madness+1","Madness+1","Footwork","Prepared+1","PiercingWail+1","Enlightenment+1","Apotheosis+1","Doubt"],"special_seed":0,"relics":["Ring of the Snake","Calipers","Dead Branch","Bronze Scales","Black Star","Ancient Tea Set","Nilry\u0027s Codex","Nunchaku","Toxic Egg 2","Potion Belt","Strawberry","Centennial Puzzle","Fusion Hammer","Bag of Preparation","Letter Opener","Kunai"],"potions_floor_usage":[30,40,51],"damage_taken":[{"damage":3.0,"enemies":"Cultist","floor":1.0,"turns":4.0},{"damage":12.0,"enemies":"Small Slimes","floor":2.0,"turns":3.0},{"damage":0.0,"enemies":"Jaw Worm","floor":3.0,"turns":5.0},{"damage":27.0,"enemies":"Lagavulin","floor":7.0,"turns":7.0},{"damage":0.0,"enemies":"Blue Slaver","floor":8.0,"turns":3.0},{"damage":8.0,"enemies":"Large Slime","floor":10.0,"turns":6.0},{"damage":1.0,"enemies":"Looter","floor":14.0,"turns":2.0},{"damage":28.0,"enemies":"Slime Boss","floor":16.0,"turns":9.0},{"damage":6.0,"enemies":"Spheric Guardian","floor":18.0,"turns":3.0},{"damage":21.0,"enemies":"Book of Stabbing","floor":24.0,"turns":3.0},{"damage":23.0,"enemies":"Slavers","floor":27.0,"turns":4.0},{"damage":14.0,"enemies":"2 Thieves","floor":28.0,"turns":3.0},{"damage":12.0,"enemies":"Centurion and Healer","floor":29.0,"turns":15.0},{"damage":0,"enemies":"Sentry and Sphere","floor":30,"turns":3},{"damage":14,"enemies":"Champ","floor":33,"turns":14},{"damage":0,"enemies":"Orb Walker","floor":35,"turns":2},{"damage":18,"enemies":"Reptomancer","floor":40,"turns":4},{"damage":0,"enemies":"3 Shapes","floor":41,"turns":2},{"damage":24,"enemies":"Donu and Deca","floor":50,"turns":6},{"damage":48,"enemies":"Time Eater","floor":51,"turns":11}],"seed_played":"-5488631653653976931","potions_obtained":[{"floor":1.0,"key":"Fire Potion"},{"floor":10.0,"key":"Explosive Potion"},{"floor":16.0,"key":"Poison Potion"},{"floor":24.0,"key":"LiquidBronze"},{"floor":28.0,"key":"LiquidBronze"},{"floor":29.0,"key":"GamblersBrew"}],"is_trial":false,"path_per_floor":["M","M","M","?","?","R","E","M","T","M","R","T","R","M","R","B",null,"M","?","$","?","?","R","E","R","T","E","M","M","M","?","R","B",null,"M","?","$","?","$","E","M","R","T","?","$","?","R","?","R","B","B",null],"character_chosen":"THE_SILENT","items_purchased":["Ancient Tea Set","Blade Dance","Blade Dance+1","Deflect+1","Footwork","Block Potion"],"campfire_rested":8,"item_purchase_floors":[20,20,37,37,39,39],"current_hp_per_floor":[56,44,44,44,24,43,16,16,16,8,27,27,27,26,45,17,54,48,48,48,27,27,46,25,44,44,28,14,2,2,17,38,24,61,61,61,61,48,48,30,30,51,51,46,46,73,73,73,73,49,1],"gold":45,"neow_bonus":"THREE_CARDS","is_prod":false,"is_daily":false,"chose_seed":false,"campfire_upgraded":1,"win_rate":0,"timestamp":1553871089,"path_taken":["M","M","?","?","?","R","E","M","T","M","R","?","R","M","R","BOSS","M","?","$","?","?","R","E","R","T","E","M","M","M","?","R","BOSS","M","?","$","?","$","E","M","R","T","?","$","?","R","?","R","BOSS","BOSS"],"build_version":"2019-01-23","purchased_purges":0,"victory":true,"max_hp_per_floor":[66,66,66,66,66,66,66,66,66,66,66,66,66,66,66,66,66,66,66,66,66,66,66,66,66,66,73,73,73,73,73,73,73,73,73,73,73,73,73,73,73,73,73,73,73,73,73,73,73,73,73],"card_choices":[{"not_picked":["Slice","Outmaneuver"],"picked":"Flying Knee","floor":0.0},{"not_picked":["Setup","Noxious Fumes"],"picked":"Dagger Spray","floor":1.0},{"not_picked":["Flying Knee","Quick Slash"],"picked":"Dagger Throw","floor":2.0},{"not_picked":["Concentrate","Acrobatics"],"picked":"Flying Knee","floor":3.0},{"not_picked":["Skewer","Predator","Flechettes"],"picked":"SKIP","floor":7.0},{"not_picked":["Blur","Dodge and Roll"],"picked":"Backflip","floor":8.0},{"not_picked":["PiercingWail","Sucker Punch"],"picked":"Endless Agony","floor":10.0},{"not_picked":["Deadly Poison","Flying Knee","Dodge and Roll"],"picked":"SKIP","floor":14.0},{"not_picked":["Phantasmal Killer","A Thousand Cuts"],"picked":"Storm of Steel","floor":16.0},{"not_picked":["Bane","PiercingWail"],"picked":"Endless Agony","floor":18.0},{"not_picked":["All Out Attack","Setup","Quick Slash"],"picked":"SKIP","floor":24.0},{"not_picked":["Slice","Dagger Spray"],"picked":"Outmaneuver+1","floor":27.0},{"not_picked":["Heel Hook","Catalyst+1"],"picked":"Acrobatics+1","floor":28.0},{"not_picked":["Outmaneuver+1","A Thousand Cuts","Poisoned Stab"],"picked":"SKIP","floor":29.0},{"not_picked":["Acrobatics+1","Crippling Poison+1"],"picked":"PiercingWail+1","floor":30},{"not_picked":["Storm of Steel+1","Tools of the Trade"],"picked":"Adrenaline+1","floor":33},{"not_picked":["Predator","Backflip+1"],"picked":"Dodge and Roll+1","floor":35},{"not_picked":["Leg Sweep+1","Deflect+1"],"picked":"Prepared+1","floor":40},{"not_picked":["Outmaneuver+1","Deadly Poison+1"],"picked":"PiercingWail+1","floor":41},{"not_picked":["Trip+1","Impatience+1"],"picked":"Enlightenment+1","floor":44},{"not_picked":["Enlightenment+1","Blind+1"],"picked":"Apotheosis+1","floor":44}],"player_experience":4657677,"relics_obtained":[{"floor":7.0,"key":"Calipers"},{"floor":9.0,"key":"Dead Branch"},{"floor":12.0,"key":"Bronze Scales"},{"floor":21.0,"key":"Nilry\u0027s Codex"},{"floor":24.0,"key":"Nunchaku"},{"floor":24.0,"key":"Toxic Egg 2"},{"floor":26.0,"key":"Potion Belt"},{"floor":27.0,"key":"Strawberry"},{"floor":27.0,"key":"Centennial Puzzle"},{"floor":40,"key":"Bag of Preparation"},{"floor":40,"key":"Letter Opener"},{"floor":43,"key":"Kunai"}],"event_choices":[{"cards_removed":["Strike_G"],"damage_healed":0.0,"max_hp_gain":0.0,"max_hp_loss":0.0,"gold_gain":0.0,"event_name":"The Cleric","player_choice":"Card Removal","floor":4.0,"gold_loss":75.0,"damage_taken":0.0},{"damage_healed":0.0,"max_hp_gain":0.0,"max_hp_loss":0.0,"gold_gain":0.0,"event_name":"Shining Light","player_choice":"Entered Light","floor":5.0,"gold_loss":0.0,"damage_taken":20.0,"cards_upgraded":["Strike_G","Strike_G"]},{"damage_healed":0.0,"max_hp_gain":0.0,"max_hp_loss":0.0,"gold_gain":0.0,"event_name":"Forgotten Altar","player_choice":"Smashed Altar","floor":19.0,"gold_loss":0.0,"damage_taken":0.0,"cards_obtained":["Decay"]},{"damage_healed":0.0,"max_hp_gain":0.0,"max_hp_loss":0.0,"gold_gain":0.0,"event_name":"Cursed Tome","player_choice":"Obtained Book","floor":21.0,"gold_loss":0.0,"damage_taken":21.0},{"damage_healed":0.0,"max_hp_gain":0.0,"max_hp_loss":0.0,"gold_gain":0.0,"cards_transformed":["Strike_G","Strike_G"],"event_name":"Drug Dealer","player_choice":"Became Test Subject","floor":22.0,"gold_loss":0.0,"damage_taken":0.0,"cards_obtained":["Flechettes","Acrobatics"]},{"damage_healed":15,"gold_gain":0,"player_choice":"Heal","damage_taken":0,"max_hp_gain":0,"max_hp_loss":0,"event_name":"The Library","floor":31,"gold_loss":0},{"damage_healed":0,"gold_gain":0,"player_choice":"Ignored","damage_taken":0,"max_hp_gain":0,"max_hp_loss":0,"event_name":"Mysterious Sphere","floor":36,"gold_loss":0},{"damage_healed":0,"gold_gain":0,"player_choice":"Embrace Madness","damage_taken":13,"max_hp_gain":0,"max_hp_loss":0,"event_name":"Winding Halls","floor":38,"gold_loss":0,"cards_obtained":["Madness","Madness"]},{"damage_healed":0,"gold_gain":0,"player_choice":"Memory 2","damage_taken":5,"max_hp_gain":0,"max_hp_loss":0,"event_name":"SensoryStone","floor":44,"gold_loss":0},{"damage_healed":27,"gold_gain":0,"player_choice":"Heal","damage_taken":0,"max_hp_gain":0,"max_hp_loss":0,"event_name":"MindBloom","floor":46,"gold_loss":0,"cards_obtained":["Doubt"]},{"cards_removed":["Strike_G"],"damage_healed":0,"gold_gain":0,"player_choice":"Removed Attack","damage_taken":0,"max_hp_gain":0,"max_hp_loss":0,"event_name":"Falling","floor":48,"gold_loss":0}],"is_beta":false,"boss_relics":[{"not_picked":["Snecko Eye","Empty Cage"],"picked":"Black Star"},{"not_picked":["HoveringKite","Busted Crown"],"picked":"Fusion Hammer"}],"items_purged_floors":[],"is_endless":false,"potions_floor_spawned":[1,10,16,24,28,29],"ascension_level":20}