{"gold_per_floor":[416,429,448,464,274,302,330,364,412,444,471,505,535,281,281,356,356,372,372,372,22,22,51,51,79,160,193,193,228,258,275,275,353,353,371,390,409,423,442,471,485,511,588,618,651,679,704,736,736,736,736,736,100,134,134],"floor_reached":56,"playtime":1201,"items_purged":[],"score":3766,"play_id":"16775da5-28b8-41cc-8eb2-72c1641228b0","local_time":"20190325012316","daily_mods":["SealedDeck","Hoarder","Colorless Cards","Heirloom","Time Dilation","Flight","Elite Swarm"],"is_ascension_mode":true,"campfire_choices":[{"floor":15,"key":"RECALL"},{"data":"Mind Blast","floor":24,"key":"SMITH"},{"data":"Mind Blast","floor":28,"key":"SMITH"},{"data":"Mind Blast","floor":32,"key":"SMITH"},{"data":"Mayhem","floor":49,"key":"SMITH"},{"floor":52,"key":"REST"}],"neow_cost":"","seed_source_timestamp":953218710048300,"circlet_count":0,"master_deck":["AscendersBane","Anger","Anger","Armaments","Armaments","Armaments","Armaments","Armaments","Armaments","True Grit","True Grit","True Grit","Power Through","Power Through","Power Through","Twin Strike","Twin Strike","Twin Strike","Shrug It Off","Shrug It Off","Shrug It Off","Perfected Strike","Perfected Strike","Perfected Strike","Perfected Strike","Perfected Strike","Perfected Strike","Perfected Strike","Perfected Strike","Perfected Strike","Dark Shackles","Dark Shackles","Dark Shackles","Swift Strike","Swift Strike","Swift Strike","Mayhem","Mayhem","Mayhem","Double Tap","Double Tap","Double Tap","Impervious","Impervious","Impervious","Dark Embrace","Dark Embrace","Dark Embrace","Mayhem","Mayhem","Mayhem","Mayhem","Mayhem","Mayhem","Impervious","Impervious","Impervious","Perfected Strike","Perfected Strike","Perfected Strike","Wild Strike","Wild Strike","Wild Strike","Mind Blast+1","Mind Blast+1","Mind Blast+1","Perfected Strike","Perfected Strike","Perfected Strike","Reaper","Reaper","Reaper","Mayhem","Mayhem","Mayhem","Violence","Violence","Violence","Master of Strategy","Master of Strategy","Master of Strategy","Perfected Strike","Perfected Strike","Perfected Strike","Secret Weapon","Secret Weapon","Secret Weapon","Regret","Regret","Regret","Decay","Decay","Decay","Regret","Regret","Regret","Headbutt","Headbutt","Headbutt","Finesse","Finesse","Finesse","Perfected Strike","Perfected Strike","Perfected Strike","Wild Strike","Wild Strike","Wild Strike","Perfected Strike","Perfected Strike","Perfected Strike","Twin Strike","Twin Strike","Twin Strike","Perfected Strike","Perfected Strike","Perfected Strike","Battle Trance+1","Battle Trance+1","Battle Trance+1","Apotheosis","Apotheosis","Apotheosis","Panacea","Panacea","Panacea","Apotheosis","Apotheosis","Apotheosis","Impervious","Impervious","Impervious","Double Tap","Double Tap","Double Tap","Violence","Violence","Violence","Mayhem+1","Mayhem","Mayhem","Shockwave","Shockwave","Shockwave","Panache","Panache","Panache"],"relics":["Burning Blood","Old Coin","Ginger","Art of War","Gremlin Horn","Strawberry","Bronze Scales","Juzu Bracelet","Meat on the Bone","Ancient Tea Set","Mummified Hand","Lizard Tail","DollysMirror","Charon\u0027s Ashes","Bag of Preparation","Letter Opener","Kunai","Pantograph","Calling Bell","Anchor","Question Card","Prayer Wheel","Calipers","Red Skull","Self Forming Clay","Bag of Marbles","Mercury Hourglass","Bird Faced Urn","Regal Pillow","Unceasing Top","Lantern","Toolbox","Orichalcum","Ice Cream"],"potions_floor_usage":[7,16,18,27,55],"damage_taken":[{"damage":0,"enemies":"Small Slimes","floor":1,"turns":2},{"damage":0,"enemies":"Cultist","floor":2,"turns":2},{"damage":0,"enemies":"2 Louse","floor":3,"turns":2},{"damage":0,"enemies":"2 Fungi Beasts","floor":4,"turns":2},{"damage":10,"enemies":"Gremlin Nob","floor":6,"turns":3},{"damage":3,"enemies":"3 Sentries","floor":7,"turns":4},{"damage":0,"enemies":"Lagavulin","floor":8,"turns":5},{"damage":0,"enemies":"3 Sentries","floor":10,"turns":5},{"damage":0,"enemies":"Lagavulin","floor":11,"turns":4},{"damage":11,"enemies":"Gremlin Nob","floor":12,"turns":3},{"damage":0,"enemies":"3 Sentries","floor":13,"turns":4},{"damage":3,"enemies":"The Guardian","floor":16,"turns":6},{"damage":0,"enemies":"2 Thieves","floor":18,"turns":3},{"damage":0,"enemies":"Slavers","floor":23,"turns":2},{"damage":0,"enemies":"Gremlin Leader","floor":25,"turns":1},{"damage":0,"enemies":"Book of Stabbing","floor":27,"turns":1},{"damage":0,"enemies":"Gremlin Leader","floor":29,"turns":1},{"damage":0,"enemies":"Book of Stabbing","floor":30,"turns":3},{"damage":0,"enemies":"Shell Parasite","floor":31,"turns":1},{"damage":0,"enemies":"Collector","floor":33,"turns":1},{"damage":0,"enemies":"3 Shapes","floor":35,"turns":1},{"damage":0,"enemies":"Orb Walker","floor":36,"turns":1},{"damage":0,"enemies":"Sphere and 2 Shapes","floor":37,"turns":1},{"damage":0,"enemies":"Transient","floor":38,"turns":5},{"damage":0,"enemies":"Maw","floor":39,"turns":1},{"damage":0,"enemies":"Nemesis","floor":40,"turns":1},{"damage":0,"enemies":"3 Darklings","floor":41,"turns":1},{"damage":0,"enemies":"Reptomancer","floor":42,"turns":1},{"damage":9,"enemies":"Giant Head","floor":44,"turns":2},{"damage":0,"enemies":"Reptomancer","floor":45,"turns":1},{"damage":0,"enemies":"Nemesis","floor":46,"turns":1},{"damage":0,"enemies":"Giant Head","floor":47,"turns":1},{"damage":0,"enemies":"Nemesis","floor":48,"turns":1},{"damage":0,"enemies":"Time Eater","floor":50,"turns":1},{"damage":0,"enemies":"Shield and Spear","floor":54,"turns":1},{"damage":90,"enemies":"The Heart","floor":55,"turns":6}],"seed_played":"-4412833408971151331","potions_obtained":[{"floor":3,"key":"SkillPotion"},{"floor":6,"key":"Explosive Potion"},{"floor":10,"key":"Weak Potion"},{"floor":16,"key":"SkillPotion"},{"floor":18,"key":"Explosive Potion"},{"floor":23,"key":"Energy Potion"},{"floor":27,"key":"FearPotion"}],"is_trial":true,"path_per_floor":["M","M","M","M","$","E","E","E","T","E","E","E","E","$","R","B",null,"M","?","?","$","?","E","R","E","T","E","R","E","E","M","R","B",null,"M","M","M","M","M","E","M","E","T","E","E","E","E","E","R","B",null,"R","$","E","B",null],"character_chosen":"IRONCLAD","items_purchased":["Mayhem","Mummified Hand","DollysMirror","Wild Strike","Mind Blast","Lantern","Toolbox","Orichalcum","Block Potion","Shockwave"],"campfire_rested":1,"item_purchase_floors":[5,14,21,21,21,53,53,53,53,53],"current_hp_per_floor":[74,75,75,75,75,71,74,75,82,82,82,77,82,82,82,82,82,82,82,58,58,58,64,64,70,70,76,76,82,87,87,87,87,87,87,87,87,87,87,87,87,87,87,84,87,87,87,87,87,87,87,87,87,87,34],"gold":134,"neow_bonus":"","is_prod":false,"is_daily":false,"chose_seed":false,"campfire_upgraded":4,"win_rate":0,"timestamp":1553444596,"path_taken":["M","M","M","M","$","E","E","E","T","E","E","E","E","$","R","BOSS","M","?","?","$","?","E","R","E","T","E","R","E","E","M","R","BOSS","M","M","M","M","M","E","M","E","T","E","E","E","E","E","R","BOSS","R","$","E","BOSS"],"build_version":"2019-01-23","purchased_purges":0,"victory":true,"max_hp_per_floor":[75,75,75,75,75,75,75,75,82,82,82,82,82,82,82,82,82,82,82,87,87,87,87,87,87,87,87,87,87,87,87,87,87,87,87,87,87,87,87,87,87,87,87,87,87,87,87,87,87,87,87,87,87,87,87],"card_choices":[{"not_picked":["Carnage","Sword Boomerang","Thunderclap"],"picked":"SKIP","floor":1},{"not_picked":["Jack Of All Trades","Flex","Havoc"],"picked":"SKIP","floor":2},{"not_picked":["Second Wind","Twin Strike"],"picked":"Dark Shackles","floor":3},{"not_picked":["Shrug It Off","Anger"],"picked":"Swift Strike","floor":4},{"not_picked":["Exhume","Impervious"],"picked":"Double Tap","floor":6},{"not_picked":["Offering","Magnetism"],"picked":"Impervious","floor":7},{"not_picked":["Thinking Ahead","Transmutation","Exhume"],"picked":"SKIP","floor":8},{"not_picked":["Limit Break","Sadistic Nature"],"picked":"Dark Embrace","floor":10},{"not_picked":["Immolate","Secret Weapon"],"picked":"Mayhem","floor":11},{"not_picked":["Panache","Reaper","Secret Technique"],"picked":"SKIP","floor":12},{"not_picked":["Dark Embrace","The Bomb"],"picked":"Mayhem","floor":13},{"not_picked":["Sadistic Nature","Double Tap"],"picked":"Impervious","floor":16},{"not_picked":["Impatience","Heavy Blade","Carnage"],"picked":"SKIP","floor":18},{"not_picked":["Juggernaut","Metamorphosis"],"picked":"Reaper","floor":23},{"not_picked":["Transmutation","Impervious"],"picked":"Mayhem","floor":25},{"not_picked":["Reaper","Berserk"],"picked":"Violence","floor":27},{"not_picked":["Offering","Metamorphosis"],"picked":"Master of Strategy","floor":29},{"not_picked":["Offering","Secret Weapon","Reaper"],"picked":"SKIP","floor":30},{"not_picked":["Shrug It Off+1","Seeing Red"],"picked":"Perfected Strike","floor":31},{"not_picked":["Secret Technique","Juggernaut"],"picked":"Secret Weapon","floor":33},{"not_picked":["Clothesline","Clash+1","Body Slam"],"picked":"Headbutt","floor":35},{"not_picked":["Headbutt","Blind","Thunderclap"],"picked":"Finesse","floor":35},{"not_picked":["Anger","Thunderclap","The Bomb"],"picked":"Perfected Strike","floor":36},{"not_picked":["Flame Barrier","Pummel","Forethought"],"picked":"Wild Strike","floor":36},{"not_picked":["Swift Strike","Twin Strike","Dark Shackles"],"picked":"Perfected Strike","floor":37},{"not_picked":["Clash","Havoc","Armaments"],"picked":"Twin Strike","floor":37},{"not_picked":["Fiend Fire","True Grit","Armaments"],"picked":"Perfected Strike","floor":38},{"not_picked":["Cleave","Body Slam","Magnetism"],"picked":"Battle Trance+1","floor":38},{"not_picked":["Headbutt","Armaments+1","Iron Wave"],"picked":"Apotheosis","floor":39},{"not_picked":["Headbutt","Shrug It Off","Heavy Blade+1"],"picked":"Panacea","floor":39},{"not_picked":["Thinking Ahead","Offering","Demon Form"],"picked":"Apotheosis","floor":40},{"not_picked":["Anger","Searing Blow","Warcry","Thunderclap"],"picked":"SKIP","floor":41},{"not_picked":["Clash","Clothesline+1","Panacea","Bloodletting"],"picked":"SKIP","floor":41},{"not_picked":["Fiend Fire","HandOfGreed","Metamorphosis"],"picked":"Impervious","floor":42},{"not_picked":["Immolate","Berserk","Impervious"],"picked":"Double Tap","floor":44},{"not_picked":["Reaper","Thinking Ahead","Apotheosis","Feed"],"picked":"SKIP","floor":45},{"not_picked":["Limit Break","Demon Form","Secret Weapon"],"picked":"Violence","floor":46},{"not_picked":["Secret Technique","Apotheosis","Barricade","Secret Weapon"],"picked":"SKIP","floor":47},{"not_picked":["Transmutation","Master of Strategy","Bludgeon"],"picked":"Mayhem","floor":48},{"not_picked":["Dark Embrace","Brutality","Secret Weapon"],"picked":"Panache","floor":54}],"player_experience":4618954,"relics_obtained":[{"floor":6,"key":"Ginger"},{"floor":7,"key":"Art of War"},{"floor":8,"key":"Gremlin Horn"},{"floor":9,"key":"Strawberry"},{"floor":10,"key":"Bronze Scales"},{"floor":11,"key":"Juzu Bracelet"},{"floor":12,"key":"Meat on the Bone"},{"floor":13,"key":"Ancient Tea Set"},{"floor":23,"key":"Charon\u0027s Ashes"},{"floor":25,"key":"Bag of Preparation"},{"floor":27,"key":"Letter Opener"},{"floor":29,"key":"Kunai"},{"floor":30,"key":"Pantograph"},{"floor":34,"key":"Anchor"},{"floor":34,"key":"Question Card"},{"floor":34,"key":"Prayer Wheel"},{"floor":40,"key":"Calipers"},{"floor":42,"key":"Red Skull"},{"floor":43,"key":"Self Forming Clay"},{"floor":44,"key":"Bag of Marbles"},{"floor":45,"key":"Mercury Hourglass"},{"floor":46,"key":"Bird Faced Urn"},{"floor":47,"key":"Regal Pillow"},{"floor":48,"key":"Unceasing Top"},{"floor":54,"key":"Ice Cream"}],"event_choices":[{"cards_removed":["Anger"],"damage_healed":0,"gold_gain":0,"player_choice":"Purged","damage_taken":0,"max_hp_gain":0,"max_hp_loss":0,"event_name":"Purifier","floor":19,"gold_loss":0},{"damage_healed":0,"gold_gain":0,"player_choice":"Shed Blood","damage_taken":29,"max_hp_gain":5,"max_hp_loss":0,"event_name":"Forgotten Altar","floor":20,"gold_loss":0},{"damage_healed":0,"gold_gain":0,"player_choice":"Read","damage_taken":0,"max_hp_gain":0,"max_hp_loss":0,"event_name":"The Library","floor":22,"gold_loss":0,"cards_obtained":["Perfected Strike"]}],"is_beta":false,"boss_relics":[{"not_picked":["Runic Cube","White Beast Statue"],"picked":"Lizard Tail"},{"not_picked":["Empty Cage","Tiny House"],"picked":"Calling Bell"}],"items_purged_floors":[],"is_endless":false,"potions_floor_spawned":[3,6,10,12,13,16,18,23,27,29,36,38,41,45,46,48],"ascension_level":15}