{"gold_per_floor":[110,123,123,133,150,150,183,183,208,218,235,249,282,315,327,411,423,447,384,37,37,52,152,152,181,206,39,39,56,70,90,90,90],"floor_reached":33,"playtime":1109,"items_purged":["Writhe"],"score":558,"play_id":"1bcb6342-1f84-428e-b260-f75645ad5e6c","local_time":"20190524033934","is_ascension_mode":true,"campfire_choices":[{"data":"Combust","floor":6.0,"key":"SMITH"},{"data":"Shrug It Off","floor":8.0,"key":"SMITH"},{"data":"Metallicize","floor":15.0,"key":"SMITH"},{"floor":24,"key":"REST"},{"floor":28,"key":"REST"},{"floor":32,"key":"REST"}],"neow_cost":"NONE","seed_source_timestamp":99914852611400,"circlet_count":0,"master_deck":["AscendersBane","Strike_R","Strike_R","Strike_R","Strike_R","Strike_R","Defend_R","Defend_R+1","Defend_R+1","Defend_R","Bash","Combust+1","Shrug It Off+1","Perfected Strike","Wild Strike","Perfected Strike","Shrug It Off","Metallicize+1","Shrug It Off","Immolate","Clumsy","Hemokinesis","Apotheosis","Evolve","Uppercut","Perfected Strike","Feed","True Grit"],"special_seed":0,"relics":["Burning Blood","NeowsBlessing","Blood Vial","War Paint","PreservedInsect","MawBank","Odd Mushroom","Calling Bell","Vajra","Blue Candle","Gambling Chip","Pocketwatch","Sundial","Matryoshka","Boot","Pen Nib","Art of War"],"potions_floor_usage":[16,23,33],"damage_taken":[{"damage":0.0,"enemies":"Small Slimes","floor":1.0,"turns":2.0},{"damage":0.0,"enemies":"Cultist","floor":2.0,"turns":1.0},{"damage":0.0,"enemies":"Jaw Worm","floor":4.0,"turns":1.0},{"damage":10.0,"enemies":"Blue Slaver","floor":5.0,"turns":6.0},{"damage":26.0,"enemies":"Lagavulin","floor":7.0,"turns":7.0},{"damage":6.0,"enemies":"Large Slime","floor":10.0,"turns":4.0},{"damage":0.0,"enemies":"Looter","floor":11.0,"turns":2.0},{"damage":10.0,"enemies":"Exordium Thugs","floor":12.0,"turns":4.0},{"damage":8.0,"enemies":"Gremlin Nob","floor":13.0,"turns":3.0},{"damage":12.0,"enemies":"The Mushroom Lair","floor":14.0,"turns":4.0},{"damage":24,"enemies":"The Guardian","floor":16,"turns":16},{"damage":27,"enemies":"2 Thieves","floor":18,"turns":4},{"damage":13,"enemies":"3 Byrds","floor":22,"turns":3},{"damage":41,"enemies":"Colosseum Slavers","floor":23,"turns":4},{"damage":17,"enemies":"Colosseum Nobs","floor":23,"turns":3},{"damage":35,"enemies":"Gremlin Leader","floor":25,"turns":6},{"damage":3,"enemies":"Centurion and Healer","floor":29,"turns":7},{"damage":4,"enemies":"Snake Plant","floor":30,"turns":7},{"damage":14,"enemies":"Snecko","floor":31,"turns":4},{"damage":71,"enemies":"Champ","floor":33,"turns":11}],"seed_played":"1359264509379792529","potions_obtained":[{"floor":4.0,"key":"Dexterity Potion"},{"floor":5.0,"key":"Explosive Potion"},{"floor":7.0,"key":"Dexterity Potion"},{"floor":11.0,"key":"FearPotion"},{"floor":14.0,"key":"BloodPotion"},{"floor":29,"key":"EssenceOfSteel"},{"floor":31,"key":"LiquidBronze"}],"is_trial":false,"path_per_floor":["M","M","?","M","M","R","E","R","T","M","M","M","E","?","R","B",null,"M","?","$","?","M","?","R","E","T","$","R","M","M","M","R","B"],"character_chosen":"IRONCLAD","items_purchased":["Apotheosis","Evolve","Art of War"],"campfire_rested":3,"item_purchase_floors":[20,20,27],"current_hp_per_floor":[74,75,75,75,71,71,53,53,53,55,63,61,61,57,57,41,67,48,48,48,63,58,23,45,18,18,18,40,45,49,47,70,1],"gold":90,"neow_bonus":"THREE_ENEMY_KILL","is_prod":false,"is_daily":false,"chose_seed":false,"campfire_upgraded":3,"win_rate":0,"timestamp":1558636774,"path_taken":["M","M","?","?","M","R","E","R","T","M","M","M","E","?","R","BOSS","M","?","$","?","M","?","R","E","T","$","R","M","M","M","R","BOSS"],"build_version":"2019-01-23","purchased_purges":1,"victory":false,"max_hp_per_floor":[75,75,75,75,75,75,75,75,75,75,75,75,75,75,75,75,75,75,75,75,75,75,75,75,75,75,75,75,75,75,79,79,79],"card_choices":[{"not_picked":["Sword Boomerang","Pummel"],"picked":"Shockwave","floor":1.0},{"not_picked":["Feel No Pain","Spot Weakness"],"picked":"Combust","floor":2.0},{"not_picked":["Entrench","Havoc"],"picked":"Shrug It Off","floor":4.0},{"not_picked":["Shrug It Off","Warcry"],"picked":"Perfected Strike","floor":5.0},{"not_picked":["Heavy Blade","Headbutt"],"picked":"Wild Strike","floor":7.0},{"not_picked":["Feel No Pain","Warcry"],"picked":"Perfected Strike","floor":10.0},{"not_picked":["Clothesline","Brutality","Body Slam"],"picked":"SKIP","floor":11.0},{"not_picked":["Cleave","Pommel Strike"],"picked":"Shrug It Off","floor":12.0},{"not_picked":["Reckless Charge","Anger"],"picked":"Metallicize","floor":13.0},{"not_picked":["Pommel Strike","Iron Wave"],"picked":"Shrug It Off","floor":14.0},{"not_picked":["Demon Form","Barricade"],"picked":"Immolate","floor":16},{"not_picked":["Cleave","Iron Wave"],"picked":"Hemokinesis","floor":18},{"not_picked":["Flex","Sword Boomerang"],"picked":"Uppercut","floor":22},{"not_picked":["Headbutt","Limit Break"],"picked":"Perfected Strike","floor":23},{"not_picked":["Infernal Blade","Carnage","Pummel"],"picked":"SKIP","floor":25},{"not_picked":["Clash","Burning Pact","Armaments"],"picked":"SKIP","floor":29},{"not_picked":["Wild Strike","Sword Boomerang+1"],"picked":"Feed","floor":30},{"not_picked":["Inflame","Headbutt"],"picked":"True Grit","floor":31}],"player_experience":5129522,"relics_obtained":[{"floor":7.0,"key":"War Paint"},{"floor":9.0,"key":"PreservedInsect"},{"floor":13.0,"key":"MawBank"},{"floor":14.0,"key":"Odd Mushroom"},{"floor":17,"key":"Vajra"},{"floor":17,"key":"Blue Candle"},{"floor":17,"key":"Gambling Chip"},{"floor":23,"key":"Pocketwatch"},{"floor":23,"key":"Sundial"},{"floor":25,"key":"Matryoshka"},{"floor":26,"key":"Boot"},{"floor":26,"key":"Pen Nib"}],"event_choices":[{"cards_removed":["Shockwave"],"damage_healed":0.0,"max_hp_gain":0.0,"max_hp_loss":0.0,"gold_gain":0.0,"event_name":"WeMeetAgain","player_choice":"Gave Card","floor":3.0,"gold_loss":0.0,"damage_taken":0.0,"relics_obtained":["Blood Vial"]},{"damage_healed":0.0,"max_hp_gain":0.0,"max_hp_loss":0.0,"gold_gain":0.0,"event_name":"Mushrooms","player_choice":"Fought Mushrooms","floor":14.0,"gold_loss":0.0,"damage_taken":0.0},{"cards_removed":["Doubt"],"damage_healed":0,"gold_gain":0,"player_choice":"Gave Gold","damage_taken":0,"max_hp_gain":0,"max_hp_loss":0,"event_name":"Beggar","floor":19,"gold_loss":75},{"damage_healed":15,"gold_gain":0,"player_choice":"Heal","damage_taken":0,"max_hp_gain":0,"max_hp_loss":0,"event_name":"The Library","floor":21,"gold_loss":0},{"damage_healed":0,"gold_gain":0,"player_choice":"Fight","damage_taken":0,"max_hp_gain":0,"max_hp_loss":0,"event_name":"Colosseum","floor":23,"gold_loss":0},{"damage_healed":0,"gold_gain":0,"player_choice":"Fought Nobs","damage_taken":0,"max_hp_gain":0,"max_hp_loss":0,"event_name":"Colosseum","floor":23,"gold_loss":0}],"is_beta":false,"boss_relics":[{"not_picked":["Runic Pyramid","Pandora\u0027s Box"],"picked":"Calling Bell"}],"items_purged_floors":[20],"is_endless":false,"potions_floor_spawned":[4,5,7,11,14,23,29,31],"killed_by":"Champ","ascension_level":20}