{"gold_per_floor":[116,116,126,126,144,176,189,189,189,189,206,131,148,181,181,259,259,278,378,162,162,3,29,29,39,39,66,95,95,16,48,48,125,125,142,159,59,109,331,361,361,361,437,470,484,501,376,395,395,395,395,395,395,27,52,52],"floor_reached":57,"playtime":2010,"items_purged":["Dash","Auto Shields+1","Dash"],"score":3002,"play_id":"8551269a-579e-484e-af2f-10afcc1c5227","local_time":"20190516022806","daily_mods":["Diverse"],"is_ascension_mode":true,"campfire_choices":[{"data":"Dash","floor":8.0,"key":"SMITH"},{"data":"Dash","floor":15.0,"key":"SMITH"},{"data":"Iron Wave","floor":24.0,"key":"SMITH"},{"data":"Malaise","floor":29.0,"key":"SMITH"},{"data":"Seeing Red","floor":32.0,"key":"SMITH"},{"data":"Adrenaline","floor":42.0,"key":"SMITH"},{"floor":49,"key":"RECALL"},{"data":"Intimidate","floor":53,"key":"SMITH"}],"neow_cost":"","seed_source_timestamp":890509753697600,"circlet_count":0,"master_deck":["Dash+1","Dash+1","Iron Wave+1","Iron Wave+1","Iron Wave+1","Iron Wave+1","Intimidate+1","Masterful Stab+1","White Noise","Feel No Pain","FTL","Malaise+1","Footwork+1","Adrenaline+1","Inflame+1","Body Slam+1","Echo Form+1","Evolve+1","Seeing Red+1","Sword Boomerang","Metallicize+1","Force Field"],"special_seed":0,"relics":["Burning Blood","Darkstone Periapt","Ancient Tea Set","Shuriken","Bottled Lightning","Sozu","Unceasing Top","Frozen Egg 2","Singing Bowl","Matryoshka","Red Mask","Dream Catcher","Paper Frog","Busted Crown","Champion Belt","Whetstone","Oddly Smooth Stone","Pocketwatch","Pantograph","Sundial"],"potions_floor_usage":[56],"damage_taken":[{"damage":2.0,"enemies":"Jaw Worm","floor":1.0,"turns":4.0},{"damage":0.0,"enemies":"Small Slimes","floor":3.0,"turns":3.0},{"damage":0.0,"enemies":"2 Louse","floor":5.0,"turns":4.0},{"damage":18.0,"enemies":"Gremlin Nob","floor":6.0,"turns":5.0},{"damage":0.0,"enemies":"Blue Slaver","floor":7.0,"turns":3.0},{"damage":0.0,"enemies":"Exordium Wildlife","floor":11.0,"turns":3.0},{"damage":0.0,"enemies":"2 Fungi Beasts","floor":13.0,"turns":3.0},{"damage":1.0,"enemies":"Lagavulin","floor":14.0,"turns":6.0},{"damage":0.0,"enemies":"Slime Boss","floor":16.0,"turns":4.0},{"damage":1.0,"enemies":"Chosen","floor":18.0,"turns":4.0},{"damage":4.0,"enemies":"Colosseum Slavers","floor":19.0,"turns":4.0},{"damage":5.0,"enemies":"Colosseum Nobs","floor":19.0,"turns":6.0},{"damage":23.0,"enemies":"Gremlin Leader","floor":23.0,"turns":8.0},{"damage":0.0,"enemies":"Shell Parasite","floor":25.0,"turns":4.0},{"damage":0.0,"enemies":"Masked Bandits","floor":27.0,"turns":3.0},{"damage":0.0,"enemies":"Book of Stabbing","floor":28.0,"turns":5.0},{"damage":0.0,"enemies":"Gremlin Leader","floor":31.0,"turns":4.0},{"damage":38.0,"enemies":"Collector","floor":33.0,"turns":10.0},{"damage":11.0,"enemies":"Orb Walker","floor":35.0,"turns":3.0},{"damage":0.0,"enemies":"3 Darklings","floor":36.0,"turns":4.0},{"damage":2.0,"enemies":"2 Orb Walkers","floor":38.0,"turns":3.0},{"damage":0.0,"enemies":"Giant Head","floor":40.0,"turns":6.0},{"damage":10.0,"enemies":"Reptomancer","floor":44.0,"turns":6.0},{"damage":0.0,"enemies":"Maw","floor":45.0,"turns":5.0},{"damage":2,"enemies":"Sphere and 2 Shapes","floor":46,"turns":5},{"damage":0,"enemies":"3 Darklings","floor":48,"turns":4},{"damage":24,"enemies":"Time Eater","floor":50,"turns":12},{"damage":54,"enemies":"Awakened One","floor":51,"turns":9},{"damage":6,"enemies":"Shield and Spear","floor":55,"turns":7},{"damage":58,"enemies":"The Heart","floor":56,"turns":9}],"seed_played":"8418177606745277875","potions_obtained":[{"floor":1.0,"key":"Strength Potion"},{"floor":11.0,"key":"Block Potion"},{"floor":16.0,"key":"Poison Potion"}],"is_trial":true,"path_per_floor":["M","?","M","?","M","E","M","R","T","?","M","?","M","E","R","B",null,"M","?","$","?","$","E","R","M","T","?","E","R","$","E","R","B",null,"M","M","$","?","?","E","?","R","T","E","M","M","$","M","R","B","B",null,"R","$","E","B",null],"character_chosen":"IRONCLAD","items_purchased":["Footwork+1","Adrenaline","Inflame+1","Evolve+1","Pantograph","Metallicize+1"],"campfire_rested":0,"item_purchase_floors":[20,20,22,30,54,54],"current_hp_per_floor":[72,65,71,60,66,54,60,60,60,37,43,43,49,54,54,60,71,75,75,75,75,75,58,58,64,64,72,77,77,77,77,77,47,71,68,76,76,82,82,87,87,87,87,85,89,91,91,93,93,75,27,77,77,77,77,41],"gold":52,"neow_bonus":"","is_prod":false,"is_daily":false,"chose_seed":false,"campfire_upgraded":7,"win_rate":0,"timestamp":1557941286,"path_taken":["M","?","M","?","M","E","M","R","T","?","M","?","M","E","R","BOSS","M","?","$","?","$","E","R","M","T","?","E","R","$","E","R","BOSS","M","M","$","?","?","E","?","R","T","E","?","M","$","M","R","BOSS","BOSS","R","$","E","BOSS"],"build_version":"2019-01-23","purchased_purges":3,"victory":true,"max_hp_per_floor":[75,75,75,75,75,75,75,75,75,75,75,75,75,75,75,75,75,75,75,75,75,75,75,75,75,75,77,77,77,77,77,77,79,79,81,83,83,85,85,87,87,87,87,89,89,91,91,93,93,93,93,93,93,93,93,93],"card_choices":[{"not_picked":["Rip and Tear","Distraction","Searing Blow"],"picked":"SKIP","floor":1.0},{"not_picked":["Calculated Gamble","Flying Knee"],"picked":"Intimidate","floor":3.0},{"not_picked":["Reprogram","Cloak And Dagger"],"picked":"Masterful Stab","floor":5.0},{"not_picked":["Pommel Strike","Shockwave","Heavy Blade"],"picked":"SKIP","floor":6.0},{"not_picked":["Darkness","Pommel Strike"],"picked":"White Noise","floor":7.0},{"not_picked":["Redo","Cleave"],"picked":"Feel No Pain","floor":11.0},{"not_picked":["Clothesline","Outmaneuver"],"picked":"FTL","floor":13.0},{"not_picked":["Carnage","Shrug It Off","Pummel"],"picked":"SKIP","floor":14.0},{"not_picked":["All For One","Glass Knife"],"picked":"Malaise","floor":16.0},{"not_picked":["Flex","Heatsinks","Perfected Strike"],"picked":"SKIP","floor":18.0},{"not_picked":["Die Die Die","Heatsinks+1"],"picked":"Auto Shields+1","floor":23.0},{"not_picked":["Bane","Wild Strike"],"picked":"Body Slam+1","floor":25.0},{"not_picked":["Eviscerate+1","Dagger Throw","Ball Lightning"],"picked":"Singing Bowl","floor":27.0},{"not_picked":["Brutality+1","Endless Agony"],"picked":"Echo Form+1","floor":28.0},{"not_picked":["Bloodletting","Perfected Strike"],"picked":"Seeing Red","floor":31.0},{"not_picked":["Bullet Time","Brutality+1","All For One"],"picked":"Singing Bowl","floor":33.0},{"not_picked":["Steam Power"],"picked":"Singing Bowl","floor":35.0},{"not_picked":["Quick Slash"],"picked":"Singing Bowl","floor":36.0},{"not_picked":["Iron Wave"],"picked":"Singing Bowl","floor":38.0},{"not_picked":["Twin Strike"],"picked":"Singing Bowl","floor":40.0},{"not_picked":["Leg Sweep"],"picked":"Singing Bowl","floor":44.0},{"not_picked":[],"picked":"Sword Boomerang","floor":45},{"not_picked":["Gash"],"picked":"Singing Bowl","floor":46},{"not_picked":["Twin Strike"],"picked":"Singing Bowl","floor":48},{"not_picked":[],"picked":"Force Field","floor":55}],"player_experience":5044424,"relics_obtained":[{"floor":6.0,"key":"Ancient Tea Set"},{"floor":9.0,"key":"Shuriken"},{"floor":14.0,"key":"Bottled Lightning"},{"floor":19.0,"key":"Unceasing Top"},{"floor":19.0,"key":"Frozen Egg 2"},{"floor":23.0,"key":"Singing Bowl"},{"floor":26.0,"key":"Matryoshka"},{"floor":27.0,"key":"Red Mask"},{"floor":28.0,"key":"Dream Catcher"},{"floor":31.0,"key":"Paper Frog"},{"floor":38.0,"key":"Champion Belt"},{"floor":40.0,"key":"Whetstone"},{"floor":43.0,"key":"Oddly Smooth Stone"},{"floor":44.0,"key":"Pocketwatch"},{"floor":55,"key":"Sundial"}],"event_choices":[{"cards_removed":["Iron Wave"],"damage_healed":0.0,"max_hp_gain":0.0,"max_hp_loss":0.0,"gold_gain":0.0,"event_name":"Golden Wing","player_choice":"Card Removal","floor":2.0,"gold_loss":0.0,"damage_taken":7.0},{"damage_healed":0.0,"max_hp_gain":0.0,"max_hp_loss":0.0,"gold_gain":0.0,"event_name":"Scrap Ooze","player_choice":"Success","floor":4.0,"gold_loss":0.0,"damage_taken":11.0,"relics_obtained":["Darkstone Periapt"]},{"damage_healed":0.0,"max_hp_gain":0.0,"max_hp_loss":0.0,"gold_gain":0.0,"event_name":"Shining Light","player_choice":"Entered Light","floor":10.0,"gold_loss":0.0,"damage_taken":23.0,"cards_upgraded":["Iron Wave","Iron Wave"]},{"cards_removed":["Dash"],"damage_healed":0.0,"max_hp_gain":0.0,"max_hp_loss":0.0,"gold_gain":0.0,"event_name":"The Cleric","player_choice":"Card Removal","floor":12.0,"gold_loss":75.0,"damage_taken":0.0},{"damage_healed":0.0,"max_hp_gain":0.0,"max_hp_loss":0.0,"gold_gain":0.0,"event_name":"Colosseum","player_choice":"Fight","floor":19.0,"gold_loss":0.0,"damage_taken":0.0},{"damage_healed":0.0,"max_hp_gain":0.0,"max_hp_loss":0.0,"gold_gain":0.0,"event_name":"Colosseum","player_choice":"Fought Nobs","floor":19.0,"gold_loss":0.0,"damage_taken":0.0},{"damage_healed":0.0,"max_hp_gain":0.0,"max_hp_loss":0.0,"gold_gain":0.0,"event_name":"Vampires","player_choice":"Ignored","floor":21.0,"gold_loss":0.0,"damage_taken":0.0},{"damage_healed":0.0,"max_hp_gain":0.0,"max_hp_loss":0.0,"gold_gain":0.0,"event_name":"Masked Bandits","player_choice":"Fought Bandits","floor":27.0,"gold_loss":0.0,"damage_taken":0.0},{"damage_healed":0.0,"max_hp_gain":0.0,"max_hp_loss":0.0,"gold_gain":0.0,"event_name":"Mysterious Sphere","player_choice":"Fight","floor":38.0,"gold_loss":0.0,"damage_taken":0.0},{"damage_healed":0.0,"max_hp_gain":0.0,"max_hp_loss":0.0,"gold_gain":222.0,"event_name":"Tomb of Lord Red Mask","player_choice":"Wore Mask","floor":39.0,"gold_loss":0.0,"damage_taken":0.0},{"damage_healed":0.0,"max_hp_gain":0.0,"max_hp_loss":0.0,"gold_gain":0.0,"event_name":"Lab","player_choice":"Got Potions","floor":41.0,"gold_loss":0.0,"damage_taken":0.0}],"is_beta":false,"boss_relics":[{"not_picked":["Pandora\u0027s Box","Lizard Tail"],"picked":"Sozu"},{"not_picked":["Black Blood","Black Star"],"picked":"Busted Crown"}],"items_purged_floors":[22,37,47],"is_endless":false,"potions_floor_spawned":[1,11,16,18,19,23,36,44,45,48,55],"ascension_level":20}