{"gold_per_floor":[213,163,0,18,18,18,37,53,53,65,83,98,21,21,21,124,124,139,42,59,59,59,59,59,76,99,99],"floor_reached":27,"playtime":1684,"items_purged":["Regret"],"score":215,"play_id":"2358a40b-be77-40ac-a334-4f975aabc439","local_time":"20190112094017","is_ascension_mode":true,"campfire_choices":[{"data":"Apotheosis","floor":6,"key":"SMITH"},{"data":"Backstab","floor":15,"key":"SMITH"},{"data":"After Image","floor":23,"key":"SMITH"}],"neow_cost":"NONE","seed_source_timestamp":216727558350336,"circlet_count":0,"master_deck":["Defend_G","Defend_G","Defend_G","Defend_G","Strike_G","Strike_G","Strike_G","Survivor","Neutralize","Dagger Spray","Apotheosis+1","Well Laid Plans","Glass Knife","Cloak And Dagger","Backstab+1","Dash","Noxious Fumes+1","After Image+1","Backflip","Bane","Terror+1","Deflect","Doppelganger","Decay","Catalyst"],"relics":["Ring of the Snake","Pantograph","Blood Vial","Black Star","Vajra"],"potions_floor_usage":[16,16,27],"damage_taken":[{"damage":1,"enemies":"Cultist","floor":1,"turns":5},{"damage":0,"enemies":"Jaw Worm","floor":4,"turns":6},{"damage":1,"enemies":"2 Louse","floor":7,"turns":2},{"damage":0,"enemies":"Lots of Slimes","floor":8,"turns":1},{"damage":3,"enemies":"Looter","floor":10,"turns":3},{"damage":0,"enemies":"Large Slime","floor":11,"turns":5},{"damage":3,"enemies":"Gremlin Gang","floor":12,"turns":3},{"damage":13,"enemies":"Hexaghost","floor":16,"turns":9},{"damage":16,"enemies":"3 Byrds","floor":18,"turns":5},{"damage":0,"enemies":"Spheric Guardian","floor":20,"turns":6},{"damage":2,"enemies":"Centurion and Healer","floor":25,"turns":7},{"damage":20,"enemies":"Colosseum Slavers","floor":27,"turns":5},{"damage":66,"enemies":"Colosseum Nobs","floor":27,"turns":4}],"seed_played":"-7040550365450238859","potions_obtained":[{"floor":1,"key":"LiquidBronze"},{"floor":8,"key":"SteroidPotion"},{"floor":10,"key":"Weak Potion"},{"floor":16,"key":"GamblersBrew"},{"floor":18,"key":"LiquidBronze"},{"floor":25,"key":"AttackPotion"}],"is_trial":false,"path_per_floor":["M","?","$","M","?","R","M","M","T","M","M","M","$","?","R","B",null,"M","$","M","$","?","R","?","M","T","?"],"character_chosen":"THE_SILENT","items_purchased":["Apotheosis","Noxious Fumes","Bane"],"campfire_rested":0,"item_purchase_floors":[3,13,19],"current_hp_per_floor":[69,69,69,69,69,69,68,68,68,67,69,67,67,67,67,57,70,54,54,56,56,56,56,56,56,56,0],"gold":99,"neow_bonus":"HUNDRED_GOLD","is_prod":false,"is_daily":false,"chose_seed":false,"campfire_upgraded":3,"win_rate":0,"timestamp":1547304017,"path_taken":["M","?","$","M","?","R","M","M","T","M","M","M","$","?","R","BOSS","M","?","M","$","?","R","?","?","T","?"],"build_version":"2019-01-10","purchased_purges":1,"victory":false,"max_hp_per_floor":[70,70,70,70,70,70,70,70,70,70,70,70,70,70,70,70,70,70,70,70,70,70,70,70,70,70,70],"card_choices":[{"not_picked":["Tactician","Terror"],"picked":"Dagger Spray","floor":1},{"not_picked":["Leg Sweep","Slice"],"picked":"Well Laid Plans","floor":4},{"not_picked":["Blade Dance","Escape Plan"],"picked":"Glass Knife","floor":7},{"not_picked":["Acrobatics","Endless Agony"],"picked":"Cloak And Dagger","floor":8},{"not_picked":["Riddle With Holes","Bane","Outmaneuver"],"picked":"SKIP","floor":10},{"not_picked":["Tactician","PiercingWail"],"picked":"Backstab","floor":11},{"not_picked":["Dagger Throw","Underhanded Strike"],"picked":"Dash","floor":12},{"not_picked":["Night Terror","Tools of the Trade"],"picked":"After Image","floor":16},{"not_picked":["Distraction","Poisoned Stab+1"],"picked":"Backflip","floor":18},{"not_picked":["Choke","Crippling Poison"],"picked":"Terror+1","floor":20},{"not_picked":["Prepared+1","Endless Agony"],"picked":"Catalyst","floor":25}],"player_experience":69717,"relics_obtained":[{"floor":9,"key":"Blood Vial"},{"floor":26,"key":"Vajra"}],"event_choices":[{"cards_removed":["Strike_G"],"damage_healed":0,"gold_gain":0,"player_choice":"Card Removal","damage_taken":0,"max_hp_gain":0,"max_hp_loss":0,"event_name":"The Cleric","floor":2,"gold_loss":50},{"damage_healed":0,"gold_gain":0,"player_choice":"Box","damage_taken":0,"relics_obtained":["Pantograph"],"max_hp_gain":0,"max_hp_loss":0,"event_name":"Big Fish","floor":5,"gold_loss":0,"cards_obtained":["Regret"]},{"damage_healed":0,"gold_gain":0,"player_choice":"Forge","damage_taken":0,"max_hp_gain":0,"max_hp_loss":0,"event_name":"Accursed Blacksmith","floor":14,"gold_loss":0,"cards_upgraded":["Noxious Fumes"]},{"damage_healed":0,"gold_gain":0,"cards_transformed":["Defend_G","Strike_G"],"player_choice":"Became Test Subject","damage_taken":0,"max_hp_gain":0,"max_hp_loss":0,"event_name":"Drug Dealer","floor":22,"gold_loss":0,"cards_obtained":["Deflect","Doppelganger"]},{"damage_healed":0,"gold_gain":0,"player_choice":"Cursed","damage_taken":0,"max_hp_gain":0,"max_hp_loss":0,"event_name":"Wheel of Change","floor":24,"gold_loss":0,"cards_obtained":["Decay"]},{"damage_healed":0,"gold_gain":0,"player_choice":"Fight","damage_taken":0,"max_hp_gain":0,"max_hp_loss":0,"event_name":"Colosseum","floor":27,"gold_loss":0},{"damage_healed":0,"gold_gain":0,"player_choice":"Fought Nobs","damage_taken":0,"max_hp_gain":0,"max_hp_loss":0,"event_name":"Colosseum","floor":27,"gold_loss":0}],"is_beta":false,"boss_relics":[{"not_picked":["Philosopher\u0027s Stone","Eternal Feather"],"picked":"Black Star"}],"items_purged_floors":[19],"is_endless":false,"potions_floor_spawned":[1,8,10,16,18,25],"killed_by":"Colosseum Nobs","ascension_level":1}