{"gold_per_floor":[119,131,131,143,162,92,121,121,148,148,148,161,176,201,201,201],"floor_reached":16,"playtime":405,"items_purged":[],"score":224,"play_id":"24b6bb0a-69b5-4bc2-b150-36fab5e3f33e","local_time":"20190524025502","is_ascension_mode":true,"campfire_choices":[{"floor":10,"key":"REST"},{"data":"Fiend Fire","floor":15,"key":"SMITH"}],"neow_cost":"NONE","seed_source_timestamp":98033138604900,"circlet_count":0,"master_deck":["AscendersBane","Strike_R","Strike_R+1","Strike_R","Strike_R","Strike_R","Defend_R+1","Defend_R","Defend_R","Defend_R","Bash","Ghostly Armor","Perfected Strike","Combust","Clash","Armaments","Dual Wield","Hemokinesis","Fiend Fire+1"],"relics":["Burning Blood","Ancient Tea Set","Juzu Bracelet","Vajra","Blood Vial","Lantern"],"potions_floor_usage":[7,7,14],"damage_taken":[{"damage":9,"enemies":"2 Louse","floor":1,"turns":3},{"damage":8,"enemies":"Small Slimes","floor":2,"turns":5},{"damage":4,"enemies":"Jaw Worm","floor":4,"turns":6},{"damage":25,"enemies":"Exordium Wildlife","floor":5,"turns":6},{"damage":8,"enemies":"3 Sentries","floor":7,"turns":6},{"damage":10,"enemies":"3 Louse","floor":12,"turns":3},{"damage":6,"enemies":"2 Fungi Beasts","floor":13,"turns":5},{"damage":27,"enemies":"Lagavulin","floor":14,"turns":7},{"damage":36,"enemies":"Slime Boss","floor":16,"turns":6}],"seed_played":"-5954643318494279745","potions_obtained":[{"floor":1,"key":"Energy Potion"},{"floor":5,"key":"AttackPotion"},{"floor":7,"key":"EssenceOfSteel"}],"is_trial":false,"path_per_floor":["M","M","?","M","M","?","E","?","T","R","T","M","M","E","R","B"],"character_chosen":"IRONCLAD","items_purchased":[],"campfire_rested":1,"item_purchase_floors":[],"current_hp_per_floor":[72,70,45,47,28,28,26,26,26,50,50,48,50,31,31,0],"gold":201,"neow_bonus":"TEN_PERCENT_HP_BONUS","is_prod":false,"is_daily":false,"chose_seed":false,"campfire_upgraded":1,"win_rate":0,"timestamp":1558634102,"path_taken":["M","M","?","M","M","?","E","?","T","R","?","M","M","E","R","BOSS"],"build_version":"2019-01-23","purchased_purges":0,"victory":false,"max_hp_per_floor":[82,82,82,82,82,82,82,82,82,82,82,82,82,82,82,82],"card_choices":[{"not_picked":["Clothesline","Thunderclap"],"picked":"Ghostly Armor","floor":1},{"not_picked":["Body Slam","Sever Soul"],"picked":"Perfected Strike","floor":2},{"not_picked":["Havoc","Armaments"],"picked":"Combust","floor":4},{"not_picked":["Corruption","Havoc"],"picked":"Clash","floor":5},{"not_picked":["Shrug It Off","Spot Weakness"],"picked":"Armaments","floor":7},{"not_picked":["Cleave","Clash"],"picked":"Dual Wield","floor":12},{"not_picked":["Warcry","Combust"],"picked":"Hemokinesis","floor":13},{"not_picked":["Twin Strike","Flex"],"picked":"Fiend Fire","floor":14}],"player_experience":5127682,"relics_obtained":[{"floor":7,"key":"Ancient Tea Set"},{"floor":9,"key":"Vajra"},{"floor":11,"key":"Blood Vial"},{"floor":14,"key":"Lantern"}],"event_choices":[{"damage_healed":0,"gold_gain":0,"player_choice":"Entered Light","damage_taken":25,"max_hp_gain":0,"max_hp_loss":0,"event_name":"Shining Light","floor":3,"gold_loss":0,"cards_upgraded":["Strike_R","Defend_R"]},{"damage_healed":0,"gold_gain":0,"player_choice":"Left Gold","damage_taken":0,"max_hp_gain":0,"max_hp_loss":0,"event_name":"World of Goop","floor":6,"gold_loss":70},{"damage_healed":0,"gold_gain":0,"player_choice":"Searched \u00271\u0027 times","damage_taken":0,"relics_obtained":["Juzu Bracelet"],"max_hp_gain":0,"max_hp_loss":0,"event_name":"Dead Adventurer","floor":8,"gold_loss":0}],"is_beta":false,"boss_relics":[],"items_purged_floors":[],"is_endless":false,"potions_floor_spawned":[1,5,7],"killed_by":"Slime Boss","ascension_level":20}