{"gold_per_floor":[16,34,34,34,48,48,60,60,60,60,70,70,85,11,11,11],"floor_reached":16,"playtime":351,"items_purged":[],"score":147,"play_id":"4c107ea8-8bae-446f-bf08-63894b591c62","local_time":"20190711013651","is_ascension_mode":true,"campfire_choices":[{"data":"Bash","floor":6.0,"key":"SMITH"},{"data":"Armaments","floor":10.0,"key":"SMITH"},{"floor":12.0,"key":"REST"},{"floor":15.0,"key":"REST"}],"neow_cost":"NO_GOLD","seed_source_timestamp":1687425679502757,"circlet_count":0,"master_deck":["AscendersBane","Strike_R","Strike_R","Strike_R","Strike_R","Strike_R","Defend_R","Defend_R","Defend_R","Bash+1","Demon Form+1","Pommel Strike","Entrench","Wild Strike","Armaments+1","Pommel Strike","Dual Wield","Whirlwind"],"special_seed":0,"relics":["Burning Blood","Gremlin Horn"],"potions_floor_usage":[16],"damage_taken":[{"damage":7.0,"enemies":"Jaw Worm","floor":1.0,"turns":6.0},{"damage":17.0,"enemies":"Small Slimes","floor":2.0,"turns":4.0},{"damage":11.0,"enemies":"Cultist","floor":5.0,"turns":4.0},{"damage":21.0,"enemies":"Blue Slaver","floor":7.0,"turns":4.0},{"damage":27.0,"enemies":"Exordium Thugs","floor":11.0,"turns":4.0},{"damage":24.0,"enemies":"Large Slime","floor":13.0,"turns":6.0},{"damage":42,"enemies":"Hexaghost","floor":16,"turns":4}],"seed_played":"-2567788636855095941","potions_obtained":[{"floor":5.0,"key":"Explosive Potion"},{"floor":13.0,"key":"GamblersBrew"}],"is_trial":false,"path_per_floor":["M","M","?","?","M","R","M","?","T","R","M","R","M","$","R","B"],"character_chosen":"IRONCLAD","items_purchased":["Whirlwind"],"campfire_rested":2,"item_purchase_floors":[14],"current_hp_per_floor":[71,60,60,60,55,55,40,32,32,32,11,35,17,17,41,0],"gold":11,"neow_bonus":"THREE_RARE_CARDS","is_prod":false,"is_daily":false,"chose_seed":false,"campfire_upgraded":2,"win_rate":0,"timestamp":1562805411,"path_taken":["M","M","?","?","?","R","M","?","T","R","M","R","M","?","R","BOSS"],"build_version":"2019-07-05","purchased_purges":0,"victory":false,"max_hp_per_floor":[80,80,80,80,80,80,80,80,80,80,80,80,80,80,80,80],"card_choices":[{"not_picked":["Immolate","Double Tap"],"picked":"Demon Form","floor":0.0},{"not_picked":["Blood for Blood","Clothesline"],"picked":"Pommel Strike","floor":1.0},{"not_picked":["Warcry","Clash","Body Slam"],"picked":"SKIP","floor":2.0},{"not_picked":["Searing Blow","Sword Boomerang"],"picked":"Wild Strike","floor":5.0},{"not_picked":["Bloodletting","True Grit"],"picked":"Armaments","floor":7.0},{"not_picked":["Bloodletting","Clash"],"picked":"Pommel Strike","floor":11.0},{"not_picked":["Warcry","Heavy Blade"],"picked":"Dual Wield","floor":13.0}],"player_experience":341926,"relics_obtained":[{"floor":9.0,"key":"Gremlin Horn"}],"event_choices":[{"damage_healed":0.0,"max_hp_gain":0.0,"max_hp_loss":0.0,"gold_gain":0.0,"event_name":"Living Wall","player_choice":"Grow","floor":3.0,"gold_loss":0.0,"damage_taken":0.0,"cards_upgraded":["Demon Form"]},{"damage_healed":0.0,"max_hp_gain":0.0,"max_hp_loss":0.0,"gold_gain":0.0,"cards_transformed":["Defend_R"],"event_name":"Transmorgrifier","player_choice":"Transformed","floor":4.0,"gold_loss":0.0,"damage_taken":0.0,"cards_obtained":["Entrench"]},{"damage_healed":0.0,"max_hp_gain":0.0,"max_hp_loss":0.0,"gold_gain":0.0,"event_name":"Wheel of Change","player_choice":"Damaged","floor":8.0,"gold_loss":0.0,"damage_taken":8.0}],"is_beta":false,"boss_relics":[],"items_purged_floors":[],"is_endless":false,"potions_floor_spawned":[5,13],"killed_by":"Hexaghost","ascension_level":12}