{"gold_per_floor":[16,33,33,51,51,51,81,81,107,107],"floor_reached":10,"playtime":225,"items_purged":[],"score":132,"play_id":"28a088f6-ebac-495f-8629-7150d0246a13","local_time":"20190414022723","is_ascension_mode":true,"campfire_choices":[{"data":"Wild Strike","floor":6,"key":"SMITH"},{"data":"Wild Strike","floor":8,"key":"SMITH"}],"neow_cost":"NO_GOLD","seed_source_timestamp":182409967381700,"circlet_count":0,"master_deck":["AscendersBane","Strike_R","Strike_R","Strike_R","Defend_R","Defend_R","Defend_R","Defend_R","Bash","Wild Strike+1","True Grit","Wild Strike+1"],"relics":["Burning Blood","Bronze Scales","Ancient Tea Set"],"potions_floor_usage":[10],"damage_taken":[{"damage":16,"enemies":"Jaw Worm","floor":1,"turns":5},{"damage":3,"enemies":"2 Louse","floor":2,"turns":3},{"damage":5,"enemies":"Small Slimes","floor":4,"turns":4},{"damage":57,"enemies":"Gremlin Nob","floor":7,"turns":5},{"damage":18,"enemies":"3 Sentries","floor":10,"turns":6}],"seed_played":"-2476069221190735809","potions_obtained":[{"floor":7,"key":"Fire Potion"}],"is_trial":false,"path_per_floor":["M","M","?","M","?","R","E","R","T","E"],"character_chosen":"IRONCLAD","items_purchased":[],"campfire_rested":0,"item_purchase_floors":[],"current_hp_per_floor":[58,61,66,67,67,67,16,16,16,0],"gold":107,"neow_bonus":"REMOVE_TWO","is_prod":false,"is_daily":false,"chose_seed":false,"campfire_upgraded":2,"win_rate":0,"timestamp":1555176443,"path_taken":["M","M","?","M","?","R","E","R","T","E"],"build_version":"2019-01-23","purchased_purges":0,"victory":false,"max_hp_per_floor":[75,75,80,80,80,80,80,80,80,80],"card_choices":[{"not_picked":["Clothesline","Ghostly Armor"],"picked":"Wild Strike","floor":1},{"not_picked":["Sword Boomerang","Dropkick","Thunderclap"],"picked":"SKIP","floor":2},{"not_picked":["Thunderclap","Havoc"],"picked":"True Grit","floor":4},{"not_picked":["Body Slam","Infernal Blade"],"picked":"Wild Strike","floor":7}],"player_experience":4782688,"relics_obtained":[{"floor":7,"key":"Bronze Scales"},{"floor":9,"key":"Ancient Tea Set"}],"event_choices":[{"damage_healed":0,"gold_gain":0,"player_choice":"Donut","damage_taken":0,"max_hp_gain":5,"max_hp_loss":0,"event_name":"Big Fish","floor":3,"gold_loss":0},{"damage_healed":0,"gold_gain":0,"player_choice":"Ignored","damage_taken":0,"max_hp_gain":0,"max_hp_loss":0,"event_name":"Liars Game","floor":5,"gold_loss":0}],"is_beta":false,"boss_relics":[],"items_purged_floors":[],"is_endless":false,"potions_floor_spawned":[7],"killed_by":"3 Sentries","ascension_level":20}