{"gold_per_floor":[112,112,129,54,54,54,69,69,69,98,118,43,56,73,73,144,144,158,158,158,169,69,69,79,93,93,168,188,188,188,201,201,272,272,287,287,302,4,21,21,50,50,50,50,50,75,423,440,440,440,440,440,440,98,131,131],"floor_reached":57,"playtime":2448,"items_purged":["Strike_G","Flying Knee","Quick Slash+1"],"score":3224,"play_id":"9bdb9cb9-d829-4b30-8c5f-931dee5c5190","local_time":"20190722030754","is_ascension_mode":true,"campfire_choices":[{"data":"Flechettes","floor":6,"key":"SMITH"},{"data":"Bullet Time","floor":8,"key":"SMITH"},{"data":"Reflex","floor":15,"key":"SMITH"},{"data":"Acrobatics","floor":23,"key":"SMITH"},{"data":"Backflip","floor":29,"key":"SMITH"},{"data":"Well Laid Plans","floor":32,"key":"SMITH"},{"data":"Adrenaline","floor":40,"key":"SMITH"},{"floor":42,"key":"RECALL"},{"data":"Blur","floor":45,"key":"SMITH"},{"data":"Acrobatics","floor":49,"key":"SMITH"},{"data":"Survivor","floor":53,"key":"SMITH"}],"neow_cost":"PERCENT_DAMAGE","seed_source_timestamp":101648469371000,"circlet_count":0,"master_deck":["AscendersBane","Survivor+1","Neutralize","Flechettes+1","Backflip+1","Acrobatics+1","Reflex+1","Doppelganger","Grand Finale","Concentrate+1","Accuracy+1","Well Laid Plans+1","After Image","Blur+1","Adrenaline+1","Acrobatics+1"],"relics":["Ring of the Snake","Letter Opener","Bottled Flame","Astrolabe","Bird Faced Urn","Cursed Key","TheAbacus","Mercury Hourglass","Orichalcum","Old Coin","Cauldron","Vajra"],"potions_floor_usage":[10,16,16,21,37,56,56,56],"damage_taken":[{"damage":0,"enemies":"2 Louse","floor":1,"turns":3},{"damage":0,"enemies":"Cultist","floor":3,"turns":3},{"damage":0,"enemies":"Small Slimes","floor":7,"turns":2},{"damage":15,"enemies":"3 Sentries","floor":10,"turns":8},{"damage":8,"enemies":"Blue Slaver","floor":11,"turns":3},{"damage":5,"enemies":"Lots of Slimes","floor":13,"turns":3},{"damage":0,"enemies":"Exordium Thugs","floor":14,"turns":4},{"damage":7,"enemies":"Slime Boss","floor":16,"turns":5},{"damage":0,"enemies":"Chosen","floor":18,"turns":2},{"damage":0,"enemies":"Shell Parasite","floor":21,"turns":1},{"damage":0,"enemies":"Snake Plant","floor":24,"turns":2},{"damage":0,"enemies":"Snecko","floor":25,"turns":2},{"damage":0,"enemies":"3 Cultists","floor":28,"turns":2},{"damage":11,"enemies":"Centurion and Healer","floor":31,"turns":2},{"damage":0,"enemies":"Champ","floor":33,"turns":2},{"damage":0,"enemies":"3 Darklings","floor":35,"turns":1},{"damage":15,"enemies":"3 Shapes","floor":37,"turns":2},{"damage":4,"enemies":"Writhing Mass","floor":39,"turns":2},{"damage":0,"enemies":"Giant Head","floor":41,"turns":2},{"damage":0,"enemies":"Nemesis","floor":46,"turns":1},{"damage":0,"enemies":"2 Orb Walkers","floor":47,"turns":2},{"damage":0,"enemies":"Spire Growth","floor":48,"turns":1},{"damage":0,"enemies":"Awakened One","floor":50,"turns":2},{"damage":0,"enemies":"Donu and Deca","floor":51,"turns":1},{"damage":0,"enemies":"Shield and Spear","floor":55,"turns":1},{"damage":0,"enemies":"The Heart","floor":56,"turns":4}],"seed_played":"-4751788356989379947","potions_obtained":[{"floor":1,"key":"Fire Potion"},{"floor":10,"key":"Fruit Juice"},{"floor":14,"key":"Fire Potion"},{"floor":18,"key":"Swift Potion"},{"floor":28,"key":"Fire Potion"},{"floor":35,"key":"Energy Potion"},{"floor":46,"key":"Regen Potion"},{"floor":54,"key":"Dexterity Potion"},{"floor":54,"key":"EntropicBrew"}],"is_trial":false,"path_per_floor":["M","?","M","?","$","R","M","R","T","E","M","$","M","M","R","B",null,"M","?","?","M","$","R","M","M","T","T","M","R","?","M","R","B",null,"M","?","M","$","M","R","E","R","T","?","R","E","?","M","R","B","B",null,"R","$","E","B",null],"character_chosen":"THE_SILENT","items_purchased":["TheAbacus","Adrenaline","Cauldron"],"campfire_rested":0,"item_purchase_floors":[38,38,54],"current_hp_per_floor":[44,44,44,44,44,44,44,44,44,34,26,26,21,21,21,14,57,57,57,57,57,57,57,57,57,57,57,61,61,61,54,54,58,68,71,61,52,52,54,54,60,60,60,60,60,66,71,71,71,71,71,71,71,71,71,71],"gold":131,"neow_bonus":"TRANSFORM_TWO_CARDS","is_prod":false,"is_daily":false,"chose_seed":false,"campfire_upgraded":10,"win_rate":0,"timestamp":1563732474,"path_taken":["M","?","?","?","$","R","M","R","T","E","M","$","M","M","R","BOSS","M","?","?","M","$","R","M","?","T","?","M","R","?","M","R","BOSS","M","?","M","$","M","R","E","R","T","?","R","E","?","M","R","BOSS","BOSS","R","$","E","BOSS"],"build_version":"2019-07-17","purchased_purges":3,"victory":true,"max_hp_per_floor":[66,66,66,66,66,66,66,66,66,71,71,71,71,71,71,71,71,71,71,71,71,71,71,71,71,71,71,71,71,71,71,71,71,71,71,71,71,71,71,71,71,71,71,71,71,71,71,71,71,71,71,71,71,71,71,71],"card_choices":[{"not_picked":["Slice","Cloak And Dagger"],"picked":"Predator","floor":1},{"not_picked":["Calculated Gamble","PiercingWail"],"picked":"Backflip","floor":3},{"not_picked":["Dagger Spray","Sucker Punch"],"picked":"Acrobatics","floor":7},{"not_picked":["Noxious Fumes","Outmaneuver"],"picked":"Reflex","floor":10},{"not_picked":["Deflect","Catalyst","Bane"],"picked":"SKIP","floor":11},{"not_picked":["Flying Knee","Skewer"],"picked":"Doppelganger","floor":13},{"not_picked":["Quick Slash","Distraction","PiercingWail"],"picked":"SKIP","floor":14},{"not_picked":["Night Terror","Wraith Form v2"],"picked":"Grand Finale","floor":16},{"not_picked":["PiercingWail","Eviscerate+1"],"picked":"Well Laid Plans","floor":21},{"not_picked":["Accuracy","Cloak And Dagger","Dodge and Roll+1"],"picked":"SKIP","floor":24},{"not_picked":["Leg Sweep","Predator","Sucker Punch+1"],"picked":"SKIP","floor":25},{"not_picked":["Expertise","Glass Knife","Deflect"],"picked":"SKIP","floor":28},{"not_picked":["Quick Slash","Acrobatics","Blade Dance"],"picked":"SKIP","floor":31},{"not_picked":["Corpse Explosion","A Thousand Cuts"],"picked":"After Image","floor":33},{"not_picked":["Catalyst","Outmaneuver"],"picked":"Blur","floor":35},{"not_picked":["PiercingWail","Quick Slash+1","Poisoned Stab"],"picked":"SKIP","floor":37},{"not_picked":["Flechettes+1","Crippling Poison","Bouncing Flask"],"picked":"SKIP","floor":39},{"not_picked":["Dagger Spray","Sucker Punch+1","Poisoned Stab+1"],"picked":"SKIP","floor":41},{"not_picked":["Bullet Time","Setup","Leg Sweep+1"],"picked":"SKIP","floor":46},{"not_picked":["Bane","Leg Sweep"],"picked":"Acrobatics","floor":47},{"not_picked":["Finisher","Predator","Dagger Throw+1"],"picked":"SKIP","floor":48},{"not_picked":["Prepared","Well Laid Plans","PiercingWail+1"],"picked":"SKIP","floor":55}],"player_experience":5776379,"relics_obtained":[{"floor":9,"key":"Letter Opener"},{"floor":10,"key":"Bottled Flame"},{"floor":26,"key":"Bird Faced Urn"},{"floor":41,"key":"Mercury Hourglass"},{"floor":46,"key":"Orichalcum"},{"floor":47,"key":"Old Coin"},{"floor":55,"key":"Vajra"}],"event_choices":[{"cards_removed":["Strike_G"],"damage_healed":0,"gold_gain":0,"player_choice":"Purged","damage_taken":0,"max_hp_gain":0,"max_hp_loss":0,"event_name":"Purifier","floor":2,"gold_loss":0},{"cards_removed":["Strike_G"],"damage_healed":0,"gold_gain":0,"player_choice":"Card Removal","damage_taken":0,"max_hp_gain":0,"max_hp_loss":0,"event_name":"The Cleric","floor":4,"gold_loss":75},{"damage_healed":0,"gold_gain":0,"cards_transformed":["Defend_G","Defend_G"],"player_choice":"Became Test Subject","damage_taken":0,"max_hp_gain":0,"max_hp_loss":0,"event_name":"Drug Dealer","floor":19,"gold_loss":0,"cards_obtained":["Flying Knee","Bullet Time"]},{"cards_removed":["Bullet Time"],"damage_healed":0,"gold_gain":0,"player_choice":"Purged","damage_taken":0,"max_hp_gain":0,"max_hp_loss":0,"event_name":"Purifier","floor":20,"gold_loss":0},{"cards_removed":["Bullet Time"],"damage_healed":0,"gold_gain":0,"player_choice":"Elegance","damage_taken":0,"max_hp_gain":0,"max_hp_loss":0,"event_name":"Back to Basics","floor":30,"gold_loss":0},{"damage_healed":0,"gold_gain":0,"player_choice":"Memory 3","damage_taken":10,"max_hp_gain":0,"max_hp_loss":0,"event_name":"SensoryStone","floor":36,"gold_loss":0},{"cards_removed":["Predator"],"damage_healed":0,"gold_gain":0,"player_choice":"Removed Attack","damage_taken":0,"max_hp_gain":0,"max_hp_loss":0,"event_name":"Falling","floor":44,"gold_loss":0},{"damage_healed":0,"gold_gain":0,"player_choice":"Fight","damage_taken":0,"max_hp_gain":0,"max_hp_loss":0,"event_name":"Mysterious Sphere","floor":47,"gold_loss":0}],"is_beta":false,"boss_relics":[{"not_picked":["Eternal Feather","Orrery"],"picked":"Astrolabe"},{"not_picked":["Fusion Hammer","Pandora\u0027s Box"],"picked":"Cursed Key"}],"items_purged_floors":[12,22,54],"is_endless":false,"potions_floor_spawned":[1,10,14,18,28,35,46,48],"ascension_level":20}