{"gold_per_floor":[117,5,33,63,23,23,68,83,83,83,106,84,109,109,109,109],"floor_reached":16,"playtime":825,"items_purged":["Strike_R","Strike_R","Defend_R"],"score":182,"play_id":"f8d264c9-8b57-47a1-b63d-95d819c40d6d","local_time":"20190704145651","is_ascension_mode":true,"campfire_choices":[{"floor":6,"key":"REST"},{"floor":15,"key":"REST"}],"neow_cost":"","seed_source_timestamp":1130160739612173,"circlet_count":0,"master_deck":["Strike_R","Strike_R","Strike_R","Defend_R","Defend_R","Defend_R","Bash","Shrug It Off","vexMod:BloodToGold","Exhume","Shrug It Off","Fire Breathing","Sentinel","Shockwave","Iron Wave","hubris:StunningStrike","strawberrySpire:DebrisPile","Power Through","ReplayTheSpireMod:??????????????????????"],"relics":["Burning Blood","infinitespire:CursedDice","Sling","Turnip","infinitespire:EmpoweringShard","vexMod:TreasureMap","infinitespire:Satchel","strawberrySpire:PoopsieRoll","Golden Idol"],"potions_floor_usage":[3,7,16],"damage_taken":[{"damage":0,"enemies":"Small Slimes","floor":1,"turns":3},{"damage":4,"enemies":"conspire:RoseBush","floor":3,"turns":3},{"damage":17,"enemies":"infinitespire:Voidling","floor":4,"turns":4},{"damage":46,"enemies":"Gremlin Nob","floor":7,"turns":5},{"damage":15,"enemies":"Large Slime","floor":8,"turns":11},{"damage":10,"enemies":"Looter","floor":11,"turns":3},{"damage":0,"enemies":"Gremlin Gang","floor":13,"turns":1},{"damage":54,"enemies":"vexMod:DaggerThrower","floor":16,"turns":23}],"seed_played":"3856968397410031720","potions_obtained":[{"floor":1,"key":"AttackPotion"},{"floor":3,"key":"Regen Potion"},{"floor":11,"key":"Block Potion"}],"is_trial":false,"path_per_floor":["M","$","M","M","$","R","E","M","T","?","M","$","M","?","R","B"],"character_chosen":"IRONCLAD","items_purchased":["Sling","Shrug It Off","infinitespire:EmpoweringShard","vexMod:TreasureMap","Exhume","Sentinel","strawberrySpire:DebrisPile"],"campfire_rested":2,"item_purchase_floors":[0,0,0,0,2,5,12],"current_hp_per_floor":[38,38,40,29,29,53,28,19,19,19,15,15,21,21,43,0],"gold":109,"neow_bonus":"","is_prod":false,"is_daily":false,"chose_seed":false,"campfire_upgraded":0,"win_rate":0,"timestamp":1562248611,"path_taken":["M","$","M","M","$","R","E","M","T","?","M","$","M","?","R","BOSS"],"build_version":"2019-07-01","purchased_purges":3,"victory":false,"max_hp_per_floor":[80,80,80,80,80,80,80,80,80,74,74,74,74,74,74,74],"card_choices":[{"not_picked":["Sword Boomerang","strawberrySpire:Overwork"],"picked":"vexMod:BloodToGold","floor":1},{"not_picked":["Massacre","Fire Breathing"],"picked":"Shrug It Off","floor":3},{"not_picked":["Perfected Strike","ReplayTheSpireMod:Strike From Hell"],"picked":"Fire Breathing","floor":4},{"not_picked":["Run Through","ReplayTheSpireMod:Limb From Limb"],"picked":"Shockwave","floor":7},{"not_picked":["strawberrySpire:Spite","Abandon"],"picked":"Iron Wave","floor":8},{"not_picked":["Sword Boomerang","Headbutt"],"picked":"hubris:StunningStrike","floor":11},{"not_picked":["strawberrySpire:Conflagrate","Massacre"],"picked":"Power Through","floor":13}],"player_experience":130541,"relics_obtained":[{"floor":7,"key":"infinitespire:Satchel"},{"floor":9,"key":"strawberrySpire:PoopsieRoll"}],"event_choices":[{"damage_healed":0,"gold_gain":0,"player_choice":"Lose Max HP","damage_taken":0,"relics_obtained":["Golden Idol"],"max_hp_gain":0,"max_hp_loss":6,"event_name":"Golden Idol","floor":10,"gold_loss":0}],"is_beta":false,"boss_relics":[],"items_purged_floors":[0,0,0],"is_endless":false,"potions_floor_spawned":[1,3,11],"killed_by":"vexMod:DaggerThrower","ascension_level":4}