{"gold_per_floor":[20,37,54,64,81,81,111,124,147,147,172,172,172,204,204,278,278,297,313,330,6,18,18,43,43,43,43,71,71,84,95,95,174,174,194,211,211,257,257,285,285,84,84,21,54,74,88,104,104,104,104,104,104,24,56,56],"floor_reached":56,"playtime":3379,"items_purged":["Strike_B","Strike_B","Defend_B"],"score":2288,"play_id":"479f1fc9-9ce1-4156-b044-51c680b1fb11","local_time":"20190703020740","is_ascension_mode":true,"campfire_choices":[{"data":"Sunder","floor":6.0,"key":"SMITH"},{"floor":10.0,"key":"REST"},{"data":"Fusion","floor":15.0,"key":"SMITH"},{"floor":23.0,"key":"REST"},{"data":"Defragment","floor":25.0,"key":"SMITH"},{"data":"Biased Cognition","floor":27.0,"key":"SMITH"},{"data":"Coolheaded","floor":29.0,"key":"SMITH"},{"data":"White Noise","floor":32.0,"key":"SMITH"},{"floor":41.0,"key":"RECALL"},{"data":"Seek","floor":49.0,"key":"SMITH"},{"data":"Reboot","floor":53.0,"key":"SMITH"}],"neow_cost":"NO_GOLD","seed_source_timestamp":8629408091900,"circlet_count":0,"master_deck":["AscendersBane","Defend_B","Zap","Dualcast","Sweeping Beam","BootSequence","Sunder+1","Static Discharge","FTL","Cold Snap","Fusion+1","Stack","Cold Snap","Reboot+1","Tempest","Go for the Eyes+1","Genetic Algorithm","Glacier","Defragment+1","Coolheaded+1","Biased Cognition+1","Auto Shields+1","White Noise+1","Seek+1","Capacitor+1","Self Repair","Barrage+1","Double Energy","Turbo+1","Loop+1","Capacitor","Compile Driver+1","Steam Power+1"],"special_seed":0,"relics":["Cracked Core","Dodecahedron","Vajra","Ice Cream","DataDisk","Nuclear Battery","Membership Card","Ancient Tea Set","Potion Belt","Cursed Key","FossilizedHelix","Regal Pillow","ClockworkSouvenir","Omamori","Bag of Preparation"],"potions_floor_usage":[56],"damage_taken":[{"damage":1.0,"enemies":"Cultist","floor":1.0,"turns":3.0},{"damage":0.0,"enemies":"2 Louse","floor":2.0,"turns":2.0},{"damage":0.0,"enemies":"Small Slimes","floor":3.0,"turns":3.0},{"damage":0.0,"enemies":"2 Fungi Beasts","floor":4.0,"turns":2.0},{"damage":10.0,"enemies":"3 Louse","floor":5.0,"turns":2.0},{"damage":20.0,"enemies":"3 Sentries","floor":7.0,"turns":7.0},{"damage":0.0,"enemies":"Blue Slaver","floor":8.0,"turns":2.0},{"damage":8.0,"enemies":"Lagavulin","floor":11.0,"turns":6.0},{"damage":11.0,"enemies":"Gremlin Nob","floor":14.0,"turns":3.0},{"damage":31.0,"enemies":"The Guardian","floor":16.0,"turns":11.0},{"damage":0.0,"enemies":"Spheric Guardian","floor":18.0,"turns":3.0},{"damage":0.0,"enemies":"Chosen","floor":19.0,"turns":2.0},{"damage":12.0,"enemies":"Snake Plant","floor":20.0,"turns":3.0},{"damage":11.0,"enemies":"Sentry and Sphere","floor":22.0,"turns":4.0},{"damage":0.0,"enemies":"Slavers","floor":24.0,"turns":4.0},{"damage":0.0,"enemies":"Gremlin Leader","floor":28.0,"turns":5.0},{"damage":0.0,"enemies":"3 Cultists","floor":30.0,"turns":4.0},{"damage":0.0,"enemies":"Snecko","floor":31.0,"turns":4.0},{"damage":0.0,"enemies":"Champ","floor":33.0,"turns":14.0},{"damage":0.0,"enemies":"Orb Walker","floor":35.0,"turns":3.0},{"damage":6.0,"enemies":"3 Darklings","floor":36.0,"turns":4.0},{"damage":11.0,"enemies":"2 Orb Walkers","floor":38.0,"turns":4.0},{"damage":0.0,"enemies":"Giant Head","floor":40.0,"turns":9.0},{"damage":0.0,"enemies":"Reptomancer","floor":45.0,"turns":7.0},{"damage":0.0,"enemies":"Spire Growth","floor":46.0,"turns":4.0},{"damage":0.0,"enemies":"Writhing Mass","floor":47.0,"turns":5.0},{"damage":0.0,"enemies":"4 Shapes","floor":48.0,"turns":4.0},{"damage":0.0,"enemies":"Time Eater","floor":50.0,"turns":10.0},{"damage":14.0,"enemies":"Awakened One","floor":51.0,"turns":16.0},{"damage":53.0,"enemies":"Shield and Spear","floor":55.0,"turns":6.0},{"damage":54,"enemies":"The Heart","floor":56,"turns":5}],"seed_played":"2919212109847273532","potions_obtained":[{"floor":3.0,"key":"FearPotion"},{"floor":7.0,"key":"Block Potion"},{"floor":14.0,"key":"SteroidPotion"},{"floor":18.0,"key":"Poison Potion"},{"floor":19.0,"key":"AttackPotion"},{"floor":28.0,"key":"Dexterity Potion"},{"floor":35.0,"key":"EssenceOfSteel"},{"floor":40.0,"key":"SkillPotion"},{"floor":45.0,"key":"Block Potion"}],"is_trial":false,"path_per_floor":["M","M","M","M","M","R","E","M","T","R","E","?","?","E","R","B",null,"M","M","M","$","M","R","E","R","T","R","E","R","M","M","R","B",null,"M","M","?","?","?","E","R","$","T","$","E","M","M","M","R","B","B",null,"R","$","E","B"],"character_chosen":"DEFECT","items_purchased":["Membership Card","Glacier","Defragment","ClockworkSouvenir","Double Energy","FocusPotion","Regen Potion"],"campfire_rested":2,"item_purchase_floors":[21,21,21,42,42,54,54],"current_hp_per_floor":[63,63,63,63,53,53,33,33,33,54,46,46,51,40,40,9,59,59,59,47,47,36,58,58,58,58,58,58,58,58,58,58,58,72,72,66,66,55,55,69,69,69,69,69,72,72,72,72,72,72,65,70,70,70,36,0],"gold":56,"neow_bonus":"REMOVE_TWO","is_prod":false,"is_daily":false,"chose_seed":false,"campfire_upgraded":8,"win_rate":0,"timestamp":1562087260,"path_taken":["M","M","M","M","M","R","E","M","T","R","E","?","?","E","R","BOSS","M","M","M","$","M","R","E","R","T","R","E","R","M","M","R","BOSS","M","M","?","?","?","E","R","$","T","?","E","M","M","M","R","BOSS","BOSS","R","$","E","BOSS"],"build_version":"2019-07-01","purchased_purges":3,"victory":false,"max_hp_per_floor":[71,71,71,71,71,71,71,71,71,71,71,71,76,76,76,76,76,76,76,76,76,76,76,76,76,76,76,76,76,76,76,76,76,76,76,76,76,76,72,72,72,72,72,72,72,72,72,72,72,72,72,72,72,72,72,72],"card_choices":[{"not_picked":["Compile Driver","Go for the Eyes"],"picked":"Sweeping Beam","floor":1.0},{"not_picked":["Reinforced Body","White Noise"],"picked":"BootSequence","floor":2.0},{"not_picked":["BootSequence","White Noise"],"picked":"Sunder","floor":3.0},{"not_picked":["Leap","Recycle"],"picked":"Static Discharge","floor":4.0},{"not_picked":["White Noise","Turbo"],"picked":"FTL","floor":5.0},{"not_picked":["Barrage","Fusion"],"picked":"Cold Snap","floor":7.0},{"not_picked":["Redo","Sweeping Beam","Gash"],"picked":"SKIP","floor":8.0},{"not_picked":["Redo","Sweeping Beam","Gash"],"picked":"SKIP","floor":8.0},{"not_picked":["Beam Cell","Consume"],"picked":"Fusion","floor":11.0},{"not_picked":["Streamline","Gash"],"picked":"Cold Snap","floor":14.0},{"not_picked":["All For One","Amplify"],"picked":"Reboot","floor":16.0},{"not_picked":["Ball Lightning+1","Consume"],"picked":"Tempest","floor":18.0},{"not_picked":["White Noise","Genetic Algorithm"],"picked":"Go for the Eyes+1","floor":19.0},{"not_picked":["FTL","Doom and Gloom"],"picked":"Genetic Algorithm","floor":20.0},{"not_picked":["Cold Snap","Beam Cell+1"],"picked":"Coolheaded","floor":22.0},{"not_picked":["Skim","Sweeping Beam"],"picked":"Biased Cognition","floor":24.0},{"not_picked":["Auto Shields+1","Redo","Stack+1"],"picked":"SKIP","floor":28.0},{"not_picked":["Redo","Stack+1"],"picked":"Auto Shields+1","floor":28.0},{"not_picked":["Barrage+1","Rebound","Reinforced Body"],"picked":"SKIP","floor":30.0},{"not_picked":["Barrage+1","Rebound","Reinforced Body"],"picked":"SKIP","floor":30.0},{"not_picked":["Sweeping Beam","Blizzard"],"picked":"White Noise","floor":31.0},{"not_picked":["Reboot","Amplify"],"picked":"Seek","floor":33.0},{"not_picked":["Coolheaded","Storm","Aggregate"],"picked":"SKIP","floor":35.0},{"not_picked":["Stack","Ball Lightning"],"picked":"Capacitor+1","floor":36.0},{"not_picked":["Undo","Conserve Battery"],"picked":"Self Repair","floor":38.0},{"not_picked":["Steam","Beam Cell"],"picked":"Barrage+1","floor":40.0},{"not_picked":["Heatsinks","Consume"],"picked":"Turbo+1","floor":45.0},{"not_picked":["Hologram","Capacitor"],"picked":"Loop+1","floor":46.0},{"not_picked":["Rebound","Blizzard"],"picked":"Capacitor","floor":47.0},{"not_picked":["Rainbow","Hologram+1"],"picked":"Compile Driver+1","floor":48.0},{"not_picked":["Cold Snap","Streamline+1"],"picked":"Steam Power+1","floor":55.0}],"player_experience":5563348,"relics_obtained":[{"floor":7.0,"key":"Dodecahedron"},{"floor":9.0,"key":"Vajra"},{"floor":11.0,"key":"Ice Cream"},{"floor":14.0,"key":"DataDisk"},{"floor":24.0,"key":"Ancient Tea Set"},{"floor":28.0,"key":"Potion Belt"},{"floor":38.0,"key":"FossilizedHelix"},{"floor":40.0,"key":"Regal Pillow"},{"floor":45.0,"key":"Omamori"},{"floor":55.0,"key":"Bag of Preparation"}],"event_choices":[{"damage_healed":0.0,"max_hp_gain":0.0,"max_hp_loss":0.0,"gold_gain":0.0,"cards_transformed":["Strike_B"],"event_name":"Living Wall","player_choice":"Change","floor":12.0,"gold_loss":0.0,"damage_taken":0.0,"cards_obtained":["Stack"]},{"damage_healed":0.0,"max_hp_gain":5.0,"max_hp_loss":0.0,"gold_gain":0.0,"event_name":"Big Fish","player_choice":"Donut","floor":13.0,"gold_loss":0.0,"damage_taken":0.0},{"cards_removed":["Defend_B"],"damage_healed":0.0,"max_hp_gain":0.0,"max_hp_loss":0.0,"gold_gain":0.0,"event_name":"Falling","player_choice":"Removed Skill","floor":37.0,"gold_loss":0.0,"damage_taken":0.0},{"damage_healed":0.0,"max_hp_gain":0.0,"max_hp_loss":0.0,"gold_gain":0.0,"event_name":"Mysterious Sphere","player_choice":"Fight","floor":38.0,"gold_loss":0.0,"damage_taken":0.0},{"damage_healed":0.0,"max_hp_gain":0.0,"max_hp_loss":4.0,"gold_gain":0.0,"event_name":"Winding Halls","player_choice":"Max HP","floor":39.0,"gold_loss":0.0,"damage_taken":0.0}],"is_beta":false,"boss_relics":[{"not_picked":["Busted Crown","Runic Pyramid"],"picked":"Nuclear Battery"},{"not_picked":["Lizard Tail","FrozenCore"],"picked":"Cursed Key"}],"items_purged_floors":[21,42,44],"is_endless":false,"potions_floor_spawned":[3,7,8,14,18,19,20,28,35,40,45],"killed_by":"The Heart","ascension_level":20}