{"gold_per_floor":[113,131,145,160,160,160,44,57,80,109,109,170,187,217,217,217],"floor_reached":16,"playtime":481,"items_purged":["Strike_G"],"score":244,"play_id":"e65a021e-9319-4a44-94b3-f03673835c7e","local_time":"20190515043723","is_ascension_mode":true,"campfire_choices":[{"data":"Neutralize","floor":6,"key":"SMITH"},{"data":"Dagger Spray","floor":11,"key":"SMITH"},{"floor":15,"key":"REST"}],"neow_cost":"TEN_PERCENT_HP_LOSS","seed_source_timestamp":815605385897200,"circlet_count":0,"master_deck":["AscendersBane","Defend_G","Defend_G","Defend_G","Defend_G","Defend_G","Strike_G","Strike_G","Strike_G","Strike_G","Survivor","Neutralize+1","Corpse Explosion","Dagger Spray+1","Dagger Throw","PiercingWail","Bouncing Flask","Corpse Explosion","Cloak And Dagger","Footwork","Flying Knee","Escape Plan","Bullet Time"],"special_seed":0,"relics":["Ring of the Snake","Lantern","Art of War","Tiny Chest","Vajra"],"potions_floor_usage":[10,12,12,16],"damage_taken":[{"damage":0.0,"enemies":"Jaw Worm","floor":1.0,"turns":5.0},{"damage":1.0,"enemies":"Cultist","floor":2.0,"turns":3.0},{"damage":1.0,"enemies":"Small Slimes","floor":3.0,"turns":4.0},{"damage":3.0,"enemies":"Blue Slaver","floor":4.0,"turns":6.0},{"damage":8,"enemies":"3 Louse","floor":8,"turns":2},{"damage":3,"enemies":"3 Sentries","floor":10,"turns":4},{"damage":16,"enemies":"Lagavulin","floor":12,"turns":6},{"damage":0,"enemies":"Exordium Wildlife","floor":13,"turns":2},{"damage":38,"enemies":"Gremlin Nob","floor":14,"turns":4},{"damage":27,"enemies":"Slime Boss","floor":16,"turns":5}],"seed_played":"2235113109318716054","potions_obtained":[{"floor":3.0,"key":"SteroidPotion"},{"floor":4.0,"key":"PowerPotion"},{"floor":10,"key":"Regen Potion"},{"floor":14,"key":"Swift Potion"}],"is_trial":false,"path_per_floor":["M","M","M","M","?","R","$","M","T","E","R","E","M","E","R","B"],"character_chosen":"THE_SILENT","items_purchased":["Footwork"],"campfire_rested":1,"item_purchase_floors":[7],"current_hp_per_floor":[59,58,57,54,54,54,54,46,46,43,43,42,42,4,22,0],"gold":217,"neow_bonus":"THREE_RARE_CARDS","is_prod":false,"is_daily":false,"chose_seed":false,"campfire_upgraded":2,"win_rate":0,"timestamp":1557862643,"path_taken":["M","M","M","M","?","R","?","M","T","E","R","E","?","E","R","BOSS"],"build_version":"2019-01-23","purchased_purges":1,"victory":false,"max_hp_per_floor":[60,60,60,60,60,60,60,60,60,60,60,60,60,60,60,60],"card_choices":[{"not_picked":["Adrenaline","Venomology"],"picked":"Corpse Explosion","floor":0.0},{"not_picked":["PiercingWail","Choke"],"picked":"Dagger Spray","floor":1.0},{"not_picked":["Acrobatics","Choke"],"picked":"Dagger Throw","floor":2.0},{"not_picked":["Choke","Outmaneuver"],"picked":"PiercingWail","floor":3.0},{"not_picked":["Cloak And Dagger","Slice"],"picked":"Bouncing Flask","floor":4.0},{"not_picked":["Envenom","Flechettes"],"picked":"Flying Knee","floor":8},{"not_picked":["Bane","Underhanded Strike","Flying Knee"],"picked":"SKIP","floor":10},{"not_picked":["Cloak And Dagger","Outmaneuver","Prepared"],"picked":"SKIP","floor":12},{"not_picked":["Backflip","Underhanded Strike"],"picked":"Escape Plan","floor":13},{"not_picked":["All Out Attack","Deadly Poison"],"picked":"Bullet Time","floor":14}],"player_experience":5032003,"relics_obtained":[{"floor":9,"key":"Lantern"},{"floor":10,"key":"Art of War"},{"floor":12,"key":"Tiny Chest"},{"floor":14,"key":"Vajra"}],"event_choices":[{"damage_healed":0,"gold_gain":0,"player_choice":"2 cards matched","damage_taken":0,"max_hp_gain":0,"max_hp_loss":0,"event_name":"Match and Keep!","floor":5,"gold_loss":0,"cards_obtained":["Corpse Explosion","Cloak And Dagger"]}],"is_beta":false,"boss_relics":[],"items_purged_floors":[7],"is_endless":false,"potions_floor_spawned":[3,4,10,14],"killed_by":"Slime Boss","ascension_level":20}