{"gold_per_floor":[115,75,87,105,105,139,139,170,170,186,202,202,219,219,219,292,292,311,311,311,149,149],"floor_reached":22,"playtime":584,"items_purged":["Strike_B"],"score":388,"play_id":"9d9992ec-e6c4-46b2-ba02-2f904f0433c4","local_time":"20190605232519","is_ascension_mode":true,"campfire_choices":[{"data":"Dualcast","floor":7,"key":"SMITH"},{"data":"Chaos","floor":12,"key":"SMITH"},{"data":"Leap","floor":15,"key":"SMITH"}],"neow_cost":"NONE","seed_source_timestamp":870394273905600,"circlet_count":0,"master_deck":["AscendersBane","Strike_B","Strike_B","Strike_B","Defend_B","Defend_B","Defend_B","Defend_B","Zap","Dualcast+1","Rip and Tear","Rebound","Ball Lightning","Echo Form","Chaos+1","Leap+1","Sweeping Beam+1","Cold Snap","Echo Form","Fusion","Echo Form","Consume"],"special_seed":0,"relics":["Cracked Core","NeowsBlessing","Lantern","Dodecahedron","Dream Catcher","Regal Pillow","Inserter"],"potions_floor_usage":[6,6,16,16],"damage_taken":[{"damage":0.0,"enemies":"2 Louse","floor":1.0,"turns":1.0},{"damage":0.0,"enemies":"Cultist","floor":3.0,"turns":1.0},{"damage":0.0,"enemies":"Small Slimes","floor":4.0,"turns":1.0},{"damage":20,"enemies":"3 Sentries","floor":6,"turns":6},{"damage":10,"enemies":"Lagavulin","floor":8,"turns":5},{"damage":11,"enemies":"3 Louse","floor":10,"turns":2},{"damage":5,"enemies":"Red Slaver","floor":11,"turns":2},{"damage":7,"enemies":"Large Slime","floor":13,"turns":5},{"damage":16,"enemies":"Slime Boss","floor":16,"turns":9},{"damage":28,"enemies":"Shell Parasite","floor":18,"turns":4},{"damage":43,"enemies":"3 Byrds","floor":22,"turns":4}],"seed_played":"-8631196864144335272","potions_obtained":[{"floor":1.0,"key":"Dexterity Potion"},{"floor":2.0,"key":"Regen Potion"},{"floor":2.0,"key":"Explosive Potion"},{"floor":4.0,"key":"Regen Potion"},{"floor":10,"key":"Explosive Potion"},{"floor":11,"key":"PowerPotion"}],"is_trial":false,"path_per_floor":["M","?","M","M","?","E","R","E","T","M","M","R","M","?","R","B",null,"M","?","?","$","M"],"character_chosen":"DEFECT","items_purchased":["Consume"],"campfire_rested":0,"item_purchase_floors":[21],"current_hp_per_floor":[64,64,64,64,46,66,66,56,56,45,40,40,33,33,33,17,58,30,30,30,30,0],"gold":149,"neow_bonus":"THREE_ENEMY_KILL","is_prod":false,"is_daily":false,"chose_seed":false,"campfire_upgraded":3,"win_rate":0,"timestamp":1559744719,"path_taken":["M","?","M","?","?","E","R","E","T","M","M","R","M","?","R","BOSS","M","?","?","$","M"],"build_version":"2019-01-23","purchased_purges":1,"victory":false,"max_hp_per_floor":[71,71,71,71,71,71,71,71,71,71,71,71,71,71,71,71,71,71,71,71,71,71],"card_choices":[{"not_picked":["Reinforced Body","Conserve Battery"],"picked":"Rip and Tear","floor":1.0},{"not_picked":["Steam Power","Barrage"],"picked":"Rebound","floor":3.0},{"not_picked":["Chaos","Reinforced Body"],"picked":"Ball Lightning","floor":4.0},{"not_picked":["Redo","Turbo"],"picked":"Echo Form","floor":6},{"not_picked":["Meteor Strike","Steam"],"picked":"Chaos","floor":8},{"not_picked":["Steam","Cold Snap"],"picked":"Leap","floor":10},{"not_picked":["Rebound","Go for the Eyes"],"picked":"Sweeping Beam","floor":11},{"not_picked":["Auto Shields","Stack"],"picked":"Cold Snap","floor":13},{"not_picked":["Machine Learning","Hyperbeam"],"picked":"Echo Form","floor":16},{"not_picked":["Lockon","Ball Lightning"],"picked":"Fusion","floor":18}],"player_experience":5278290,"relics_obtained":[{"floor":6,"key":"Dodecahedron"},{"floor":8,"key":"Dream Catcher"},{"floor":9,"key":"Regal Pillow"}],"event_choices":[{"damage_healed":0.0,"max_hp_gain":0.0,"max_hp_loss":0.0,"gold_gain":0.0,"event_name":"The Woman in Blue","player_choice":"Bought 3 Potions","floor":2.0,"gold_loss":0.0,"damage_taken":0.0},{"damage_healed":0,"gold_gain":0,"player_choice":"Success","damage_taken":18,"relics_obtained":["Lantern"],"max_hp_gain":0,"max_hp_loss":0,"event_name":"Scrap Ooze","floor":5,"gold_loss":0},{"damage_healed":0,"gold_gain":0,"player_choice":"Upgraded","damage_taken":0,"max_hp_gain":0,"max_hp_loss":0,"event_name":"Upgrade Shrine","floor":14,"gold_loss":0,"cards_upgraded":["Sweeping Beam"]},{"damage_healed":0,"gold_gain":0,"player_choice":"Ignored","damage_taken":0,"max_hp_gain":0,"max_hp_loss":0,"event_name":"Cursed Tome","floor":19,"gold_loss":0},{"damage_healed":0,"gold_gain":0,"player_choice":"Copied","damage_taken":0,"max_hp_gain":0,"max_hp_loss":0,"event_name":"Duplicator","floor":20,"gold_loss":0,"cards_obtained":["Echo Form"]}],"is_beta":false,"boss_relics":[{"not_picked":["Philosopher\u0027s Stone","Fusion Hammer"],"picked":"Inserter"}],"items_purged_floors":[21],"is_endless":false,"potions_floor_spawned":[1,4,10,11],"killed_by":"3 Byrds","ascension_level":20}