{"gold_per_floor":[110,128,128,128,141,167,178,212,212,241,241,241,267,281,281,385,385,398,398,413,425,95,95,130,130,179,198,198,198,213,243,243,243],"floor_reached":33,"playtime":1501,"items_purged":["Strike_B"],"score":357,"play_id":"7ade9643-6daf-4b32-94b0-f543b5e06981","local_time":"20190719180423","is_ascension_mode":true,"campfire_choices":[{"floor":12,"key":"REST"},{"floor":15,"key":"REST"},{"floor":23,"key":"RECALL"},{"floor":29,"key":"DIG"},{"floor":32,"key":"REST"}],"neow_cost":"CURSE","seed_source_timestamp":776866487104300,"circlet_count":0,"master_deck":["Strike_B","Strike_B","Strike_B","Defend_B","Defend_B","Zap","Dualcast","Doubt","Heatsinks","Skim","Ball Lightning","Coolheaded","Defragment","Seek","Ball Lightning","Stack","Capacitor+1","Loop+1","Hologram","Electrodynamics+1","Redo","Defragment+1","Chaos","White Noise","Writhe","Static Discharge+1","Ball Lightning+1"],"relics":["Cracked Core","Thread and Needle","Vajra","Orichalcum","Frozen Egg 2","Dream Catcher","Gremlin Horn","Philosopher\u0027s Stone","Bottled Tornado","Ancient Tea Set","Shovel","Bag of Marbles","Boot","Pen Nib"],"potions_floor_usage":[6,8,10,16,16,16,16,20,27,31,31,31],"damage_taken":[{"damage":1,"enemies":"Small Slimes","floor":1,"turns":3},{"damage":10,"enemies":"Jaw Worm","floor":2,"turns":4},{"damage":5,"enemies":"Cultist","floor":5,"turns":4},{"damage":17,"enemies":"3 Sentries","floor":6,"turns":5},{"damage":12,"enemies":"Exordium Wildlife","floor":7,"turns":3},{"damage":0,"enemies":"Lagavulin","floor":8,"turns":6},{"damage":12,"enemies":"3 Sentries","floor":10,"turns":7},{"damage":5,"enemies":"Gremlin Nob","floor":13,"turns":4},{"damage":7,"enemies":"Exordium Thugs","floor":14,"turns":4},{"damage":27,"enemies":"The Guardian","floor":16,"turns":8},{"damage":1,"enemies":"Chosen","floor":18,"turns":4},{"damage":14,"enemies":"Spheric Guardian","floor":20,"turns":4},{"damage":3,"enemies":"Snecko","floor":21,"turns":5},{"damage":8,"enemies":"Gremlin Leader","floor":24,"turns":4},{"damage":12,"enemies":"3 Cultists","floor":27,"turns":3},{"damage":7,"enemies":"Centurion and Healer","floor":30,"turns":4},{"damage":10,"enemies":"Book of Stabbing","floor":31,"turns":5},{"damage":69,"enemies":"Champ","floor":33,"turns":6}],"seed_played":"-5391303154761367939","potions_obtained":[{"floor":1,"key":"FocusPotion"},{"floor":6,"key":"Weak Potion"},{"floor":7,"key":"Swift Potion"},{"floor":8,"key":"EntropicBrew"},{"floor":16,"key":"LiquidBronze"},{"floor":18,"key":"Fruit Juice"},{"floor":24,"key":"LiquidBronze"},{"floor":27,"key":"SpeedPotion"},{"floor":30,"key":"EssenceOfSteel"}],"is_trial":false,"path_per_floor":["M","M","?","T","M","E","M","E","T","E","?","R","E","M","R","B",null,"M","?","M","M","$","R","E","?","T","M","?","R","M","E","R","B"],"character_chosen":"DEFECT","items_purchased":["Bottled Tornado"],"campfire_rested":3,"item_purchase_floors":[22],"current_hp_per_floor":[74,64,64,64,59,42,30,30,30,18,18,40,35,28,50,23,75,74,60,46,43,43,43,35,35,35,23,49,49,42,37,62,0],"gold":243,"neow_bonus":"ONE_RARE_RELIC","is_prod":false,"is_daily":false,"chose_seed":false,"campfire_upgraded":0,"win_rate":0,"timestamp":1563577463,"path_taken":["M","M","?","?","?","E","M","E","T","E","?","R","E","M","R","BOSS","M","?","M","M","$","R","E","?","T","?","?","R","M","E","R","BOSS"],"build_version":"2019-07-17","purchased_purges":1,"victory":false,"max_hp_per_floor":[75,75,75,75,75,75,75,75,75,75,75,75,75,75,75,75,75,75,80,80,80,80,80,80,80,80,80,80,80,80,85,85,85],"card_choices":[{"not_picked":["Stack","Sweeping Beam"],"picked":"Heatsinks","floor":1},{"not_picked":["Steam","Fusion"],"picked":"Skim","floor":2},{"not_picked":["Darkness","Cold Snap"],"picked":"Coolheaded","floor":5},{"not_picked":["Sweeping Beam","Turbo"],"picked":"Defragment","floor":6},{"not_picked":["Barrage","Steam"],"picked":"Seek","floor":7},{"not_picked":["Leap","Beam Cell"],"picked":"Ball Lightning","floor":8},{"not_picked":["Steam","Sweeping Beam"],"picked":"Stack","floor":10},{"not_picked":["Steam","Rebound"],"picked":"Loop+1","floor":12},{"not_picked":["Go for the Eyes","Skim","Compile Driver"],"picked":"SKIP","floor":13},{"not_picked":["Gash","Melter"],"picked":"Hologram","floor":14},{"not_picked":["Biased Cognition+1","Echo Form+1"],"picked":"Electrodynamics+1","floor":16},{"not_picked":["Steam+1","Coolheaded"],"picked":"Redo","floor":18},{"not_picked":["FTL+1","Coolheaded"],"picked":"Defragment+1","floor":20},{"not_picked":["Redo","Sweeping Beam+1"],"picked":"Chaos","floor":21},{"not_picked":["Barrage","Sweeping Beam+1"],"picked":"White Noise","floor":24},{"not_picked":["Rebound+1","Conserve Battery"],"picked":"Static Discharge+1","floor":27},{"not_picked":["Barrage","Go for the Eyes","Steam"],"picked":"SKIP","floor":30},{"not_picked":["Lockon","Stack"],"picked":"Ball Lightning+1","floor":31}],"player_experience":99142,"relics_obtained":[{"floor":6,"key":"Vajra"},{"floor":8,"key":"Orichalcum"},{"floor":9,"key":"Frozen Egg 2"},{"floor":10,"key":"Dream Catcher"},{"floor":13,"key":"Gremlin Horn"},{"floor":24,"key":"Ancient Tea Set"},{"floor":26,"key":"Bag of Marbles"},{"floor":29,"key":"Boot"},{"floor":31,"key":"Pen Nib"}],"event_choices":[{"damage_healed":0,"gold_gain":0,"cards_transformed":["Defend_B"],"player_choice":"Change","damage_taken":0,"max_hp_gain":0,"max_hp_loss":0,"event_name":"Living Wall","floor":3,"gold_loss":0,"cards_obtained":["Ball Lightning"]},{"damage_healed":0,"gold_gain":0,"cards_transformed":["Defend_B"],"player_choice":"Transformed","damage_taken":0,"max_hp_gain":0,"max_hp_loss":0,"event_name":"Transmorgrifier","floor":11,"gold_loss":0,"cards_obtained":["Capacitor"]},{"damage_healed":0,"gold_gain":0,"player_choice":"Shed Blood","damage_taken":19,"max_hp_gain":5,"max_hp_loss":0,"event_name":"Forgotten Altar","floor":19,"gold_loss":0},{"damage_healed":0,"gold_gain":0,"player_choice":"Opened","damage_taken":0,"relics_obtained":["Shovel"],"max_hp_gain":0,"max_hp_loss":0,"event_name":"The Mausoleum","floor":25,"gold_loss":0,"cards_obtained":["Writhe"]},{"damage_healed":26,"gold_gain":0,"player_choice":"Heal","damage_taken":0,"max_hp_gain":0,"max_hp_loss":0,"event_name":"The Library","floor":28,"gold_loss":0}],"is_beta":false,"boss_relics":[{"not_picked":["Lizard Tail","Orrery"],"picked":"Philosopher\u0027s Stone"}],"items_purged_floors":[22],"is_endless":false,"potions_floor_spawned":[1,6,7,8,16,18,24,27,30],"killed_by":"Champ","ascension_level":1}