{"gold_per_floor":[111,111,128,141,38,38,63,63,63,63,63,84,8,8,8,104,104,117,130,148,19,19,19],"floor_reached":23,"playtime":530,"items_purged":["Strike_R","Strike_R"],"score":403,"play_id":"51448940-0171-45a3-b5e6-b1bba4b0e0fd","local_time":"20190512013408","is_ascension_mode":true,"campfire_choices":[{"data":"Armaments","floor":6.0,"key":"SMITH"},{"floor":11.0,"key":"REST"},{"data":"Juggernaut","floor":15.0,"key":"SMITH"}],"neow_cost":"","seed_source_timestamp":543524938329000,"circlet_count":0,"master_deck":["Juggernaut+1","Juggernaut","Juggernaut","Juggernaut","Juggernaut","Defend_R+1","Defend_R+1","Defend_R+1","Defend_R+1","Bash","Strike_R+1","Strike_R+1","Shockwave","Cleave","Combust","Armaments+1","Rupture","Carnage","Feel No Pain","Impervious","Shrug It Off","Shrug It Off"],"special_seed":0,"relics":["Burning Blood","Dodecahedron","Dead Branch","Golden Idol","Bag of Preparation","Snecko Eye"],"potions_floor_usage":[23],"damage_taken":[{"damage":14.0,"enemies":"Jaw Worm","floor":1.0,"turns":4.0},{"damage":7.0,"enemies":"Small Slimes","floor":3.0,"turns":4.0},{"damage":10.0,"enemies":"2 Louse","floor":4.0,"turns":3.0},{"damage":17.0,"enemies":"Lagavulin","floor":7.0,"turns":7.0},{"damage":12.0,"enemies":"Blue Slaver","floor":12.0,"turns":4.0},{"damage":28.0,"enemies":"Hexaghost","floor":16.0,"turns":9.0},{"damage":1.0,"enemies":"3 Byrds","floor":18.0,"turns":3.0},{"damage":30.0,"enemies":"Shell Parasite","floor":19.0,"turns":6.0},{"damage":23.0,"enemies":"Chosen and Byrds","floor":20.0,"turns":5.0},{"damage":36,"enemies":"Gremlin Leader","floor":23,"turns":5}],"seed_played":"7269928425498534876","potions_obtained":[{"floor":4.0,"key":"Regen Potion"},{"floor":7.0,"key":"SteroidPotion"},{"floor":20.0,"key":"GamblersBrew"}],"is_trial":true,"path_per_floor":["M","?","M","M","$","R","E","?","T","?","R","M","$","?","R","B",null,"M","M","M","$","?","E"],"character_chosen":"IRONCLAD","items_purchased":["Armaments","Feel No Pain","Shrug It Off"],"campfire_rested":1,"item_purchase_floors":[5,13,21],"current_hp_per_floor":[60,42,41,37,37,37,41,15,15,15,37,31,31,31,31,9,59,64,40,23,23,23,0],"gold":19,"neow_bonus":"","is_prod":false,"is_daily":false,"chose_seed":false,"campfire_upgraded":2,"win_rate":0,"timestamp":1557592448,"path_taken":["M","?","M","M","$","R","E","?","T","?","R","M","?","?","R","BOSS","M","M","M","$","?","E"],"build_version":"2019-01-23","purchased_purges":2,"victory":false,"max_hp_per_floor":[75,75,75,75,75,75,75,75,75,75,75,75,75,75,75,75,75,75,75,75,75,75,75],"card_choices":[{"not_picked":["Cleave","Uppercut"],"picked":"Shockwave","floor":1.0},{"not_picked":["Dual Wield","Uppercut"],"picked":"Cleave","floor":3.0},{"not_picked":["Warcry","Perfected Strike"],"picked":"Combust","floor":4.0},{"not_picked":["Combust","Iron Wave","Havoc"],"picked":"SKIP","floor":7.0},{"not_picked":["Spot Weakness","Intimidate"],"picked":"Carnage","floor":12.0},{"not_picked":["Limit Break","Dark Embrace"],"picked":"Impervious","floor":16.0},{"not_picked":["Warcry","Reckless Charge","Evolve"],"picked":"SKIP","floor":18.0},{"not_picked":["Iron Wave+1","Heavy Blade+1","Thunderclap"],"picked":"SKIP","floor":19.0},{"not_picked":["Metallicize","Sword Boomerang"],"picked":"Shrug It Off","floor":20.0}],"player_experience":4990818,"relics_obtained":[{"floor":7.0,"key":"Dead Branch"},{"floor":9.0,"key":"Bag of Preparation"}],"event_choices":[{"damage_healed":0.0,"max_hp_gain":0.0,"max_hp_loss":0.0,"gold_gain":0.0,"event_name":"Scrap Ooze","player_choice":"Success","floor":2.0,"gold_loss":0.0,"damage_taken":18.0,"relics_obtained":["Dodecahedron"]},{"damage_healed":0.0,"max_hp_gain":0.0,"max_hp_loss":0.0,"gold_gain":0.0,"event_name":"Golden Idol","player_choice":"Take Damage","floor":8.0,"gold_loss":0.0,"damage_taken":26.0,"relics_obtained":["Golden Idol"]},{"damage_healed":0.0,"max_hp_gain":0.0,"max_hp_loss":0.0,"gold_gain":0.0,"cards_transformed":["Strike_R"],"event_name":"Living Wall","player_choice":"Change","floor":10.0,"gold_loss":0.0,"damage_taken":0.0,"cards_obtained":["Rupture"]},{"damage_healed":0.0,"max_hp_gain":0.0,"max_hp_loss":0.0,"gold_gain":0.0,"event_name":"The Cleric","player_choice":"Leave","floor":14.0,"gold_loss":0.0,"damage_taken":0.0},{"damage_healed":0.0,"max_hp_gain":0.0,"max_hp_loss":0.0,"gold_gain":0.0,"event_name":"Back to Basics","player_choice":"Simplicity","floor":22.0,"gold_loss":0.0,"damage_taken":0.0,"cards_upgraded":["Defend_R","Defend_R","Defend_R","Defend_R","Strike_R","Strike_R"]}],"is_beta":false,"boss_relics":[{"not_picked":["Lizard Tail","Philosopher\u0027s Stone"],"picked":"Snecko Eye"}],"items_purged_floors":[5,21],"is_endless":false,"potions_floor_spawned":[4,7,20],"killed_by":"Gremlin Leader","ascension_level":20}