{"gold_per_floor":[114,133,147,161,161,161,188,207,207,221,31,61,61,80,80,157,157,174,74,85,85,164,164],"floor_reached":23,"playtime":1199,"items_purged":["Pain","Strike_R"],"score":406,"play_id":"96a8da8f-0bfb-4cc3-9a16-ac7bd20ebc64","local_time":"20190601024909","is_ascension_mode":true,"campfire_choices":[{"data":"Whirlwind","floor":6.0,"key":"SMITH"},{"data":"Second Wind","floor":15.0,"key":"SMITH"}],"neow_cost":"NONE","seed_source_timestamp":449831160441900,"circlet_count":0,"master_deck":["AscendersBane","Strike_R","Strike_R","Strike_R","Defend_R","Defend_R","Defend_R","Defend_R","Bash","Whirlwind+1","Iron Wave","Seeing Red","Evolve","Sword Boomerang","Second Wind+1","Headbutt","Feel No Pain+1","Ghostly Armor","Warcry","Thunderclap","Dark Embrace+1","Immolate","Body Slam","Body Slam"],"special_seed":0,"relics":["Burning Blood","WarpedTongs","Frozen Egg 2","Pantograph","Velvet Choker","Dodecahedron"],"potions_floor_usage":[23,23],"damage_taken":[{"damage":9.0,"enemies":"Jaw Worm","floor":1.0,"turns":6.0},{"damage":7.0,"enemies":"Cultist","floor":2.0,"turns":4.0},{"damage":0.0,"enemies":"Small Slimes","floor":3.0,"turns":2.0},{"damage":19.0,"enemies":"Red Slaver","floor":4.0,"turns":5.0},{"damage":15.0,"enemies":"3 Sentries","floor":7.0,"turns":4.0},{"damage":8.0,"enemies":"Looter","floor":8.0,"turns":4.0},{"damage":9.0,"enemies":"3 Louse","floor":10.0,"turns":4.0},{"damage":37.0,"enemies":"Gremlin Nob","floor":12.0,"turns":5.0},{"damage":12.0,"enemies":"2 Fungi Beasts","floor":14.0,"turns":3.0},{"damage":20.0,"enemies":"Slime Boss","floor":16.0,"turns":9.0},{"damage":21.0,"enemies":"Shell Parasite","floor":18.0,"turns":6.0},{"damage":22.0,"enemies":"Chosen","floor":20.0,"turns":5.0},{"damage":42,"enemies":"Book of Stabbing","floor":23,"turns":4}],"seed_played":"7697635918990172158","potions_obtained":[{"floor":1.0,"key":"Explosive Potion"},{"floor":3.0,"key":"SpeedPotion"},{"floor":8.0,"key":"SkillPotion"},{"floor":12.0,"key":"PowerPotion"},{"floor":18.0,"key":"Poison Potion"},{"floor":20.0,"key":"LiquidBronze"}],"is_trial":false,"path_per_floor":["M","M","M","M","?","R","E","M","T","M","$","E","?","M","R","B",null,"M","$","M","$","T","E"],"character_chosen":"IRONCLAD","items_purchased":["Feel No Pain+1","Ghostly Armor"],"campfire_rested":0,"item_purchase_floors":[11,11],"current_hp_per_floor":[72,71,77,64,64,64,55,53,53,50,50,19,19,13,13,24,68,53,53,37,37,37,0],"gold":164,"neow_bonus":"TEN_PERCENT_HP_BONUS","is_prod":false,"is_daily":false,"chose_seed":false,"campfire_upgraded":2,"win_rate":0,"timestamp":1559324949,"path_taken":["M","M","M","M","?","R","E","M","T","?","$","E","?","M","R","BOSS","M","$","M","?","?","E"],"build_version":"2019-01-23","purchased_purges":2,"victory":false,"max_hp_per_floor":[82,82,82,82,82,82,82,82,82,82,82,82,82,82,82,82,82,82,82,82,82,82,82],"card_choices":[{"not_picked":["Iron Wave","Fire Breathing"],"picked":"Whirlwind","floor":1.0},{"not_picked":["Sentinel","Body Slam"],"picked":"Iron Wave","floor":2.0},{"not_picked":["Sever Soul","Exhume"],"picked":"Seeing Red","floor":3.0},{"not_picked":["True Grit","Rupture"],"picked":"Evolve","floor":4.0},{"not_picked":["Entrench","Perfected Strike"],"picked":"Sword Boomerang","floor":7.0},{"not_picked":["Body Slam","Sentinel"],"picked":"Second Wind","floor":8.0},{"not_picked":["Twin Strike","Pommel Strike"],"picked":"Headbutt","floor":10.0},{"not_picked":["Clothesline","Clash"],"picked":"Warcry","floor":12.0},{"not_picked":["Armaments","Iron Wave"],"picked":"Dark Embrace+1","floor":14.0},{"not_picked":["Dark Embrace+1","Feed"],"picked":"Immolate","floor":16.0},{"not_picked":["Armaments","Pommel Strike"],"picked":"Body Slam","floor":18.0},{"not_picked":["Twin Strike","Havoc"],"picked":"Body Slam","floor":20.0}],"player_experience":5234222,"relics_obtained":[{"floor":7.0,"key":"Frozen Egg 2"},{"floor":12.0,"key":"Pantograph"},{"floor":22.0,"key":"Dodecahedron"}],"event_choices":[{"damage_healed":0.0,"max_hp_gain":0.0,"max_hp_loss":0.0,"gold_gain":0.0,"event_name":"Accursed Blacksmith","player_choice":"Rummage","floor":5.0,"gold_loss":0.0,"damage_taken":0.0,"relics_obtained":["WarpedTongs"],"cards_obtained":["Pain"]},{"damage_healed":0.0,"max_hp_gain":0.0,"max_hp_loss":0.0,"gold_gain":0.0,"cards_transformed":["Strike_R"],"event_name":"Transmorgrifier","player_choice":"Transformed","floor":13.0,"gold_loss":0.0,"damage_taken":0.0,"cards_obtained":["Thunderclap"]}],"is_beta":false,"boss_relics":[{"not_picked":["Black Blood","Empty Cage"],"picked":"Velvet Choker"}],"items_purged_floors":[11,19],"is_endless":false,"potions_floor_spawned":[1,3,8,12,18,20],"killed_by":"Book of Stabbing","ascension_level":20}