{"gold_per_floor":[109,125,50,61,74,74,103,113,113,139,139,157,207,224,224,299,299,311,311,12,24,24,24,24,24,48,67,67,67],"floor_reached":29,"playtime":778,"items_purged":["Doom and Gloom"],"score":474,"play_id":"34834d3b-fb3f-4375-bf6a-6bafb4198877","local_time":"20190725002911","is_ascension_mode":true,"campfire_choices":[{"data":"Dualcast","floor":6.0,"key":"SMITH"},{"floor":11.0,"key":"REST"},{"data":"Redo","floor":15.0,"key":"SMITH"},{"floor":23.0,"key":"REST"},{"floor":28,"key":"REST"}],"neow_cost":"NONE","seed_source_timestamp":53767768862400,"circlet_count":0,"master_deck":["AscendersBane","Defend_B","Defend_B","Defend_B","Defend_B","Zap","Dualcast+1","Multi-Cast","Ball Lightning","Double Energy","Darkness","Compile Driver","Cold Snap","Echo Form","Redo+1","All For One","Doom and Gloom+1","Amplify+1","Blizzard+1","Ghostly","Ghostly","Ghostly","Hologram+1"],"special_seed":0,"relics":["Cracked Core","Regal Pillow","Vajra","Ancient Tea Set","Astrolabe","Membership Card","Potion Belt"],"potions_floor_usage":[],"damage_taken":[{"damage":9.0,"enemies":"Jaw Worm","floor":1.0,"turns":4.0},{"damage":0.0,"enemies":"2 Louse","floor":2.0,"turns":3.0},{"damage":1.0,"enemies":"Cultist","floor":4.0,"turns":3.0},{"damage":2.0,"enemies":"Gremlin Gang","floor":5.0,"turns":3.0},{"damage":20.0,"enemies":"Lagavulin","floor":7.0,"turns":5.0},{"damage":11.0,"enemies":"Blue Slaver","floor":8.0,"turns":3.0},{"damage":19.0,"enemies":"3 Sentries","floor":10.0,"turns":5.0},{"damage":0.0,"enemies":"2 Fungi Beasts","floor":12.0,"turns":2.0},{"damage":28.0,"enemies":"Exordium Thugs","floor":14.0,"turns":5.0},{"damage":4.0,"enemies":"Slime Boss","floor":16.0,"turns":7.0},{"damage":21.0,"enemies":"Shell Parasite","floor":18.0,"turns":2.0},{"damage":1.0,"enemies":"3 Byrds","floor":19.0,"turns":2.0},{"damage":38.0,"enemies":"Snake Plant","floor":21.0,"turns":4.0},{"damage":22,"enemies":"Snecko","floor":27,"turns":5},{"damage":38,"enemies":"Cultist and Chosen","floor":29,"turns":5}],"seed_played":"8068443783921391915","potions_obtained":[{"floor":1.0,"key":"Fire Potion"},{"floor":2.0,"key":"FearPotion"},{"floor":5.0,"key":"SkillPotion"},{"floor":7.0,"key":"Block Potion"},{"floor":16.0,"key":"Fire Potion"},{"floor":18.0,"key":"SmokeBomb"}],"is_trial":false,"path_per_floor":["M","M","?","M","M","R","E","M","T","E","R","M","?","M","R","B",null,"M","M","$","M","$","R","?","?","T","M","R","M"],"character_chosen":"DEFECT","items_purchased":["Membership Card","Regen Potion"],"campfire_rested":3,"item_purchase_floors":[20,20],"current_hp_per_floor":[55,55,55,54,52,52,32,21,21,2,38,38,38,10,10,6,55,34,33,33,7,7,43,35,35,35,13,35,0],"gold":67,"neow_bonus":"ONE_RANDOM_RARE_CARD","is_prod":false,"is_daily":false,"chose_seed":false,"campfire_upgraded":2,"win_rate":0,"timestamp":1563982151,"path_taken":["M","M","?","M","M","R","E","M","T","E","R","M","?","?","R","BOSS","M","?","$","M","$","R","?","?","T","M","R","M"],"build_version":"2019-07-17","purchased_purges":1,"victory":false,"max_hp_per_floor":[71,71,71,71,71,71,71,71,71,71,71,71,71,71,71,71,71,71,71,71,71,71,71,35,35,35,35,35,35],"card_choices":[{"not_picked":["Genetic Algorithm","Skim"],"picked":"Ball Lightning","floor":1.0},{"not_picked":["Auto Shields","Steam"],"picked":"Double Energy","floor":2.0},{"not_picked":["Leap","Skim"],"picked":"Darkness","floor":4.0},{"not_picked":["Leap","Hello World"],"picked":"Compile Driver","floor":5.0},{"not_picked":["Aggregate","Force Field"],"picked":"Cold Snap","floor":7.0},{"not_picked":["Stack","Reprogram","Chaos"],"picked":"SKIP","floor":8.0},{"not_picked":["Ball Lightning","Cold Snap"],"picked":"Echo Form","floor":10.0},{"not_picked":["Auto Shields","Streamline"],"picked":"Doom and Gloom","floor":12.0},{"not_picked":["Compile Driver","Blizzard"],"picked":"Redo","floor":14.0},{"not_picked":["Creative AI","Buffer"],"picked":"All For One","floor":16.0},{"not_picked":["Redo","Ball Lightning","Stack"],"picked":"SKIP","floor":18.0},{"not_picked":["Sunder","Streamline","Steam"],"picked":"SKIP","floor":21.0},{"not_picked":["Cold Snap","Storm"],"picked":"Hologram+1","floor":27}],"player_experience":5805993,"relics_obtained":[{"floor":7.0,"key":"Regal Pillow"},{"floor":9.0,"key":"Vajra"},{"floor":10.0,"key":"Ancient Tea Set"},{"floor":26,"key":"Potion Belt"}],"event_choices":[{"cards_removed":["Strike_B"],"damage_healed":0.0,"max_hp_gain":0.0,"max_hp_loss":0.0,"gold_gain":0.0,"event_name":"The Cleric","player_choice":"Card Removal","floor":3.0,"gold_loss":75.0,"damage_taken":0.0},{"damage_healed":0.0,"max_hp_gain":0.0,"max_hp_loss":0.0,"gold_gain":50.0,"event_name":"Golden Shrine","player_choice":"Pray","floor":13.0,"gold_loss":0.0,"damage_taken":0.0},{"damage_healed":0,"gold_gain":0,"player_choice":"Became a Ghost","damage_taken":0,"max_hp_gain":0,"max_hp_loss":36,"event_name":"Ghosts","floor":24,"gold_loss":0,"cards_obtained":["Ghostly","Ghostly","Ghostly"]},{"damage_healed":0,"gold_gain":0,"player_choice":"Ignored","damage_taken":0,"max_hp_gain":0,"max_hp_loss":0,"event_name":"N\u0027loth","floor":25,"gold_loss":0}],"is_beta":false,"boss_relics":[{"not_picked":["Orrery","Cursed Key"],"picked":"Astrolabe"}],"items_purged_floors":[20],"is_endless":false,"potions_floor_spawned":[1,2,5,7,16,18,19],"killed_by":"Cultist and Chosen","ascension_level":20}