{"gold_per_floor":[111,130,140,65,140,140,154,187,187,187,213,213,229,257,257,334,334,354,122,122,122,122,122,186,198,198,215,215,41,41,91,91,164,164,177,193,212,231,121,147,147,162,185,195,249,264,274,291,291,291,291,291,291,10,44,44],"floor_reached":57,"playtime":2382,"items_purged":["Strike_B","Pain"],"score":2948,"play_id":"b6c543be-17ae-48d8-9f02-fc62bc6be6d9","local_time":"20190726004353","is_ascension_mode":true,"campfire_choices":[{"data":"Buffer","floor":6,"key":"SMITH"},{"data":"Echo Form","floor":10,"key":"SMITH"},{"data":"Dualcast","floor":15,"key":"SMITH"},{"data":"Self Repair","floor":23,"key":"SMITH"},{"data":"Darkness","floor":28,"key":"SMITH"},{"data":"Loop","floor":32,"key":"SMITH"},{"floor":41,"key":"RECALL"},{"data":"Biased Cognition","floor":49,"key":"SMITH"},{"data":"Defragment","floor":53,"key":"SMITH"}],"neow_cost":"NONE","seed_source_timestamp":139446445819900,"circlet_count":0,"master_deck":["AscendersBane","Defend_B","Defend_B+1","Zap","Dualcast+1","Buffer+1","Coolheaded","Doom and Gloom","Beam Cell","Coolheaded","Echo Form+1","Melter","Self Repair+1","Lockon","Core Surge","Compile Driver+1","Darkness+1","Recycle","Consume","Rainbow","Force Field","Cold Snap+1","Loop+1","Biased Cognition+1","Hologram+1","Glacier","Defragment+1","Blizzard+1","Glacier","Stack+1","Coolheaded+1","Steam Power+1"],"relics":["Cracked Core","Shuriken","Bottled Tornado","Darkstone Periapt","Question Card","Velvet Choker","PreservedInsect","WarpedTongs","Tiny Chest","Du-Vu Doll","Symbiotic Virus","Eternal Feather","Bird Faced Urn","DataDisk","Runic Capacitor","Bag of Preparation"],"potions_floor_usage":[11,11,13,18,33,42,42,50,55],"damage_taken":[{"damage":2,"enemies":"2 Louse","floor":1,"turns":3},{"damage":2,"enemies":"Jaw Worm","floor":2,"turns":4},{"damage":0,"enemies":"Small Slimes","floor":3,"turns":4},{"damage":1,"enemies":"Looter","floor":7,"turns":3},{"damage":0,"enemies":"Lagavulin","floor":8,"turns":6},{"damage":18,"enemies":"3 Sentries","floor":11,"turns":4},{"damage":16,"enemies":"3 Louse","floor":13,"turns":3},{"damage":0,"enemies":"Lagavulin","floor":14,"turns":7},{"damage":0,"enemies":"The Guardian","floor":16,"turns":11},{"damage":29,"enemies":"2 Thieves","floor":18,"turns":4},{"damage":5,"enemies":"Gremlin Leader","floor":24,"turns":6},{"damage":0,"enemies":"Spheric Guardian","floor":25,"turns":3},{"damage":27,"enemies":"Cultist and Chosen","floor":27,"turns":7},{"damage":0,"enemies":"Automaton","floor":33,"turns":8},{"damage":9,"enemies":"3 Shapes","floor":35,"turns":8},{"damage":11,"enemies":"Orb Walker","floor":36,"turns":3},{"damage":0,"enemies":"Spire Growth","floor":37,"turns":6},{"damage":8,"enemies":"Sphere and 2 Shapes","floor":38,"turns":10},{"damage":26,"enemies":"Giant Head","floor":40,"turns":8},{"damage":37,"enemies":"Transient","floor":42,"turns":6},{"damage":28,"enemies":"Writhing Mass","floor":44,"turns":7},{"damage":0,"enemies":"Sphere and 2 Shapes","floor":46,"turns":7},{"damage":7,"enemies":"4 Shapes","floor":47,"turns":5},{"damage":13,"enemies":"Transient","floor":48,"turns":6},{"damage":5,"enemies":"Donu and Deca","floor":50,"turns":12},{"damage":49,"enemies":"Awakened One","floor":51,"turns":14},{"damage":57,"enemies":"Shield and Spear","floor":55,"turns":17},{"damage":26,"enemies":"The Heart","floor":56,"turns":11}],"seed_played":"-8832596081639318060","potions_obtained":[{"floor":1,"key":"Energy Potion"},{"floor":8,"key":"Energy Potion"},{"floor":11,"key":"PowerPotion"},{"floor":16,"key":"Regen Potion"},{"floor":25,"key":"Block Potion"},{"floor":33,"key":"Poison Potion"},{"floor":36,"key":"Explosive Potion"},{"floor":46,"key":"SpeedPotion"},{"floor":47,"key":"SkillPotion"},{"floor":48,"key":"Energy Potion"}],"is_trial":false,"path_per_floor":["M","M","M","?","?","R","M","E","T","R","E","?","M","E","R","B",null,"M","$","?","?","?","R","E","M","T","M","R","$","T","?","R","B",null,"M","M","M","M","?","E","R","M","T","M","T","M","M","M","R","B","B",null,"R","$","E","B",null],"character_chosen":"DEFECT","items_purchased":["PreservedInsect","Loop","Runic Capacitor","Swift Potion"],"campfire_rested":0,"item_purchase_floors":[19,29,54,54],"current_hp_per_floor":[62,60,60,60,49,49,48,48,48,48,30,23,7,21,21,35,62,59,59,59,59,65,65,70,77,77,70,70,70,70,70,70,77,77,77,76,77,77,77,61,76,72,72,70,70,77,77,77,77,77,62,73,77,77,54,52],"gold":44,"neow_bonus":"ONE_RANDOM_RARE_CARD","is_prod":false,"is_daily":false,"chose_seed":false,"campfire_upgraded":8,"win_rate":0,"timestamp":1564069433,"path_taken":["M","M","M","?","?","R","M","E","T","R","E","?","M","E","R","BOSS","M","$","?","?","?","R","E","M","T","?","R","?","?","?","R","BOSS","M","M","M","M","?","E","R","?","T","M","?","M","M","M","R","BOSS","BOSS","R","$","E","BOSS"],"build_version":"2019-07-17","purchased_purges":2,"victory":true,"max_hp_per_floor":[71,71,71,71,71,71,71,71,71,71,71,71,71,71,71,71,71,71,71,71,71,77,77,77,77,77,77,77,77,77,77,77,77,77,77,77,77,77,77,77,77,77,77,77,77,77,77,77,77,77,77,77,77,77,77,77],"card_choices":[{"not_picked":["Scrape","Hello World"],"picked":"Coolheaded","floor":1},{"not_picked":["Turbo","Coolheaded"],"picked":"Doom and Gloom","floor":2},{"not_picked":["Tempest","Stack"],"picked":"Beam Cell","floor":3},{"not_picked":["Tempest","Beam Cell"],"picked":"Coolheaded","floor":7},{"not_picked":["Coolheaded","Stack"],"picked":"Echo Form","floor":8},{"not_picked":["Reinforced Body","Capacitor"],"picked":"Melter","floor":11},{"not_picked":["Undo","Turbo"],"picked":"Self Repair","floor":13},{"not_picked":["Go for the Eyes","Coolheaded"],"picked":"Lockon","floor":14},{"not_picked":["Amplify","Meteor Strike","Machine Learning"],"picked":"Core Surge","floor":16},{"not_picked":["Lockon","Rebound","Cold Snap"],"picked":"Compile Driver+1","floor":18},{"not_picked":["Chill","Skim","Gash"],"picked":"Rainbow","floor":24},{"not_picked":["Hologram","Go for the Eyes","Ball Lightning+1"],"picked":"Force Field","floor":25},{"not_picked":["Conserve Battery","Compile Driver","Coolheaded"],"picked":"Cold Snap+1","floor":27},{"not_picked":["All For One","Hyperbeam","Meteor Strike"],"picked":"Biased Cognition","floor":33},{"not_picked":["Recycle+1","Conserve Battery","Double Energy+1"],"picked":"Hologram+1","floor":35},{"not_picked":["FTL+1","Steam","Sweeping Beam+1"],"picked":"Glacier","floor":36},{"not_picked":["Hologram+1","White Noise+1","Skim"],"picked":"Defragment","floor":37},{"not_picked":["Rebound+1","Stack","Coolheaded","Sunder"],"picked":"SKIP","floor":38},{"not_picked":["Hyperbeam","Rebound","Thunder Strike"],"picked":"Blizzard+1","floor":40},{"not_picked":["Beam Cell","Streamline","Consume+1"],"picked":"Glacier","floor":42},{"not_picked":["Darkness+1","Redo","Turbo","Aggregate"],"picked":"SKIP","floor":44},{"not_picked":["All For One","Conserve Battery","Rebound"],"picked":"Stack+1","floor":46},{"not_picked":["Sunder+1","Beam Cell+1","Lockon","Steam+1"],"picked":"SKIP","floor":47},{"not_picked":["Redo","Heatsinks","Hologram"],"picked":"Coolheaded+1","floor":48},{"not_picked":["Rebound","Steam","Hello World+1"],"picked":"Steam Power+1","floor":55}],"player_experience":5816190,"relics_obtained":[{"floor":8,"key":"Shuriken"},{"floor":9,"key":"Bottled Tornado"},{"floor":11,"key":"Darkstone Periapt"},{"floor":14,"key":"Question Card"},{"floor":24,"key":"Tiny Chest"},{"floor":26,"key":"Du-Vu Doll"},{"floor":30,"key":"Symbiotic Virus"},{"floor":40,"key":"Bird Faced Urn"},{"floor":45,"key":"DataDisk"},{"floor":55,"key":"Bag of Preparation"}],"event_choices":[{"cards_removed":["Strike_B"],"damage_healed":0,"gold_gain":0,"player_choice":"Card Removal","damage_taken":0,"max_hp_gain":0,"max_hp_loss":0,"event_name":"The Cleric","floor":4,"gold_loss":75},{"damage_healed":0,"gold_gain":75,"player_choice":"Gather Gold","damage_taken":11,"max_hp_gain":0,"max_hp_loss":0,"event_name":"World of Goop","floor":5,"gold_loss":0},{"cards_removed":["Defend_B"],"damage_healed":0,"gold_gain":0,"player_choice":"Card Removal","damage_taken":7,"max_hp_gain":0,"max_hp_loss":0,"event_name":"Golden Wing","floor":12,"gold_loss":0},{"damage_healed":0,"gold_gain":0,"player_choice":"Read","damage_taken":0,"max_hp_gain":0,"max_hp_loss":0,"event_name":"The Library","floor":20,"gold_loss":0,"cards_obtained":["Darkness"]},{"damage_healed":0,"gold_gain":0,"cards_transformed":["Strike_B","Strike_B"],"player_choice":"Became Test Subject","damage_taken":0,"max_hp_gain":0,"max_hp_loss":0,"event_name":"Drug Dealer","floor":21,"gold_loss":0,"cards_obtained":["Recycle","Consume"]},{"damage_healed":0,"gold_gain":0,"player_choice":"Rummage","damage_taken":0,"relics_obtained":["WarpedTongs"],"max_hp_gain":0,"max_hp_loss":0,"event_name":"Accursed Blacksmith","floor":22,"gold_loss":0,"cards_obtained":["Pain"]},{"damage_healed":0,"gold_gain":50,"player_choice":"Stole From Cult","damage_taken":0,"max_hp_gain":0,"max_hp_loss":0,"event_name":"Nest","floor":31,"gold_loss":0},{"cards_removed":["Defend_B"],"damage_healed":0,"gold_gain":0,"player_choice":"Upgrade and Remove","damage_taken":0,"max_hp_gain":0,"max_hp_loss":0,"event_name":"Designer","floor":39,"gold_loss":110,"cards_upgraded":["Defend_B"]}],"is_beta":false,"boss_relics":[{"not_picked":["Ectoplasm","Pandora\u0027s Box"],"picked":"Velvet Choker"},{"not_picked":["FrozenCore","White Beast Statue"],"picked":"Eternal Feather"}],"items_purged_floors":[19,29],"is_endless":false,"potions_floor_spawned":[1,8,11,16,25,33,36,40,46,47,48],"ascension_level":20}