{"gold_per_floor":[113,130,130,141,160,160,192,192,219,259,271,294,306,330,342,354],"floor_reached":16,"playtime":492,"items_purged":[],"score":224,"play_id":"522b3dc6-b2d1-46ec-bc28-0d33685e3e3d","local_time":"20190622235111","is_ascension_mode":true,"campfire_choices":[{"data":"Dagger Spray","floor":6,"key":"SMITH"},{"floor":8,"key":"REST"},{"floor":13,"key":"REST"},{"data":"Crippling Poison","floor":15,"key":"SMITH"}],"neow_cost":"NONE","seed_source_timestamp":364243612141700,"circlet_count":0,"master_deck":["AscendersBane","Defend_G","Defend_G","Defend_G","Defend_G","Defend_G","Strike_G","Strike_G","Strike_G","Strike_G","Strike_G","Survivor","Neutralize","Poisoned Stab","Dagger Spray+1","Finisher","Backflip","Crippling Poison+1","Blade Dance","Dagger Throw","Blur"],"relics":["Sozu","Happy Flower","MawBank","Blood Vial","WingedGreaves"],"potions_floor_usage":[],"damage_taken":[{"damage":1,"enemies":"Cultist","floor":1,"turns":5},{"damage":0,"enemies":"2 Louse","floor":2,"turns":3},{"damage":2,"enemies":"Jaw Worm","floor":4,"turns":5},{"damage":3,"enemies":"Blue Slaver","floor":5,"turns":3},{"damage":31,"enemies":"Lagavulin","floor":7,"turns":6},{"damage":24,"enemies":"3 Sentries","floor":10,"turns":8},{"damage":7,"enemies":"Large Slime","floor":12,"turns":4},{"damage":0,"enemies":"3 Louse","floor":14,"turns":4},{"damage":74,"enemies":"The Guardian","floor":16,"turns":14}],"seed_played":"-4004617053025604197","potions_obtained":[],"is_trial":false,"path_per_floor":["M","M","?","M","M","R","E","R","T","E","?","M","R","M","R","B"],"character_chosen":"THE_SILENT","items_purchased":[],"campfire_rested":2,"item_purchase_floors":[],"current_hp_per_floor":[58,58,63,61,58,58,27,48,48,24,19,14,35,37,37,0],"gold":354,"neow_bonus":"BOSS_RELIC","is_prod":false,"is_daily":false,"chose_seed":false,"campfire_upgraded":2,"win_rate":0,"timestamp":1561215071,"path_taken":["M","M","?","M","M","R","E","R","T","E","?","M","R","M","R","BOSS"],"build_version":"2019-01-23","purchased_purges":0,"victory":false,"max_hp_per_floor":[66,66,71,71,71,71,71,71,71,71,71,71,71,71,71,71],"card_choices":[{"not_picked":["Bane","Quick Slash"],"picked":"Poisoned Stab","floor":1},{"not_picked":["Leg Sweep","Infinite Blades"],"picked":"Dagger Spray","floor":2},{"not_picked":["Cloak And Dagger","Heel Hook"],"picked":"Finisher","floor":4},{"not_picked":["Underhanded Strike","All Out Attack"],"picked":"Backflip","floor":5},{"not_picked":["Underhanded Strike","Backflip"],"picked":"Crippling Poison","floor":7},{"not_picked":["Dagger Throw","Slice"],"picked":"Blade Dance","floor":10},{"not_picked":["Underhanded Strike","Slice"],"picked":"Dagger Throw","floor":12},{"not_picked":["Sucker Punch","Skewer"],"picked":"Blur","floor":14}],"player_experience":5451332,"relics_obtained":[{"floor":7,"key":"Happy Flower"},{"floor":9,"key":"MawBank"},{"floor":10,"key":"Blood Vial"}],"event_choices":[{"damage_healed":0,"gold_gain":0,"player_choice":"Donut","damage_taken":0,"max_hp_gain":5,"max_hp_loss":0,"event_name":"Big Fish","floor":3,"gold_loss":0},{"damage_healed":0,"gold_gain":0,"player_choice":"Success","damage_taken":5,"relics_obtained":["WingedGreaves"],"max_hp_gain":0,"max_hp_loss":0,"event_name":"Scrap Ooze","floor":11,"gold_loss":0}],"is_beta":false,"boss_relics":[],"items_purged_floors":[],"is_endless":false,"potions_floor_spawned":[10,12,14],"killed_by":"The Guardian","ascension_level":20}