{"gold_per_floor":[116,132,147,23,43,74,74,74,74,103,103,3,29,46,46,147,147,167,18,18,37,54,54,65,78,78,78,78,97,72,84,16,112,112,131,157,157,14,14,49,49,62,114,133,187,187,218,243,243,243],"floor_reached":50,"playtime":2798,"items_purged":["Strike_R","Injury"],"score":825,"play_id":"759e7c64-6ec0-446b-90b0-1ee9044c44bf","local_time":"20190704192452","is_ascension_mode":true,"campfire_choices":[{"floor":8,"key":"REST"},{"floor":15,"key":"REST"},{"data":"Armaments","floor":23,"key":"SMITH"},{"data":"hubris:Fate","floor":41,"key":"SMITH"},{"floor":49,"key":"REST"}],"neow_cost":"NONE","seed_source_timestamp":1144269742495758,"circlet_count":0,"master_deck":["Strike_R","Strike_R","Strike_R","Strike_R","Defend_R","Defend_R","Defend_R","Defend_R","Bash","Iron Wave","conspire:ExplosiveBarrier","Body Slam+1","Armaments+1","Reaper","Iron Wave+1","strawberrySpire:Incursion+1","strawberrySpire:CrashLanding+1","Feed+1","strawberrySpire:CrashLanding+1","hubris:Fate+1","Flex","Body Slam+1","vexMod:EyeBeam+1","vexMod:StrikeStorm","Madness","Madness","True Grit+1","Exhume","Body Slam+1","strawberrySpire:DraftPunk"],"relics":["Burning Blood","Art of War","Molten Egg 2","infinitespire:Joker Card","hubris:PeanutButter","vexMod:BarristanHead","Pantograph","hubris:RunicObelisk","Baseball","aspiration:HummingbirdHeart","infinitespire:EvilPickle","strawberrySpire:SolarisEssence","vexMod:ChargeUpper","hubris:BundleOfHerbs","PreservedInsect"],"potions_floor_usage":[10,10,16,33,33,33,35,50,50,50],"damage_taken":[{"damage":13,"enemies":"Jaw Worm","floor":1,"turns":5},{"damage":1,"enemies":"Cultist","floor":2,"turns":3},{"damage":2,"enemies":"Small Slimes","floor":3,"turns":3},{"damage":12,"enemies":"Exordium Wildlife","floor":5,"turns":7},{"damage":45,"enemies":"Gremlin Nob","floor":6,"turns":6},{"damage":32,"enemies":"strawberrySpire:EnergyPylons","floor":10,"turns":8},{"damage":28,"enemies":"Gremlin Nob","floor":13,"turns":5},{"damage":0,"enemies":"Blue Slaver","floor":14,"turns":4},{"damage":6,"enemies":"The Guardian","floor":16,"turns":14},{"damage":0,"enemies":"2 Thieves","floor":18,"turns":3},{"damage":10,"enemies":"Shell Parasite","floor":21,"turns":5},{"damage":26,"enemies":"Centurion and Healer","floor":22,"turns":7},{"damage":0,"enemies":"conspire:HollyBat","floor":24,"turns":8},{"damage":16,"enemies":"Cultist and Chosen","floor":25,"turns":5},{"damage":0,"enemies":"Snecko","floor":29,"turns":3},{"damage":0,"enemies":"Chosen and Byrds","floor":31,"turns":4},{"damage":121,"enemies":"Pondfish","floor":33,"turns":34},{"damage":0,"enemies":"3 Darklings","floor":35,"turns":2},{"damage":4,"enemies":"Orb Walker","floor":36,"turns":2},{"damage":24,"enemies":"Nemesis","floor":40,"turns":11},{"damage":11,"enemies":"3 Darklings","floor":42,"turns":5},{"damage":59,"enemies":"Maw","floor":44,"turns":9},{"damage":9,"enemies":"2 Orb Walkers","floor":45,"turns":3},{"damage":32,"enemies":"Writhing Mass","floor":47,"turns":9},{"damage":0,"enemies":"Jaw Worm Horde","floor":48,"turns":2},{"damage":118,"enemies":"infinitespire:MassOfShapes","floor":50,"turns":8}],"seed_played":"7956855965772975537","potions_obtained":[{"floor":2,"key":"FearPotion"},{"floor":6,"key":"Swift Potion"},{"floor":10,"key":"Dexterity Potion"},{"floor":16,"key":"conspire:TimeTravelPotion"},{"floor":24,"key":"SpeedPotion"},{"floor":29,"key":"Poison Potion"},{"floor":31,"key":"Adrenaline Potion"},{"floor":33,"key":"Adrenaline Potion"},{"floor":42,"key":"FearPotion"},{"floor":47,"key":"AttackPotion"},{"floor":48,"key":"AttackPotion"}],"is_trial":false,"path_per_floor":["M","M","M","$","M","E","?","R","T","E","?","$","E","M","R","B",null,"M","$","?","M","M","R","M","M","T","?","AVR","M","$","M","R_BF","B",null,"M","M","?","$","?","E","R","M","T","M","?","AVR","M","M","R","B"],"character_chosen":"IRONCLAD","items_purchased":["Armaments","Baseball","Flex","vexMod:ChargeUpper"],"campfire_rested":3,"item_purchase_floors":[4,19,30,38],"current_hp_per_floor":[81,86,88,88,82,43,43,69,69,57,57,57,39,49,75,88,88,92,92,92,92,81,81,91,89,89,89,89,105,105,111,111,21,112,112,116,101,101,113,95,95,90,90,51,48,48,22,32,68,0],"gold":243,"neow_bonus":"TEN_PERCENT_HP_BONUS","is_prod":false,"is_daily":false,"chose_seed":false,"campfire_upgraded":2,"win_rate":0,"timestamp":1562264692,"path_taken":["M","M","M","$","M","E","?","R","T","E","?","?","E","M","R","BOSS","M","$","?","M","M","R","M","?","T","?","AVR","?","?","M","R_BF","BOSS","M","M","?","$","?","E","R","?","T","M","?","AVR","M","M","R","BOSS"],"build_version":"2019-07-01","purchased_purges":2,"victory":false,"max_hp_per_floor":[88,88,88,88,88,88,88,88,88,88,88,88,88,88,88,88,88,92,92,92,96,100,100,104,108,108,108,108,112,112,112,112,112,112,112,116,116,116,116,116,116,116,116,116,116,116,116,120,120,120],"card_choices":[{"not_picked":["hubris:SharpeningStone","strawberrySpire:DraftPunk"],"picked":"Iron Wave","floor":1},{"not_picked":["vexMod:BloodToGold","True Grit"],"picked":"conspire:ExplosiveBarrier","floor":2},{"not_picked":["Sword Boomerang","Reckless Charge"],"picked":"Body Slam","floor":3},{"not_picked":["Twin Strike","ReplayTheSpireMod:Strike From Hell","Burning Pact"],"picked":"SKIP","floor":5},{"not_picked":["Rampage","Iron Wave"],"picked":"Reaper","floor":6},{"not_picked":["vexMod:TrainingStrike+1","vexMod:BattleStance"],"picked":"Iron Wave+1","floor":10},{"not_picked":["Replay:Undeath\u0027s Touch+1","Defy Death"],"picked":"strawberrySpire:Incursion+1","floor":13},{"not_picked":["strawberrySpire:DraftPunk","Flex"],"picked":"strawberrySpire:CrashLanding+1","floor":14},{"not_picked":["conspire:Purge","vexMod:BattleStance"],"picked":"Feed+1","floor":16},{"not_picked":["Combust+1","vexMod:CleverClash+1","vexMod:TrainingStrike+1"],"picked":"SKIP","floor":18},{"not_picked":["Perfected Strike+1","vexMod:TrainingStrike+1","Dropkick+1"],"picked":"SKIP","floor":21},{"not_picked":["hubris:CleavingFinish+1","Impervious","Perfected Strike+1"],"picked":"SKIP","floor":22},{"not_picked":["Twin Strike+1","Shrug It Off","ReplayReversal"],"picked":"SKIP","floor":24},{"not_picked":["Pommel Strike+1","strawberrySpire:ZonePlayer+1"],"picked":"strawberrySpire:CrashLanding+1","floor":25},{"not_picked":["ReplayTheSpireMod:Strike From Hell+1","Eclipse","strawberrySpire:DraftPunk"],"picked":"SKIP","floor":29},{"not_picked":["Rupture+1","Wild Strike+1"],"picked":"Body Slam+1","floor":31},{"not_picked":["vexMod:Taunt","Impervious"],"picked":"vexMod:StrikeStorm","floor":33},{"not_picked":["ReplayTheSpireMod:Strike From Hell+1","vexMod:Hatred+1","strawberrySpire:DebrisPile"],"picked":"SKIP","floor":35},{"not_picked":["strawberrySpire:Spite+1","Fire Breathing","Perfected Strike+1"],"picked":"SKIP","floor":36},{"not_picked":["Perfected Strike+1","Heavy Blade+1"],"picked":"True Grit+1","floor":40},{"not_picked":["Armaments","Run Through+1"],"picked":"Exhume","floor":42},{"not_picked":["Rupture","Pommel Strike+1","Wild Strike+1"],"picked":"SKIP","floor":44},{"not_picked":["hubris:SharpeningStone","vexMod:Taunt"],"picked":"Body Slam+1","floor":45},{"not_picked":["strawberrySpire:FireDrill+1","Clothesline+1","Twin Strike+1"],"picked":"SKIP","floor":47},{"not_picked":["Battle Trance+1","Headbutt+1"],"picked":"strawberrySpire:DraftPunk","floor":48}],"player_experience":144201,"relics_obtained":[{"floor":6,"key":"Art of War"},{"floor":9,"key":"infinitespire:Joker Card"},{"floor":10,"key":"hubris:PeanutButter"},{"floor":13,"key":"Pantograph"},{"floor":26,"key":"aspiration:HummingbirdHeart"},{"floor":40,"key":"hubris:BundleOfHerbs"},{"floor":43,"key":"PreservedInsect"}],"event_choices":[{"damage_healed":0,"gold_gain":0,"player_choice":"Searched \u00271\u0027 times","damage_taken":0,"relics_obtained":["vexMod:BarristanHead"],"max_hp_gain":0,"max_hp_loss":0,"event_name":"Dead Adventurer","floor":11,"gold_loss":0},{"damage_healed":0,"gold_gain":0,"player_choice":"Upgraded","damage_taken":0,"max_hp_gain":0,"max_hp_loss":0,"event_name":"Upgrade Shrine","floor":27,"gold_loss":0,"cards_upgraded":["Body Slam"]},{"damage_healed":0,"gold_gain":0,"player_choice":"Embrace Madness","damage_taken":15,"max_hp_gain":0,"max_hp_loss":0,"event_name":"Winding Halls","floor":37,"gold_loss":0,"cards_obtained":["Madness","Madness"]},{"damage_healed":0,"gold_gain":0,"player_choice":"Fight","damage_taken":0,"max_hp_gain":0,"max_hp_loss":0,"event_name":"Mysterious Sphere","floor":45,"gold_loss":0}],"is_beta":false,"boss_relics":[{"not_picked":["Snecko Eye","Empty Cage"],"picked":"hubris:RunicObelisk"},{"not_picked":["Honey Jar","aspiration:SecretTechniqueScroll"],"picked":"strawberrySpire:SolarisEssence"}],"items_purged_floors":[4,12],"is_endless":false,"potions_floor_spawned":[2,6,10,16,24,29,31,33,42,47,48],"killed_by":"infinitespire:MassOfShapes","ascension_level":4}