{"gold_per_floor":[110,110,32,32,47,77,94,94,106,136,160,204,216,245,257,348,360,391,416,428,474,497,509,551,563,575,604,645,669,641,686,698,781,793,816,828,1062,1174,1196,1208,1251,1278,1341,1353,1383,1427,1455,1501,1513,1525,1537,1549,1561,480,506,506],"floor_reached":57,"playtime":1729,"items_purged":["Pain"],"score":3724,"play_id":"740a797a-7f68-488f-ae50-dbe195ed2d34","local_time":"20190618002124","is_ascension_mode":true,"campfire_choices":[{"floor":8,"key":"DIG"},{"floor":13,"key":"DIG"},{"floor":15,"key":"DIG"},{"floor":23,"key":"DIG"},{"floor":25,"key":"DIG"},{"floor":32,"key":"DIG"},{"floor":40,"key":"DIG"},{"floor":44,"key":"DIG"},{"floor":49,"key":"RECALL"},{"floor":53,"key":"DIG"}],"neow_cost":"","seed_source_timestamp":0,"circlet_count":0,"master_deck":["Strike_G","Strike_G","Strike_G","Strike_G","Neutralize","Survivor","Defend_G","Defend_G","Defend_G","Defend_G","Defend_G","Spot Weakness","Terror","Infinite Blades","Dash+1","Glass Knife+1","Quick Slash+1","PiercingWail","Blade Dance","Backflip","Storm of Steel","Calculated Gamble","Writhe","Backflip","Well Laid Plans","Writhe","Adrenaline","After Image+1","Footwork+1","Wraith Form v2+1"],"relics":["Ring of the Snake","Molten Egg 2","Coffee Dripper","Fusion Hammer","Shovel","Black Star","Dead Branch","Tough Bandages","MawBank","Shuriken","Happy Flower","FossilizedHelix","Darkstone Periapt","Gremlin Horn","Cursed Key","Bag of Marbles","Red Mask","Ninja Scroll","Juzu Bracelet","Kunai","Question Card","Potion Belt","Dodecahedron","Ancient Tea Set","Singing Bowl","Mercury Hourglass","Coffee Dripper","Nunchaku","Dream Catcher","Pantograph","Paper Crane","Bronze Scales","Lantern","Torii","Frozen Egg 2","The Specimen","Bag of Preparation","Letter Opener","Bottled Lightning","Incense Burner","Frozen Eye","Boot","Blue Candle"],"potions_floor_usage":[50,56,56,56,56],"damage_taken":[{"damage":1,"enemies":"Small Slimes","floor":1,"turns":4},{"damage":0,"enemies":"Cultist","floor":5,"turns":3},{"damage":10,"enemies":"3 Sentries","floor":6,"turns":4},{"damage":0,"enemies":"2 Louse","floor":7,"turns":2},{"damage":0,"enemies":"Gremlin Gang","floor":10,"turns":3},{"damage":0,"enemies":"Blue Slaver","floor":11,"turns":2},{"damage":0,"enemies":"Gremlin Nob","floor":12,"turns":3},{"damage":0,"enemies":"Exordium Wildlife","floor":14,"turns":1},{"damage":0,"enemies":"The Guardian","floor":16,"turns":4},{"damage":0,"enemies":"Chosen","floor":18,"turns":2},{"damage":0,"enemies":"2 Thieves","floor":19,"turns":2},{"damage":0,"enemies":"Masked Bandits","floor":21,"turns":2},{"damage":0,"enemies":"Snake Plant","floor":22,"turns":2},{"damage":0,"enemies":"Gremlin Leader","floor":24,"turns":1},{"damage":0,"enemies":"Shelled Parasite and Fungi","floor":27,"turns":1},{"damage":0,"enemies":"Slavers","floor":28,"turns":3},{"damage":0,"enemies":"Snecko","floor":29,"turns":2},{"damage":0,"enemies":"Book of Stabbing","floor":31,"turns":2},{"damage":0,"enemies":"Collector","floor":33,"turns":3},{"damage":0,"enemies":"3 Shapes","floor":35,"turns":1},{"damage":0,"enemies":"Mind Bloom Boss Battle","floor":38,"turns":2},{"damage":0,"enemies":"3 Darklings","floor":39,"turns":1},{"damage":0,"enemies":"Nemesis","floor":41,"turns":1},{"damage":0,"enemies":"Spire Growth","floor":42,"turns":1},{"damage":0,"enemies":"4 Shapes","floor":45,"turns":2},{"damage":1,"enemies":"Reptomancer","floor":46,"turns":1},{"damage":0,"enemies":"Sphere and 2 Shapes","floor":47,"turns":1},{"damage":0,"enemies":"Nemesis","floor":48,"turns":1},{"damage":1,"enemies":"Time Eater","floor":50,"turns":8},{"damage":0,"enemies":"Donu and Deca","floor":51,"turns":3},{"damage":0,"enemies":"Shield and Spear","floor":55,"turns":5},{"damage":0,"enemies":"The Heart","floor":56,"turns":7}],"seed_played":"4918672124335634426","potions_obtained":[{"floor":1,"key":"LiquidBronze"},{"floor":7,"key":"Ancient Potion"},{"floor":28,"key":"FairyPotion"},{"floor":29,"key":"PowerPotion"},{"floor":30,"key":"AttackPotion"},{"floor":30,"key":"Swift Potion"},{"floor":45,"key":"SpeedPotion"}],"is_trial":true,"path_per_floor":["M","?","$","?","M","E","M","R","T","M","M","E","R","M","R","B",null,"M","M","?","?","M","R","E","R","T","M","E","M","?","E","R","B",null,"M","?","?","?","M","R","E","M","T","R","M","E","M","E","R","B","B",null,"R","$","E","B",null],"character_chosen":"THE_SILENT","items_purchased":["Dash+1","Bottled Lightning","Incense Burner","Frozen Eye","Wraith Form v2+1","GamblersBrew"],"campfire_rested":0,"item_purchase_floors":[3,54,54,54,54,54],"current_hp_per_floor":[58,58,58,58,58,48,48,48,48,48,48,48,48,48,48,48,62,62,62,68,68,68,68,68,68,74,74,74,74,74,76,76,76,79,81,78,78,80,82,82,84,86,92,92,94,93,93,95,95,95,96,96,96,96,98,98],"gold":506,"neow_bonus":"","is_prod":false,"is_daily":false,"chose_seed":false,"campfire_upgraded":0,"win_rate":0,"timestamp":1560784884,"path_taken":["M","?","$","?","M","E","M","R","T","M","M","E","R","M","R","BOSS","M","?","?","?","M","R","E","R","T","M","E","M","?","E","R","BOSS","M","?","?","?","M","R","E","M","T","R","M","E","M","E","R","BOSS","BOSS","R","$","E","BOSS"],"build_version":"2019-01-23","purchased_purges":1,"victory":true,"max_hp_per_floor":[66,66,66,66,66,66,66,66,66,66,66,66,66,66,66,66,66,66,66,72,72,72,72,72,72,78,78,78,78,78,80,80,80,80,82,78,78,80,82,82,84,86,92,92,94,94,94,96,96,96,96,96,96,96,98,98],"card_choices":[{"not_picked":["Blur","Setup"],"picked":"Terror","floor":1},{"not_picked":["Flying Knee+1","Outmaneuver"],"picked":"Quick Slash+1","floor":5},{"not_picked":["Slice+1","Bane+1"],"picked":"PiercingWail","floor":6},{"not_picked":["Catalyst","Dodge and Roll","Acrobatics"],"picked":"SKIP","floor":7},{"not_picked":["Catalyst","Prepared","Caltrops"],"picked":"SKIP","floor":10},{"not_picked":["Sucker Punch+1","Slice+1","Deadly Poison"],"picked":"SKIP","floor":11},{"not_picked":["Deadly Poison","Outmaneuver"],"picked":"Blade Dance","floor":12},{"not_picked":["Accuracy","Outmaneuver"],"picked":"Backflip","floor":14},{"not_picked":["Corpse Explosion","Adrenaline"],"picked":"Storm of Steel","floor":16},{"not_picked":["Slice+1","Flying Knee+1"],"picked":"Calculated Gamble","floor":18},{"not_picked":["Outmaneuver+1","Skewer+1","Expertise"],"picked":"SKIP","floor":19},{"not_picked":["Expertise","Grand Finale+1"],"picked":"Backflip","floor":22},{"not_picked":["Dodge and Roll","Deflect"],"picked":"Well Laid Plans","floor":24},{"not_picked":["Expertise","Sucker Punch+1","Flying Knee+1","Backflip"],"picked":"SKIP","floor":27},{"not_picked":["Caltrops","Slice+1","Deflect","A Thousand Cuts"],"picked":"SKIP","floor":28},{"not_picked":["Caltrops","Slice+1","Deflect","A Thousand Cuts"],"picked":"SKIP","floor":28},{"not_picked":["Sucker Punch+1","PiercingWail","Footwork","Poisoned Stab+1"],"picked":"SKIP","floor":29},{"not_picked":["Acrobatics","Malaise","Flying Knee+1","Heel Hook+1"],"picked":"Singing Bowl","floor":31},{"not_picked":["Burst","A Thousand Cuts","Grand Finale+1"],"picked":"Adrenaline","floor":33},{"not_picked":["Dodge and Roll","Flying Knee+1","Poisoned Stab+1","Noxious Fumes"],"picked":"Singing Bowl","floor":35},{"not_picked":["Flying Knee+1","Backflip","Expertise+1","Blade Dance"],"picked":"Singing Bowl","floor":38},{"not_picked":["Infinite Blades+1","Slice+1","PiercingWail","Outmaneuver"],"picked":"Singing Bowl","floor":39},{"not_picked":["Prepared+1","Eviscerate+1","Heel Hook+1","Distraction"],"picked":"Singing Bowl","floor":41},{"not_picked":["Deflect","Bullet Time","Predator+1","Prepared"],"picked":"Singing Bowl","floor":42},{"not_picked":["Flechettes+1","Prepared","Deflect","Sucker Punch+1"],"picked":"Singing Bowl","floor":45},{"not_picked":["Poisoned Stab+1","Blade Dance","Acrobatics"],"picked":"After Image","floor":46},{"not_picked":["Prepared","Endless Agony+1","Terror"],"picked":"Footwork+1","floor":47},{"not_picked":["Sucker Punch+1","Deadly Poison","Underhanded Strike+1","Eviscerate+1"],"picked":"Singing Bowl","floor":48},{"not_picked":["Dagger Spray+1","Acrobatics","Setup","Concentrate"],"picked":"Singing Bowl","floor":55}],"player_experience":5396427,"relics_obtained":[{"floor":6,"key":"Dead Branch"},{"floor":6,"key":"Tough Bandages"},{"floor":8,"key":"MawBank"},{"floor":9,"key":"Shuriken"},{"floor":12,"key":"Happy Flower"},{"floor":12,"key":"FossilizedHelix"},{"floor":13,"key":"Darkstone Periapt"},{"floor":15,"key":"Gremlin Horn"},{"floor":21,"key":"Red Mask"},{"floor":23,"key":"Ninja Scroll"},{"floor":24,"key":"Juzu Bracelet"},{"floor":24,"key":"Kunai"},{"floor":25,"key":"Question Card"},{"floor":28,"key":"Potion Belt"},{"floor":28,"key":"Dodecahedron"},{"floor":31,"key":"Ancient Tea Set"},{"floor":31,"key":"Singing Bowl"},{"floor":32,"key":"Mercury Hourglass"},{"floor":38,"key":"Nunchaku"},{"floor":40,"key":"Dream Catcher"},{"floor":41,"key":"Pantograph"},{"floor":41,"key":"Paper Crane"},{"floor":43,"key":"Bronze Scales"},{"floor":44,"key":"Lantern"},{"floor":46,"key":"Torii"},{"floor":46,"key":"Frozen Egg 2"},{"floor":48,"key":"The Specimen"},{"floor":48,"key":"Bag of Preparation"},{"floor":53,"key":"Letter Opener"},{"floor":55,"key":"Boot"},{"floor":55,"key":"Blue Candle"}],"event_choices":[{"damage_healed":0,"gold_gain":0,"cards_transformed":["Strike_G"],"player_choice":"Transformed","damage_taken":0,"max_hp_gain":0,"max_hp_loss":0,"event_name":"Transmorgrifier","floor":2,"gold_loss":0,"cards_obtained":["Infinite Blades"]},{"damage_healed":0,"gold_gain":0,"player_choice":"1 cards matched","damage_taken":0,"max_hp_gain":0,"max_hp_loss":0,"event_name":"Match and Keep!","floor":4,"gold_loss":0,"cards_obtained":["Glass Knife"]},{"damage_healed":0,"gold_gain":0,"player_choice":"Opened","damage_taken":0,"relics_obtained":["Bag of Marbles"],"max_hp_gain":0,"max_hp_loss":0,"event_name":"The Mausoleum","floor":20,"gold_loss":0,"cards_obtained":["Writhe"]},{"damage_healed":0,"gold_gain":0,"player_choice":"Fought Bandits","damage_taken":0,"max_hp_gain":0,"max_hp_loss":0,"event_name":"Masked Bandits","floor":21,"gold_loss":0},{"damage_healed":0,"gold_gain":0,"player_choice":"Bought 3 Potions","damage_taken":0,"max_hp_gain":0,"max_hp_loss":0,"event_name":"The Woman in Blue","floor":30,"gold_loss":0},{"damage_healed":0,"gold_gain":0,"player_choice":"Max HP","damage_taken":0,"max_hp_gain":0,"max_hp_loss":4,"event_name":"Winding Halls","floor":36,"gold_loss":0},{"damage_healed":0,"gold_gain":222,"player_choice":"Wore Mask","damage_taken":0,"max_hp_gain":0,"max_hp_loss":0,"event_name":"Tomb of Lord Red Mask","floor":37,"gold_loss":0},{"damage_healed":0,"gold_gain":0,"player_choice":"Fight","damage_taken":0,"max_hp_gain":0,"max_hp_loss":0,"event_name":"MindBloom","floor":38,"gold_loss":0}],"is_beta":false,"boss_relics":[{"not_picked":["Lizard Tail","Ectoplasm"],"picked":"Cursed Key"},{"not_picked":["Orrery","Tiny House"],"picked":"Coffee Dripper"}],"items_purged_floors":[54],"is_endless":false,"potions_floor_spawned":[1,7,16,21,28,29,31,35,45,48],"ascension_level":20}