{"gold_per_floor":[19,19,94,112,112,112,122,122,174,174,195,195],"floor_reached":12,"playtime":284,"items_purged":[],"score":132,"play_id":"1dd61214-8305-4531-91a5-1b33cf0e088e","local_time":"20190610013108","is_ascension_mode":true,"campfire_choices":[{"data":"Darkness","floor":6,"key":"SMITH"},{"data":"Dualcast","floor":8,"key":"SMITH"},{"floor":10,"key":"REST"}],"neow_cost":"NO_GOLD","seed_source_timestamp":1223855484672900,"circlet_count":0,"master_deck":["AscendersBane","Strike_B","Strike_B","Strike_B","Defend_B","Defend_B","Defend_B","Zap","Dualcast+1","Skim","Stack","Darkness+1","Coolheaded","Conserve Battery"],"relics":["Cracked Core","PreservedInsect","Art of War","Odd Mushroom"],"potions_floor_usage":[],"damage_taken":[{"damage":5,"enemies":"Small Slimes","floor":1,"turns":3},{"damage":1,"enemies":"2 Louse","floor":4,"turns":3},{"damage":6,"enemies":"Jaw Worm","floor":7,"turns":6},{"damage":23,"enemies":"The Mushroom Lair","floor":11,"turns":4},{"damage":22,"enemies":"Large Slime","floor":12,"turns":5}],"seed_played":"2155083635309311959","potions_obtained":[{"floor":4,"key":"Ancient Potion"}],"is_trial":false,"path_per_floor":["M","?","?","M","?","R","M","R","T","R","?","M"],"character_chosen":"DEFECT","items_purchased":[],"campfire_rested":1,"item_purchase_floors":[],"current_hp_per_floor":[59,33,22,21,21,21,15,15,15,36,13,0],"gold":195,"neow_bonus":"TRANSFORM_TWO_CARDS","is_prod":false,"is_daily":false,"chose_seed":false,"campfire_upgraded":2,"win_rate":0,"timestamp":1560097868,"path_taken":["M","?","?","M","?","R","M","R","T","R","?","M"],"build_version":"2019-01-23","purchased_purges":0,"victory":false,"max_hp_per_floor":[71,71,71,71,71,71,71,71,71,71,71,71],"card_choices":[{"not_picked":["Redo","Cold Snap"],"picked":"Darkness","floor":1},{"not_picked":["Storm","Hologram"],"picked":"Coolheaded","floor":4},{"not_picked":["Stack","Leap","Reprogram"],"picked":"SKIP","floor":7},{"not_picked":["Darkness","Go for the Eyes"],"picked":"Conserve Battery","floor":11}],"player_experience":5311637,"relics_obtained":[{"floor":9,"key":"Art of War"},{"floor":11,"key":"Odd Mushroom"}],"event_choices":[{"damage_healed":0,"gold_gain":0,"player_choice":"Success","damage_taken":26,"relics_obtained":["PreservedInsect"],"max_hp_gain":0,"max_hp_loss":0,"event_name":"Scrap Ooze","floor":2,"gold_loss":0},{"damage_healed":0,"gold_gain":75,"player_choice":"Gather Gold","damage_taken":11,"max_hp_gain":0,"max_hp_loss":0,"event_name":"World of Goop","floor":3,"gold_loss":0},{"damage_healed":0,"gold_gain":0,"player_choice":"Ignored","damage_taken":0,"max_hp_gain":0,"max_hp_loss":0,"event_name":"Shining Light","floor":5,"gold_loss":0},{"damage_healed":0,"gold_gain":0,"player_choice":"Fought Mushrooms","damage_taken":0,"max_hp_gain":0,"max_hp_loss":0,"event_name":"Mushrooms","floor":11,"gold_loss":0}],"is_beta":false,"boss_relics":[],"items_purged_floors":[],"is_endless":false,"potions_floor_spawned":[4],"killed_by":"Large Slime","ascension_level":20}