{"gold_per_floor":[109,121,133,208,17,46,66,66,114,143,160,170,170,185,185,283,283,303,318,243,158,158,158,177,177],"floor_reached":25,"playtime":1181,"items_purged":[],"score":251,"play_id":"7e739820-f106-405f-a37a-86230052e5b8","local_time":"20190728153409","is_ascension_mode":true,"campfire_choices":[{"floor":8,"key":"RECALL"},{"floor":15,"key":"REST"},{"data":"Metallicize","floor":23,"key":"SMITH"}],"neow_cost":"NONE","seed_source_timestamp":1545773692466500,"circlet_count":0,"master_deck":["Strike_R","Strike_R","Strike_R","Strike_R","Defend_R","Defend_R","Defend_R","Bash","Rage","Clothesline","Hemokinesis","Apotheosis","Whirlwind","Flex","Impervious","Shrug It Off","Metallicize+1","Clothesline","Demon Form","Shockwave","Heavy Blade","Intimidate"],"relics":["Burning Blood","Matryoshka","Question Card","Pen Nib","Pear","Runic Pyramid","Shuriken"],"potions_floor_usage":[7,10,10,16,19],"damage_taken":[{"damage":17,"enemies":"Small Slimes","floor":1,"turns":4},{"damage":9,"enemies":"Cultist","floor":2,"turns":4},{"damage":3,"enemies":"Jaw Worm","floor":3,"turns":4},{"damage":41,"enemies":"Lagavulin","floor":6,"turns":6},{"damage":12,"enemies":"3 Louse","floor":7,"turns":3},{"damage":9,"enemies":"Gremlin Nob","floor":10,"turns":3},{"damage":5,"enemies":"2 Fungi Beasts","floor":11,"turns":4},{"damage":16,"enemies":"Exordium Thugs","floor":12,"turns":5},{"damage":2,"enemies":"Red Slaver","floor":14,"turns":5},{"damage":21,"enemies":"The Guardian","floor":16,"turns":11},{"damage":19,"enemies":"Chosen","floor":18,"turns":5},{"damage":58,"enemies":"2 Thieves","floor":19,"turns":4},{"damage":32,"enemies":"Centurion and Healer","floor":24,"turns":9},{"damage":8,"enemies":"Gremlin Leader","floor":25,"turns":4}],"seed_played":"-4366300555599434619","potions_obtained":[{"floor":2,"key":"AttackPotion"},{"floor":3,"key":"EssenceOfSteel"},{"floor":6,"key":"Block Potion"},{"floor":14,"key":"Fire Potion"},{"floor":16,"key":"Poison Potion"}],"is_trial":false,"path_per_floor":["M","M","M","?","$","E","M","R","T","E","M","M","?","M","R","B",null,"M","M","?","?","?","R","M","E"],"character_chosen":"IRONCLAD","items_purchased":["Apotheosis"],"campfire_rested":1,"item_purchase_floors":[5],"current_hp_per_floor":[77,74,77,66,66,31,25,25,25,32,33,23,16,20,49,34,98,85,33,33,33,33,33,7,0],"gold":177,"neow_bonus":"TEN_PERCENT_HP_BONUS","is_prod":false,"is_daily":false,"chose_seed":false,"campfire_upgraded":1,"win_rate":0,"timestamp":1564346049,"path_taken":["M","M","M","?","$","E","M","R","T","E","M","M","?","M","R","BOSS","M","M","?","?","?","R","?","E"],"build_version":"2019-07-17","purchased_purges":0,"victory":false,"max_hp_per_floor":[88,88,88,88,88,88,88,88,88,98,98,98,98,98,98,98,98,98,98,98,98,98,98,98,98],"card_choices":[{"not_picked":["Clash","Fire Breathing"],"picked":"Rage","floor":1},{"not_picked":["Pommel Strike","Thunderclap"],"picked":"Clothesline","floor":2},{"not_picked":["Twin Strike","Burning Pact"],"picked":"Hemokinesis","floor":3},{"not_picked":["Battle Trance","Body Slam"],"picked":"Whirlwind","floor":6},{"not_picked":["Perfected Strike","Clash"],"picked":"Flex","floor":7},{"not_picked":["Wild Strike","Intimidate","Clash"],"picked":"Impervious","floor":10},{"not_picked":["Clothesline","Cleave","Headbutt"],"picked":"Shrug It Off","floor":11},{"not_picked":["Reckless Charge","Feel No Pain","Armaments"],"picked":"Metallicize","floor":12},{"not_picked":["Burning Pact","Havoc","Headbutt"],"picked":"Clothesline","floor":14},{"not_picked":["Offering","Exhume","Bludgeon"],"picked":"Demon Form","floor":16},{"not_picked":["Sentinel","Pommel Strike","Headbutt"],"picked":"Shockwave","floor":18},{"not_picked":["Clash+1","Clothesline","Cleave"],"picked":"Heavy Blade","floor":19},{"not_picked":["Sever Soul","Combust","Rampage"],"picked":"Intimidate","floor":24}],"player_experience":188432,"relics_obtained":[{"floor":6,"key":"Matryoshka"},{"floor":9,"key":"Question Card"},{"floor":9,"key":"Pen Nib"},{"floor":10,"key":"Pear"}],"event_choices":[{"damage_healed":0,"gold_gain":75,"player_choice":"Gather Gold","damage_taken":11,"max_hp_gain":0,"max_hp_loss":0,"event_name":"World of Goop","floor":4,"gold_loss":0},{"cards_removed":["Defend_R"],"damage_healed":0,"gold_gain":0,"player_choice":"Card Removal","damage_taken":7,"max_hp_gain":0,"max_hp_loss":0,"event_name":"Golden Wing","floor":13,"gold_loss":0},{"cards_removed":["Strike_R"],"damage_healed":0,"gold_gain":0,"player_choice":"Gave Gold","damage_taken":0,"max_hp_gain":0,"max_hp_loss":0,"event_name":"Beggar","floor":20,"gold_loss":75},{"damage_healed":0,"gold_gain":0,"player_choice":"Obtained Relic","damage_taken":0,"relics_obtained":["Shuriken"],"max_hp_gain":0,"max_hp_loss":0,"event_name":"Addict","floor":21,"gold_loss":85},{"damage_healed":0,"gold_gain":0,"player_choice":"Ignored","damage_taken":0,"max_hp_gain":0,"max_hp_loss":0,"event_name":"NoteForYourself","floor":22,"gold_loss":0}],"is_beta":false,"boss_relics":[{"not_picked":["Snecko Eye","Runic Dome"],"picked":"Runic Pyramid"}],"items_purged_floors":[],"is_endless":false,"potions_floor_spawned":[2,3,6,14,16],"killed_by":"Gremlin Leader","ascension_level":1}