{"gold_per_floor":[18,18,37,56,67,67,96,111,191,207,207,207,233,233,233,233],"floor_reached":16,"playtime":563,"items_purged":[],"score":224,"play_id":"255c66e3-a676-420f-8b95-7a3ecc3cdeed","local_time":"20190401000226","is_ascension_mode":true,"campfire_choices":[{"data":"Choke","floor":6,"key":"SMITH"},{"floor":11,"key":"REST"},{"data":"Tools of the Trade","floor":15,"key":"SMITH"}],"neow_cost":"NO_GOLD","seed_source_timestamp":1555870852600800,"circlet_count":0,"master_deck":["AscendersBane","Defend_G","Defend_G","Defend_G","Defend_G","Strike_G","Strike_G","Strike_G","Strike_G","Survivor","Neutralize","After Image","Tools of the Trade+1","Reflex","Dagger Spray","Acrobatics","Choke+1","Prepared","Escape Plan","PiercingWail"],"relics":["Ring of the Snake","Blue Candle","Mercury Hourglass","Calipers"],"potions_floor_usage":[5,16],"damage_taken":[{"damage":4,"enemies":"Small Slimes","floor":1,"turns":6},{"damage":0,"enemies":"Jaw Worm","floor":3,"turns":7},{"damage":3,"enemies":"2 Louse","floor":4,"turns":3},{"damage":2,"enemies":"Gremlin Gang","floor":5,"turns":6},{"damage":20,"enemies":"Lagavulin","floor":7,"turns":10},{"damage":8,"enemies":"3 Louse","floor":8,"turns":4},{"damage":7,"enemies":"Exordium Wildlife","floor":10,"turns":4},{"damage":17,"enemies":"3 Sentries","floor":13,"turns":8},{"damage":42,"enemies":"Slime Boss","floor":16,"turns":6}],"seed_played":"-9073920652473411768","potions_obtained":[{"floor":1,"key":"Fire Potion"},{"floor":3,"key":"LiquidBronze"},{"floor":8,"key":"PowerPotion"}],"is_trial":false,"path_per_floor":["M","?","M","M","M","R","E","M","T","M","R","?","E","?","R","B"],"character_chosen":"THE_SILENT","items_purchased":[],"campfire_rested":1,"item_purchase_floors":[],"current_hp_per_floor":[55,55,55,52,50,50,30,22,22,15,34,39,22,22,22,0],"gold":233,"neow_bonus":"TRANSFORM_TWO_CARDS","is_prod":false,"is_daily":false,"chose_seed":false,"campfire_upgraded":2,"win_rate":0,"timestamp":1554044546,"path_taken":["M","?","M","M","M","R","E","M","T","M","R","?","E","?","R","BOSS"],"build_version":"2019-01-23","purchased_purges":0,"victory":false,"max_hp_per_floor":[66,66,66,66,66,66,66,66,66,66,66,71,71,71,71,71],"card_choices":[{"not_picked":["Sucker Punch","Blade Dance"],"picked":"Reflex","floor":1},{"not_picked":["Leg Sweep","Bane"],"picked":"Dagger Spray","floor":3},{"not_picked":["Terror","Bane"],"picked":"Acrobatics","floor":4},{"not_picked":["Acrobatics","PiercingWail"],"picked":"Choke","floor":5},{"not_picked":["Acrobatics","Sucker Punch"],"picked":"Prepared","floor":7},{"not_picked":["Cloak And Dagger","Backstab"],"picked":"Escape Plan","floor":8},{"not_picked":["Outmaneuver","Phantasmal Killer"],"picked":"PiercingWail","floor":10},{"not_picked":["Dash","Quick Slash","Phantasmal Killer"],"picked":"SKIP","floor":13}],"player_experience":4669854,"relics_obtained":[{"floor":7,"key":"Blue Candle"},{"floor":9,"key":"Mercury Hourglass"},{"floor":13,"key":"Calipers"}],"event_choices":[{"damage_healed":0,"gold_gain":0,"player_choice":"Leave","damage_taken":0,"max_hp_gain":0,"max_hp_loss":0,"event_name":"The Cleric","floor":2,"gold_loss":0},{"damage_healed":0,"gold_gain":0,"player_choice":"Donut","damage_taken":0,"max_hp_gain":5,"max_hp_loss":0,"event_name":"Big Fish","floor":12,"gold_loss":0},{"damage_healed":0,"gold_gain":0,"player_choice":"Ignored","damage_taken":0,"max_hp_gain":0,"max_hp_loss":0,"event_name":"Liars Game","floor":14,"gold_loss":0}],"is_beta":false,"boss_relics":[],"items_purged_floors":[],"is_endless":false,"potions_floor_spawned":[1,3,8],"killed_by":"Slime Boss","ascension_level":20}