{"gold_per_floor":[119,129,179,195,206,206,46,124,124,24,54,54,85,104,104,180,180,190,208,208,208,226,226,226,226,226,226,101,120,120,145,145,221,221,238,338,338,349,399,399,431,442,442,442,459,309,329,344,344,344,344,344,344,11,43,43],"floor_reached":57,"playtime":3560,"items_purged":["Defend_G","Strike_G","Strike_G","Defend_G"],"score":2920,"play_id":"ab3d11bc-3180-4d43-a11c-bf98e249d0c9","local_time":"20190705031553","is_ascension_mode":true,"campfire_choices":[{"floor":6.0,"key":"REST"},{"data":"Predator","floor":12.0,"key":"SMITH"},{"data":"Neutralize","floor":15.0,"key":"SMITH"},{"floor":23.0,"key":"REST"},{"floor":27.0,"key":"RECALL"},{"data":"Blur","floor":32.0,"key":"SMITH"},{"floor":40,"key":"REST"},{"floor":49,"key":"REST"},{"data":"Noxious Fumes","floor":53,"key":"SMITH"}],"neow_cost":"TEN_PERCENT_HP_LOSS","seed_source_timestamp":185255960713200,"circlet_count":0,"master_deck":["AscendersBane","Strike_G","Strike_G","Defend_G","Defend_G","Survivor","Neutralize+1","Concentrate+1","After Image","Footwork","Masterful Stab","Blur+1","Predator+1","After Image","Flying Knee","Deadly Poison+1","Grand Finale","Expertise+1","Ghostly+1","Ghostly+1","Ghostly+1","Backflip+1","Blur+1","Finesse+1","Blur+1","Noxious Fumes+1","Blur+1","Cloak And Dagger+1","Acrobatics+1","Infinite Blades","Backflip+1","Caltrops","Footwork+1"],"special_seed":0,"relics":["Ring of the Serpent","Gremlin Horn","Vajra","Dream Catcher","Toxic Egg 2","Ancient Tea Set","HoveringKite","Ice Cream","Pen Nib","Singing Bowl","Kunai","Ornamental Fan","Art of War","Bottled Tornado"],"potions_floor_usage":[33,35,47,51,56],"damage_taken":[{"damage":0.0,"enemies":"Small Slimes","floor":1.0,"turns":5.0},{"damage":1.0,"enemies":"Cultist","floor":2.0,"turns":5.0},{"damage":1.0,"enemies":"Jaw Worm","floor":4.0,"turns":4.0},{"damage":22.0,"enemies":"Large Slime","floor":5.0,"turns":12.0},{"damage":0.0,"enemies":"Lagavulin","floor":11.0,"turns":9.0},{"damage":21.0,"enemies":"Gremlin Nob","floor":13.0,"turns":4.0},{"damage":1.0,"enemies":"Lots of Slimes","floor":14.0,"turns":3.0},{"damage":23.0,"enemies":"Hexaghost","floor":16.0,"turns":10.0},{"damage":17.0,"enemies":"Shell Parasite","floor":18.0,"turns":7.0},{"damage":4.0,"enemies":"3 Byrds","floor":19.0,"turns":3.0},{"damage":9.0,"enemies":"Centurion and Healer","floor":22.0,"turns":4.0},{"damage":6.0,"enemies":"Snecko","floor":29.0,"turns":7.0},{"damage":0.0,"enemies":"Gremlin Leader","floor":31.0,"turns":8.0},{"damage":14,"enemies":"Collector","floor":33,"turns":11},{"damage":0,"enemies":"Orb Walker","floor":35,"turns":5},{"damage":0,"enemies":"Mind Bloom Boss Battle","floor":36,"turns":11},{"damage":0,"enemies":"3 Darklings","floor":38,"turns":6},{"damage":0,"enemies":"Nemesis","floor":41,"turns":13},{"damage":0,"enemies":"Spire Growth","floor":42,"turns":8},{"damage":0,"enemies":"Sphere and 2 Shapes","floor":45,"turns":8},{"damage":0,"enemies":"3 Darklings","floor":47,"turns":6},{"damage":0,"enemies":"Writhing Mass","floor":48,"turns":9},{"damage":1,"enemies":"Time Eater","floor":50,"turns":21},{"damage":0,"enemies":"Awakened One","floor":51,"turns":25},{"damage":0,"enemies":"Shield and Spear","floor":55,"turns":14},{"damage":10,"enemies":"The Heart","floor":56,"turns":12}],"seed_played":"-7296016741646402","potions_obtained":[{"floor":4.0,"key":"SpeedPotion"},{"floor":11.0,"key":"LiquidBronze"},{"floor":13.0,"key":"Dexterity Potion"},{"floor":14.0,"key":"AttackPotion"},{"floor":19.0,"key":"Dexterity Potion"},{"floor":22.0,"key":"EntropicBrew"},{"floor":33,"key":"Block Potion"},{"floor":35,"key":"AttackPotion"},{"floor":36,"key":"Block Potion"}],"is_trial":false,"path_per_floor":["M","M","?","M","M","R","$","T","T","$","E","R","E","M","R","B",null,"M","M","?","?","M","R","?","?","T","R","$","M","$","E","R","B",null,"M","?","?","M","T","R","E","M","T","T","M","$","M","M","R","B","B",null,"R","$","E","B",null],"character_chosen":"THE_SILENT","items_purchased":["After Image","Backflip+1","Caltrops","Art of War","PowerPotion"],"campfire_rested":4,"item_purchase_floors":[7,54,54,54,54],"current_hp_per_floor":[59,58,52,51,29,47,47,47,47,47,47,47,26,25,25,2,46,29,25,25,25,16,34,34,30,30,30,30,24,24,24,24,10,25,25,25,15,15,15,24,26,26,26,26,26,26,26,26,32,31,31,32,32,32,32,22],"gold":43,"neow_bonus":"TRANSFORM_TWO_CARDS","is_prod":false,"is_daily":false,"chose_seed":false,"campfire_upgraded":4,"win_rate":0,"timestamp":1562264153,"path_taken":["M","M","?","M","?","R","$","?","T","$","E","R","E","M","R","BOSS","M","M","?","?","?","R","?","?","T","R","?","M","$","E","R","BOSS","M","?","?","M","?","R","E","M","T","?","M","$","M","M","R","BOSS","BOSS","R","$","E","BOSS"],"build_version":"2019-07-01","purchased_purges":4,"victory":true,"max_hp_per_floor":[60,60,60,60,60,60,60,60,60,60,60,60,60,60,60,60,60,60,60,60,60,60,60,60,30,30,30,30,30,30,30,30,30,30,30,30,30,30,30,30,32,32,32,32,32,32,32,32,32,32,32,32,32,32,32,32],"card_choices":[{"not_picked":["Prepared","Bane"],"picked":"Footwork","floor":1.0},{"not_picked":["Cloak And Dagger","Infinite Blades"],"picked":"Masterful Stab","floor":2.0},{"not_picked":["Cloak And Dagger","Blade Dance"],"picked":"Blur","floor":4.0},{"not_picked":["Sucker Punch","Outmaneuver"],"picked":"Predator","floor":5.0},{"not_picked":["Deflect","Prepared","Tools of the Trade"],"picked":"SKIP","floor":11.0},{"not_picked":["Outmaneuver","Deflect"],"picked":"Flying Knee","floor":13.0},{"not_picked":["Terror+1","Dodge and Roll+1"],"picked":"Deadly Poison+1","floor":14.0},{"not_picked":["Tools of the Trade","Unload"],"picked":"Grand Finale","floor":16.0},{"not_picked":["Blade Dance+1","Slice+1"],"picked":"Expertise+1","floor":18.0},{"not_picked":["Infinite Blades","Underhanded Strike","Dash"],"picked":"SKIP","floor":19.0},{"not_picked":["Underhanded Strike+1","Skewer+1","Dagger Throw+1"],"picked":"SKIP","floor":22.0},{"not_picked":["Masterful Stab","Dagger Spray"],"picked":"Backflip+1","floor":29.0},{"not_picked":["Infinite Blades","Leg Sweep+1"],"picked":"Blur+1","floor":31.0},{"not_picked":["Dagger Spray+1","Terror+1","Distraction+1"],"picked":"SKIP","floor":35},{"not_picked":["Flash of Steel","Dramatic Entrance"],"picked":"Finesse+1","floor":37},{"not_picked":["Underhanded Strike","Dodge and Roll+1","Masterful Stab+1"],"picked":"SKIP","floor":38},{"not_picked":["Crippling Poison+1","Deadly Poison+1"],"picked":"Blur+1","floor":40},{"not_picked":["Blur+1","Cloak And Dagger+1","Storm of Steel+1"],"picked":"SKIP","floor":41},{"not_picked":["Blur+1","Cloak And Dagger+1","Storm of Steel+1"],"picked":"Singing Bowl","floor":41},{"not_picked":["Outmaneuver+1","Deflect+1"],"picked":"Noxious Fumes","floor":42},{"not_picked":["Deadly Poison+1","Sucker Punch"],"picked":"Blur+1","floor":45},{"not_picked":["PiercingWail+1","Deflect+1"],"picked":"Cloak And Dagger+1","floor":47},{"not_picked":["Deadly Poison+1","Terror+1"],"picked":"Acrobatics+1","floor":48},{"not_picked":["Bane","Terror+1"],"picked":"Infinite Blades","floor":49},{"not_picked":["Setup+1","Phantasmal Killer+1"],"picked":"Footwork+1","floor":55}],"player_experience":5591776,"relics_obtained":[{"floor":8.0,"key":"Gremlin Horn"},{"floor":9.0,"key":"Vajra"},{"floor":11.0,"key":"Dream Catcher"},{"floor":13.0,"key":"Toxic Egg 2"},{"floor":31.0,"key":"Ancient Tea Set"},{"floor":36,"key":"Ice Cream"},{"floor":39,"key":"Pen Nib"},{"floor":41,"key":"Singing Bowl"},{"floor":43,"key":"Kunai"},{"floor":44,"key":"Ornamental Fan"},{"floor":55,"key":"Bottled Tornado"}],"event_choices":[{"damage_healed":0.0,"max_hp_gain":0.0,"max_hp_loss":0.0,"gold_gain":50.0,"event_name":"FaceTrader","player_choice":"Touch","floor":3.0,"gold_loss":0.0,"damage_taken":6.0},{"damage_healed":0.0,"max_hp_gain":0.0,"max_hp_loss":0.0,"gold_gain":0.0,"event_name":"Vampires","player_choice":"Ignored","floor":20.0,"gold_loss":0.0,"damage_taken":0.0},{"damage_healed":0.0,"max_hp_gain":0.0,"max_hp_loss":0.0,"gold_gain":0.0,"event_name":"Upgrade Shrine","player_choice":"Upgraded","floor":21.0,"gold_loss":0.0,"damage_taken":0.0,"cards_upgraded":["Concentrate"]},{"damage_healed":0.0,"max_hp_gain":0.0,"max_hp_loss":0.0,"gold_gain":0.0,"event_name":"The Mausoleum","player_choice":"Ignored","floor":24.0,"gold_loss":0.0,"damage_taken":0.0},{"damage_healed":0.0,"max_hp_gain":0.0,"max_hp_loss":30.0,"gold_gain":0.0,"event_name":"Ghosts","player_choice":"Became a Ghost","floor":25.0,"gold_loss":0.0,"damage_taken":0.0,"cards_obtained":["Ghostly","Ghostly","Ghostly"]},{"damage_healed":0,"gold_gain":0,"player_choice":"Fight","damage_taken":0,"max_hp_gain":0,"max_hp_loss":0,"event_name":"MindBloom","floor":36,"gold_loss":0},{"damage_healed":0,"gold_gain":0,"player_choice":"Memory 3","damage_taken":10,"max_hp_gain":0,"max_hp_loss":0,"event_name":"SensoryStone","floor":37,"gold_loss":0}],"is_beta":false,"boss_relics":[{"not_picked":["WristBlade","Coffee Dripper"],"picked":"Ring of the Serpent"},{"not_picked":["Busted Crown","Black Star"],"picked":"HoveringKite"}],"items_purged_floors":[7,10,28,46],"is_endless":false,"potions_floor_spawned":[4,11,13,14,19,22,33,35,36,38,45],"ascension_level":20}