{"gold_per_floor":[113,113,131,6,23,48,48,65,91,122,122,141,141,141,141,245,245,265,265,280,299,299,327,327,173,197,197,112,112,112,125,125,226,226,246,256,109,123,139,168,168,196,250,250,250,250],"floor_reached":46,"playtime":3212,"items_purged":["Pain","Strike_R","Strike_R"],"score":531,"play_id":"e3128413-8918-46d6-a898-699d9c4198a1","local_time":"20190724115045","is_ascension_mode":true,"campfire_choices":[{"floor":11.0,"key":"RECALL"},{"data":"Blood for Blood","floor":13.0,"key":"SMITH"},{"data":"Flame Barrier","floor":15.0,"key":"SMITH"},{"data":"Rampage","floor":24.0,"key":"SMITH"},{"data":"Flame Barrier","floor":27.0,"key":"SMITH"},{"floor":32.0,"key":"REST"},{"floor":41,"key":"REST"},{"floor":45,"key":"REST"}],"neow_cost":"NONE","seed_source_timestamp":0,"circlet_count":0,"master_deck":["Strike_R","Strike_R","Defend_R","Defend_R+1","Bash","Flame Barrier+1","Sword Boomerang","Blood for Blood","Flame Barrier+1","Shrug It Off+1","Blood for Blood","Blood for Blood+1","Juggernaut","Shrug It Off+1","Body Slam+1","Rampage+1","Entrench+1","Flex+1","Fiend Fire","Feel No Pain","Barricade","Spot Weakness+1","Iron Wave+1","Armaments+1","Armaments+1","Seeing Red+1","Inflame+1"],"special_seed":0,"relics":["Burning Blood","WarpedTongs","Juzu Bracelet","Anchor","Philosopher\u0027s Stone","Mummified Hand","Toxic Egg 2","Lantern","WingedGreaves","Fusion Hammer","Mercury Hourglass","War Paint","Smiling Mask"],"potions_floor_usage":[40,40,40,46],"damage_taken":[{"damage":5.0,"enemies":"2 Louse","floor":1.0,"turns":4.0},{"damage":5.0,"enemies":"Cultist","floor":3.0,"turns":4.0},{"damage":3.0,"enemies":"Jaw Worm","floor":5.0,"turns":4.0},{"damage":14.0,"enemies":"Gremlin Nob","floor":6.0,"turns":4.0},{"damage":5.0,"enemies":"Large Slime","floor":8.0,"turns":6.0},{"damage":4.0,"enemies":"Lagavulin","floor":10.0,"turns":8.0},{"damage":13.0,"enemies":"2 Fungi Beasts","floor":12.0,"turns":4.0},{"damage":42.0,"enemies":"The Guardian","floor":16.0,"turns":11.0},{"damage":6.0,"enemies":"Chosen","floor":18.0,"turns":5.0},{"damage":12.0,"enemies":"Shell Parasite","floor":20.0,"turns":7.0},{"damage":28.0,"enemies":"Sentry and Sphere","floor":21.0,"turns":6.0},{"damage":22.0,"enemies":"Book of Stabbing","floor":23.0,"turns":5.0},{"damage":0.0,"enemies":"Cultist and Chosen","floor":31.0,"turns":4.0},{"damage":78.0,"enemies":"Champ","floor":33.0,"turns":12.0},{"damage":24.0,"enemies":"3 Darklings","floor":35.0,"turns":5.0},{"damage":1,"enemies":"Orb Walker","floor":36,"turns":5},{"damage":8,"enemies":"Writhing Mass","floor":38,"turns":5},{"damage":22,"enemies":"4 Shapes","floor":39,"turns":7},{"damage":69,"enemies":"Nemesis","floor":40,"turns":9},{"damage":40,"enemies":"Giant Head","floor":42,"turns":8},{"damage":44,"enemies":"Reptomancer","floor":46,"turns":5}],"seed_played":"6405958030678675185","potions_obtained":[{"floor":1.0,"key":"Regen Potion"},{"floor":3.0,"key":"AttackPotion"},{"floor":5.0,"key":"Block Potion"},{"floor":16.0,"key":"BloodPotion"},{"floor":20.0,"key":"Dexterity Potion"},{"floor":23.0,"key":"PowerPotion"},{"floor":33.0,"key":"BloodPotion"},{"floor":35,"key":"AttackPotion"},{"floor":39,"key":"FearPotion"},{"floor":42,"key":"FearPotion"}],"is_trial":false,"path_per_floor":["M","?","M","$","M","E","$","M","T","E","R","M","R","?","R","B",null,"M","?","M","M","?","E","R","$","T","R","?","$","?","M","R","B",null,"M","M","$","M","M","E","R","E","T","?","R","E"],"character_chosen":"IRONCLAD","items_purchased":["Sword Boomerang","Flex+1","Armaments+1"],"campfire_rested":3,"item_purchase_floors":[4,25,37],"current_hp_per_floor":[88,88,88,88,88,80,80,81,81,83,83,76,76,76,76,49,88,88,88,82,60,60,44,44,44,44,44,44,44,44,50,76,26,88,70,75,75,73,57,16,42,8,8,8,33,0],"gold":250,"neow_bonus":"TEN_PERCENT_HP_BONUS","is_prod":false,"is_daily":false,"chose_seed":false,"campfire_upgraded":4,"win_rate":0,"timestamp":1563987045,"path_taken":["M","?","M","$","M","E","?","M","T","E","R","M","R","?","R","BOSS","M","?","M","M","?","E","R","$","T","R","?","$","?","M","R","BOSS","M","M","$","M","M","E","R","E","T","?","R","E"],"build_version":"2019-07-17","purchased_purges":3,"victory":false,"max_hp_per_floor":[88,88,88,88,88,88,88,88,88,88,88,88,88,88,88,88,88,88,88,88,88,88,88,88,88,88,88,88,88,88,88,88,88,88,88,88,88,88,88,88,88,88,88,85,85,85],"card_choices":[{"not_picked":["Perfected Strike","Wild Strike"],"picked":"Flame Barrier","floor":1.0},{"not_picked":["Twin Strike","Wild Strike","Power Through"],"picked":"SKIP","floor":3.0},{"not_picked":["Warcry","Thunderclap"],"picked":"Blood for Blood","floor":5.0},{"not_picked":["Heavy Blade","Fire Breathing"],"picked":"Flame Barrier","floor":6.0},{"not_picked":["Sword Boomerang","Heavy Blade"],"picked":"Shrug It Off","floor":8.0},{"not_picked":["Pommel Strike","Flex"],"picked":"Blood for Blood","floor":10.0},{"not_picked":["Ghostly Armor","Warcry"],"picked":"Blood for Blood","floor":12.0},{"not_picked":["Impervious","Reaper"],"picked":"Juggernaut","floor":16.0},{"not_picked":["Clash","Headbutt"],"picked":"Shrug It Off+1","floor":18.0},{"not_picked":["Shockwave","Anger"],"picked":"Body Slam+1","floor":20.0},{"not_picked":["Heavy Blade","Warcry"],"picked":"Rampage","floor":21.0},{"not_picked":["Evolve","Heavy Blade"],"picked":"Entrench","floor":23.0},{"not_picked":["Twin Strike+1","Heavy Blade","Corruption+1"],"picked":"SKIP","floor":31.0},{"not_picked":["Dark Embrace","Bludgeon"],"picked":"Barricade","floor":33.0},{"not_picked":["Sword Boomerang","Perfected Strike+1"],"picked":"Spot Weakness+1","floor":35},{"not_picked":["Thunderclap","Dual Wield+1"],"picked":"Iron Wave+1","floor":36},{"not_picked":["Sword Boomerang","Clothesline"],"picked":"Armaments+1","floor":38},{"not_picked":["Body Slam","Shrug It Off+1"],"picked":"Seeing Red+1","floor":39},{"not_picked":["Pommel Strike+1","Corruption+1","Twin Strike"],"picked":"SKIP","floor":40},{"not_picked":["Juggernaut","Anger"],"picked":"Inflame+1","floor":42}],"player_experience":151164,"relics_obtained":[{"floor":6.0,"key":"Juzu Bracelet"},{"floor":10.0,"key":"Anchor"},{"floor":23.0,"key":"Toxic Egg 2"},{"floor":26.0,"key":"Lantern"},{"floor":40,"key":"Mercury Hourglass"},{"floor":42,"key":"War Paint"},{"floor":43,"key":"Smiling Mask"}],"event_choices":[{"damage_healed":0.0,"max_hp_gain":0.0,"max_hp_loss":0.0,"gold_gain":0.0,"event_name":"Accursed Blacksmith","player_choice":"Rummage","floor":2.0,"gold_loss":0.0,"damage_taken":0.0,"relics_obtained":["WarpedTongs"],"cards_obtained":["Pain"]},{"cards_removed":["Defend_R"],"damage_healed":0.0,"max_hp_gain":0.0,"max_hp_loss":0.0,"gold_gain":0.0,"event_name":"Living Wall","player_choice":"Forget","floor":14.0,"gold_loss":0.0,"damage_taken":0.0},{"damage_healed":0.0,"max_hp_gain":0.0,"max_hp_loss":0.0,"gold_gain":0.0,"event_name":"The Mausoleum","player_choice":"Opened","floor":19.0,"gold_loss":0.0,"damage_taken":0.0,"relics_obtained":["Mummified Hand"],"cards_obtained":["Writhe"]},{"damage_healed":0.0,"max_hp_gain":0.0,"max_hp_loss":0.0,"gold_gain":0.0,"event_name":"Ghosts","player_choice":"Ignored","floor":22.0,"gold_loss":0.0,"damage_taken":0.0},{"damage_healed":0.0,"max_hp_gain":0.0,"max_hp_loss":0.0,"gold_gain":0.0,"event_name":"Addict","player_choice":"Obtained Relic","floor":28.0,"gold_loss":85.0,"damage_taken":0.0,"relics_obtained":["WingedGreaves"]},{"damage_healed":0.0,"max_hp_gain":0.0,"max_hp_loss":0.0,"gold_gain":0.0,"cards_transformed":["Strike_R","Defend_R"],"event_name":"Drug Dealer","player_choice":"Became Test Subject","floor":30.0,"gold_loss":0.0,"damage_taken":0.0,"cards_obtained":["Fiend Fire","Feel No Pain"]},{"cards_removed":["Parasite","Writhe"],"damage_healed":0,"gold_gain":0,"player_choice":"Removed Curses","damage_taken":0,"max_hp_gain":0,"max_hp_loss":0,"event_name":"Fountain of Cleansing","floor":44,"gold_loss":0}],"is_beta":false,"boss_relics":[{"not_picked":["Runic Cube","Ectoplasm"],"picked":"Philosopher\u0027s Stone"},{"not_picked":["Orrery","Sozu"],"picked":"Fusion Hammer"}],"items_purged_floors":[4,25,37],"is_endless":false,"potions_floor_spawned":[1,3,5,16,20,23,33,35,39,42],"killed_by":"Reptomancer","ascension_level":1}