{"gold_per_floor":[118,118,43,43,57,89,89,99,99,133,133,149,149],"floor_reached":13,"playtime":452,"items_purged":["Strike_R"],"score":142,"play_id":"5b9fe240-4904-4d82-9aa2-114437827383","local_time":"20190705010440","is_ascension_mode":true,"campfire_choices":[{"data":"Fire Breathing","floor":7,"key":"SMITH"},{"data":"Rampage","floor":11,"key":"SMITH"}],"neow_cost":"NONE","seed_source_timestamp":1167001916282105,"circlet_count":0,"master_deck":["Strike_R","Strike_R","Strike_R","Strike_R","Defend_R","Defend_R","Defend_R","Defend_R","Bash","Battle Trance","strawberrySpire:DangerMountain","Fire Breathing+1","Rampage+1"],"relics":["Burning Blood","NeowsBlessing","infinitespire:WardingShard","ReplayTheSpireMod:Bottled Steam","aspiration:SupercapacitiveCoin"],"potions_floor_usage":[10,13],"damage_taken":[{"damage":0,"enemies":"Small Slimes","floor":1,"turns":1},{"damage":0,"enemies":"Jaw Worm","floor":5,"turns":1},{"damage":0,"enemies":"Gremlin Nob","floor":6,"turns":1},{"damage":0,"enemies":"2 Louse","floor":8,"turns":3},{"damage":5,"enemies":"Lagavulin","floor":10,"turns":7},{"damage":2,"enemies":"Red Slaver","floor":12,"turns":4},{"damage":86,"enemies":"strawberrySpire:EnergyPylons","floor":13,"turns":10}],"seed_played":"-2889198982075223103","potions_obtained":[{"floor":6,"key":"PowerPotion"},{"floor":12,"key":"Block Potion"}],"is_trial":false,"path_per_floor":["M","?","$","?","M","E","R","M","T","E","R","M","E"],"character_chosen":"IRONCLAD","items_purchased":[],"campfire_rested":0,"item_purchase_floors":[],"current_hp_per_floor":[80,80,80,80,80,80,80,80,80,80,80,80,0],"gold":149,"neow_bonus":"THREE_ENEMY_KILL","is_prod":false,"is_daily":false,"chose_seed":false,"campfire_upgraded":2,"win_rate":0,"timestamp":1562285080,"path_taken":["M","?","$","?","?","E","R","M","T","E","R","M","E"],"build_version":"2019-07-01","purchased_purges":1,"victory":false,"max_hp_per_floor":[80,80,80,80,80,80,80,80,80,80,80,80,80],"card_choices":[{"not_picked":["Cleave","True Grit"],"picked":"Battle Trance","floor":1},{"not_picked":["Inflame","Perfected Strike"],"picked":"strawberrySpire:DangerMountain","floor":5},{"not_picked":["Evolve","Body Slam"],"picked":"Fire Breathing","floor":6},{"not_picked":["Cleave","Flex","Armaments"],"picked":"SKIP","floor":8},{"not_picked":["Perfected Strike","Armaments"],"picked":"Rampage","floor":10},{"not_picked":["Defy Death","Thunderclap","vexMod:CrumblingCrash"],"picked":"SKIP","floor":12}],"player_experience":166623,"relics_obtained":[{"floor":6,"key":"infinitespire:WardingShard"},{"floor":9,"key":"ReplayTheSpireMod:Bottled Steam"},{"floor":10,"key":"aspiration:SupercapacitiveCoin"}],"event_choices":[],"is_beta":false,"boss_relics":[],"items_purged_floors":[3],"is_endless":false,"potions_floor_spawned":[6,12],"killed_by":"strawberrySpire:EnergyPylons","ascension_level":4}