{"gold_per_floor":[118,133,283,283,295,295,22,38,65,65,140,140,140,181,181,272,272,297,297,109,136,136,136,136],"floor_reached":24,"playtime":625,"items_purged":[],"score":352,"play_id":"70d6f32e-4e58-4884-be5d-28a14de55721","local_time":"20190714184857","is_ascension_mode":true,"campfire_choices":[{"data":"Twin Strike","floor":6,"key":"SMITH"},{"floor":15,"key":"REST"},{"data":"HandOfGreed","floor":23,"key":"SMITH"}],"neow_cost":"NONE","seed_source_timestamp":2008297249208082,"circlet_count":0,"master_deck":["AscendersBane","Strike_R","Strike_R","Strike_R","Strike_R","Strike_R","Defend_R","Defend_R","Defend_R","Defend_R","Bash+1","Battle Trance","Twin Strike+1","Thunderclap","Shrug It Off","Dropkick","Rampage","Thunderclap","Offering","Twin Strike","HandOfGreed+1"],"relics":["Burning Blood","Omamori","Strawberry","Golden Idol","Ancient Tea Set","Champion Belt","Snecko Eye","Blood Vial"],"potions_floor_usage":[16,16,18,24,24],"damage_taken":[{"damage":2,"enemies":"Small Slimes","floor":1,"turns":5},{"damage":0,"enemies":"2 Louse","floor":2,"turns":3},{"damage":1,"enemies":"Cultist","floor":5,"turns":4},{"damage":16,"enemies":"2 Fungi Beasts","floor":8,"turns":3},{"damage":28,"enemies":"Gremlin Nob","floor":14,"turns":4},{"damage":51,"enemies":"Slime Boss","floor":16,"turns":10},{"damage":21,"enemies":"Spheric Guardian","floor":18,"turns":4},{"damage":65,"enemies":"Gremlin Leader","floor":24,"turns":5}],"seed_played":"-2074261746571028759","potions_obtained":[{"floor":1,"key":"Dexterity Potion"},{"floor":5,"key":"SkillPotion"},{"floor":16,"key":"Weak Potion"},{"floor":19,"key":"SkillPotion"},{"floor":19,"key":"Strength Potion"}],"is_trial":false,"path_per_floor":["M","M","?","?","M","R","$","M","T","?","?","$","?","E","R","B",null,"M","?","$","T","$","R","E"],"character_chosen":"IRONCLAD","items_purchased":["Omamori","Shrug It Off","Dropkick","HandOfGreed"],"campfire_rested":1,"item_purchase_floors":[7,7,7,20],"current_hp_per_floor":[72,75,75,75,75,75,75,65,72,72,72,72,72,50,74,29,69,54,54,54,54,54,54,0],"gold":136,"neow_bonus":"UPGRADE_CARD","is_prod":false,"is_daily":false,"chose_seed":false,"campfire_upgraded":2,"win_rate":0,"timestamp":1563126537,"path_taken":["M","M","?","?","?","R","$","M","T","?","?","?","?","E","R","BOSS","M","?","$","?","$","R","E"],"build_version":"2019-07-05","purchased_purges":0,"victory":false,"max_hp_per_floor":[75,75,75,75,75,75,75,75,82,82,82,82,82,82,82,82,82,82,82,82,82,82,82,82],"card_choices":[{"not_picked":["Headbutt","Inflame"],"picked":"Battle Trance","floor":1},{"not_picked":["Corruption","Body Slam"],"picked":"Twin Strike","floor":2},{"not_picked":["Flex","Warcry"],"picked":"Thunderclap","floor":5},{"not_picked":["Blood for Blood","Hemokinesis"],"picked":"Rampage","floor":8},{"not_picked":["Carnage","Infernal Blade"],"picked":"Thunderclap","floor":14},{"not_picked":["Double Tap","Berserk"],"picked":"Offering","floor":16},{"not_picked":["Intimidate","Body Slam"],"picked":"Twin Strike","floor":18}],"player_experience":423484,"relics_obtained":[{"floor":9,"key":"Strawberry"},{"floor":14,"key":"Champion Belt"},{"floor":21,"key":"Blood Vial"}],"event_choices":[{"damage_healed":0,"gold_gain":150,"player_choice":"AGREE","damage_taken":0,"max_hp_gain":0,"max_hp_loss":0,"event_name":"Liars Game","floor":3,"gold_loss":0,"cards_obtained":["Doubt"]},{"cards_removed":["Doubt"],"damage_healed":0,"gold_gain":0,"player_choice":"Removed Curses","damage_taken":0,"max_hp_gain":0,"max_hp_loss":0,"event_name":"Fountain of Cleansing","floor":4,"gold_loss":0},{"damage_healed":0,"gold_gain":0,"player_choice":"Take Wound","damage_taken":0,"relics_obtained":["Golden Idol"],"max_hp_gain":0,"max_hp_loss":0,"event_name":"Golden Idol","floor":10,"gold_loss":0,"cards_obtained":["Injury"]},{"damage_healed":0,"gold_gain":75,"player_choice":"Gained Gold","damage_taken":0,"max_hp_gain":0,"max_hp_loss":0,"event_name":"Golden Wing","floor":11,"gold_loss":0},{"damage_healed":0,"gold_gain":0,"player_choice":"Searched \u00271\u0027 times","damage_taken":0,"relics_obtained":["Ancient Tea Set"],"max_hp_gain":0,"max_hp_loss":0,"event_name":"Dead Adventurer","floor":13,"gold_loss":0},{"damage_healed":0,"gold_gain":0,"player_choice":"Got Potions","damage_taken":0,"max_hp_gain":0,"max_hp_loss":0,"event_name":"Lab","floor":19,"gold_loss":0}],"is_beta":false,"boss_relics":[{"not_picked":["Velvet Choker","Philosopher\u0027s Stone"],"picked":"Snecko Eye"}],"items_purged_floors":[],"is_endless":false,"potions_floor_spawned":[1,5,16],"killed_by":"Gremlin Leader","ascension_level":17}