{"gold_per_floor":[113,123,44,59,72,72,103,178,251,251,262,296,296,296,296,371,371,383,189,200,11,25,56,56,86,86,100,15,15,34,66,66,143,143,155,75,75,75,89,89,114,124,124,158,258,285,315,347,359,371,383,395,407,34,65,65],"floor_reached":57,"playtime":3580,"items_purged":["Decay","Dodge and Roll+1"],"score":3216,"play_id":"3d806828-278c-48d2-8728-f8cdcb4e0b06","local_time":"20190624034013","is_ascension_mode":true,"campfire_choices":[{"data":"Glass Knife","floor":6,"key":"SMITH"},{"floor":13,"key":"RECALL"},{"data":"Dagger Throw","floor":15,"key":"SMITH"},{"floor":24,"key":"REST"},{"floor":32,"key":"REST"},{"floor":40,"key":"REST"},{"floor":49,"key":"REST"},{"floor":53,"key":"REST"}],"neow_cost":"","seed_source_timestamp":460428343418200,"circlet_count":0,"master_deck":["Echo Form+1","Echo Form+1","Outmaneuver+1","A Thousand Cuts+1","Tools of the Trade+1","Well Laid Plans+1","Dodge and Roll+1","Venomology+1","Acrobatics+1","Prepared+1","Dagger Throw+1","Cloak And Dagger+1","Reflex+1","Backflip+1","Malaise+1","Tactician+1","Night Terror+1","Setup+1","Backflip+1","Deep Breath+1","Expertise+1","Envenom+1","Acrobatics+1","Footwork+1","Calculated Gamble+1","Accuracy+1","Footwork+1"],"relics":["Ring of the Snake","Toxic Egg 2","Frozen Egg 2","Pandora\u0027s Box","The Specimen","The Courier","Bronze Scales","Happy Flower","Ornamental Fan","Astrolabe","Kunai","Blue Candle","Strawberry","Prayer Wheel","Anchor","MawBank","Mummified Hand","Unceasing Top"],"potions_floor_usage":[5,5,11,12,12,16,16,20,22,23,23,25,31,33,33,41,44,44,47,55,56,56,56],"damage_taken":[{"damage":0,"enemies":"2 Louse","floor":1,"turns":1},{"damage":0,"enemies":"Cultist","floor":2,"turns":4},{"damage":3,"enemies":"Jaw Worm","floor":4,"turns":4},{"damage":0,"enemies":"Lots of Slimes","floor":5,"turns":2},{"damage":2,"enemies":"3 Sentries","floor":7,"turns":3},{"damage":4,"enemies":"2 Fungi Beasts","floor":11,"turns":2},{"damage":0,"enemies":"Lagavulin","floor":12,"turns":5},{"damage":0,"enemies":"The Guardian","floor":16,"turns":6},{"damage":4,"enemies":"2 Thieves","floor":18,"turns":4},{"damage":0,"enemies":"Shell Parasite","floor":20,"turns":6},{"damage":0,"enemies":"Sentry and Sphere","floor":22,"turns":2},{"damage":0,"enemies":"Gremlin Leader","floor":23,"turns":5},{"damage":17,"enemies":"Slavers","floor":25,"turns":3},{"damage":0,"enemies":"Centurion and Healer","floor":27,"turns":3},{"damage":0,"enemies":"Snake Plant","floor":30,"turns":6},{"damage":7,"enemies":"Gremlin Leader","floor":31,"turns":5},{"damage":5,"enemies":"Automaton","floor":33,"turns":6},{"damage":1,"enemies":"Orb Walker","floor":35,"turns":4},{"damage":0,"enemies":"3 Darklings","floor":39,"turns":2},{"damage":7,"enemies":"Reptomancer","floor":41,"turns":5},{"damage":0,"enemies":"4 Shapes","floor":42,"turns":2},{"damage":0,"enemies":"Giant Head","floor":44,"turns":2},{"damage":0,"enemies":"Mind Bloom Boss Battle","floor":45,"turns":3},{"damage":14,"enemies":"Nemesis","floor":47,"turns":5},{"damage":0,"enemies":"Spire Growth","floor":48,"turns":3},{"damage":0,"enemies":"Donu and Deca","floor":50,"turns":3},{"damage":40,"enemies":"Time Eater","floor":51,"turns":22},{"damage":0,"enemies":"Shield and Spear","floor":55,"turns":2},{"damage":8,"enemies":"The Heart","floor":56,"turns":8}],"seed_played":"5818111948782369900","potions_obtained":[{"floor":1,"key":"Fire Potion"},{"floor":4,"key":"PowerPotion"},{"floor":20,"key":"Ancient Potion"},{"floor":29,"key":"SpeedPotion"},{"floor":29,"key":"Dexterity Potion"},{"floor":33,"key":"GhostInAJar"},{"floor":35,"key":"GamblersBrew"},{"floor":47,"key":"Fruit Juice"}],"is_trial":true,"path_per_floor":["M","M","$","M","M","R","E","?","T","?","M","E","R","?","R","B",null,"M","$","M","$","M","E","R","E","T","M","$","?","M","E","R","B",null,"M","$","$","?","M","R","E","M","T","E","?","T","E","M","R","B","B",null,"R","$","E","B",null],"character_chosen":"THE_SILENT","items_purchased":["Reflex+1","Happy Flower","Night Terror+1","Setup+1","Deep Breath+1","Accuracy+1","Mummified Hand","Footwork+1","Dexterity Potion"],"campfire_rested":5,"item_purchase_floors":[3,19,21,21,28,54,54,54,54],"current_hp_per_floor":[59,59,59,56,56,56,54,43,43,43,39,39,39,39,39,39,59,55,55,55,55,55,55,66,49,49,49,49,49,49,42,61,56,64,63,63,63,63,63,66,59,59,59,66,66,66,57,57,78,78,38,68,78,78,78,70],"gold":65,"neow_bonus":"","is_prod":false,"is_daily":false,"chose_seed":false,"campfire_upgraded":2,"win_rate":0,"timestamp":1561315213,"path_taken":["M","M","$","M","M","R","E","?","T","?","?","E","R","?","R","BOSS","M","$","M","$","M","E","R","E","T","M","?","?","M","E","R","BOSS","M","?","$","?","M","R","E","M","T","E","?","?","E","M","R","BOSS","BOSS","R","$","E","BOSS"],"build_version":"2019-01-23","purchased_purges":2,"victory":true,"max_hp_per_floor":[66,66,66,66,66,66,66,66,66,66,66,66,66,66,66,66,66,66,66,66,66,66,66,66,66,66,66,66,66,66,66,66,66,66,66,66,66,66,66,66,66,66,66,73,73,73,78,78,78,78,78,78,78,78,78,78],"card_choices":[{"not_picked":["Underhanded Strike","Choke"],"picked":"Dagger Throw","floor":1},{"not_picked":["Dagger Spray","Poisoned Stab"],"picked":"Cloak And Dagger+1","floor":2},{"not_picked":["Choke","Predator","Underhanded Strike"],"picked":"SKIP","floor":4},{"not_picked":["Leg Sweep+1","Deflect+1"],"picked":"Backflip+1","floor":5},{"not_picked":["Outmaneuver+1","Flying Knee"],"picked":"Malaise+1","floor":7},{"not_picked":["Dodge and Roll+1","Blade Dance+1","Poisoned Stab"],"picked":"SKIP","floor":11},{"not_picked":["Corpse Explosion+1","Backstab"],"picked":"Tactician+1","floor":12},{"not_picked":["Infinite Blades+1","Flying Knee","Slice+1"],"picked":"SKIP","floor":18},{"not_picked":["Poisoned Stab+1","Outmaneuver+1","Sucker Punch"],"picked":"SKIP","floor":20},{"not_picked":["Quick Slash","Deflect+1"],"picked":"Backflip+1","floor":22},{"not_picked":["Endless Agony+1","Riddle With Holes","Slice"],"picked":"SKIP","floor":23},{"not_picked":["Dagger Throw+1","Bane","Backflip+1"],"picked":"SKIP","floor":25},{"not_picked":["Outmaneuver+1","Dagger Throw","Flying Knee"],"picked":"SKIP","floor":27},{"not_picked":["Storm of Steel+1","Quick Slash","Dagger Throw"],"picked":"SKIP","floor":30},{"not_picked":["Setup+1","Masterful Stab"],"picked":"Expertise+1","floor":31},{"not_picked":["Slice","Flying Knee","Dagger Spray"],"picked":"SKIP","floor":35},{"not_picked":["Slice","Blade Dance+1"],"picked":"Footwork+1","floor":39},{"not_picked":["Dagger Throw","Adrenaline+1"],"picked":"Calculated Gamble+1","floor":41},{"not_picked":["Outmaneuver+1","Acrobatics+1","Distraction+1"],"picked":"SKIP","floor":42},{"not_picked":["Bane","Dagger Throw","Infinite Blades+1"],"picked":"SKIP","floor":44},{"not_picked":["Leg Sweep+1","Flying Knee","Reflex+1"],"picked":"SKIP","floor":47},{"not_picked":["Riddle With Holes","Dagger Spray","Flying Knee"],"picked":"SKIP","floor":48},{"not_picked":["Dagger Spray","Dodge and Roll+1","Blade Dance+1"],"picked":"SKIP","floor":48},{"not_picked":["Riddle With Holes","Bullet Time+1","Caltrops+1"],"picked":"SKIP","floor":55}],"player_experience":5472332,"relics_obtained":[{"floor":7,"key":"The Specimen"},{"floor":9,"key":"The Courier"},{"floor":12,"key":"Bronze Scales"},{"floor":23,"key":"Ornamental Fan"},{"floor":41,"key":"Kunai"},{"floor":43,"key":"Blue Candle"},{"floor":44,"key":"Strawberry"},{"floor":45,"key":"Prayer Wheel"},{"floor":46,"key":"Anchor"},{"floor":47,"key":"MawBank"},{"floor":55,"key":"Unceasing Top"}],"event_choices":[{"damage_healed":0,"gold_gain":75,"player_choice":"Gather Gold","damage_taken":11,"max_hp_gain":0,"max_hp_loss":0,"event_name":"World of Goop","floor":8,"gold_loss":0},{"damage_healed":0,"gold_gain":0,"player_choice":"Forge","damage_taken":0,"max_hp_gain":0,"max_hp_loss":0,"event_name":"Accursed Blacksmith","floor":10,"gold_loss":0,"cards_upgraded":["Neutralize"]},{"damage_healed":0,"gold_gain":0,"player_choice":"Cursed","damage_taken":0,"max_hp_gain":0,"max_hp_loss":0,"event_name":"Wheel of Change","floor":14,"gold_loss":0,"cards_obtained":["Decay"]},{"damage_healed":0,"gold_gain":0,"player_choice":"Got Potions","damage_taken":0,"max_hp_gain":0,"max_hp_loss":0,"event_name":"Lab","floor":29,"gold_loss":0},{"cards_removed":["Neutralize"],"damage_healed":0,"gold_gain":0,"player_choice":"Removed Attack","damage_taken":0,"max_hp_gain":0,"max_hp_loss":0,"event_name":"Falling","floor":38,"gold_loss":0},{"damage_healed":0,"gold_gain":0,"player_choice":"Fight","damage_taken":0,"max_hp_gain":0,"max_hp_loss":0,"event_name":"MindBloom","floor":45,"gold_loss":0}],"is_beta":false,"boss_relics":[{"not_picked":["Cursed Key","Sozu","HoveringKite"]},{"not_picked":["Pandora\u0027s Box","Tiny House"],"picked":"Astrolabe"}],"items_purged_floors":[19,36],"is_endless":false,"potions_floor_spawned":[1,4,7,18,20,30,33,35,41,45,47,48],"ascension_level":20}