{"gold_per_floor":[109,120,133,150,170,170,183,183,183,183,183,208,247,22,22,22],"floor_reached":16,"playtime":468,"items_purged":["Defend_G"],"score":208,"play_id":"0d379e2b-a4cf-4bb6-adfc-678e12fa53e8","local_time":"20190603015543","is_ascension_mode":true,"campfire_choices":[{"floor":6,"key":"REST"},{"data":"Neutralize","floor":8,"key":"SMITH"},{"data":"Infinite Blades","floor":15,"key":"SMITH"}],"neow_cost":"NONE","seed_source_timestamp":620340168377700,"circlet_count":0,"master_deck":["AscendersBane","Defend_G","Defend_G","Defend_G","Defend_G","Strike_G","Strike_G","Strike_G","Strike_G","Strike_G","Survivor","Neutralize+1","Backstab","Quick Slash","Reflex","Deflect","Slice","PiercingWail","Infinite Blades+1","Blur","After Image"],"relics":["Ring of the Snake","Pear","Golden Idol","PreservedInsect"],"potions_floor_usage":[16],"damage_taken":[{"damage":13,"enemies":"Jaw Worm","floor":1,"turns":8},{"damage":1,"enemies":"Small Slimes","floor":2,"turns":5},{"damage":1,"enemies":"Cultist","floor":3,"turns":3},{"damage":1,"enemies":"2 Fungi Beasts","floor":4,"turns":4},{"damage":29,"enemies":"Large Slime","floor":5,"turns":8},{"damage":6,"enemies":"Looter","floor":7,"turns":3},{"damage":0,"enemies":"3 Louse","floor":12,"turns":3},{"damage":23,"enemies":"3 Sentries","floor":13,"turns":10},{"damage":10,"enemies":"Hexaghost","floor":16,"turns":8}],"seed_played":"-4570369912839075817","potions_obtained":[{"floor":1,"key":"Ancient Potion"},{"floor":3,"key":"PowerPotion"},{"floor":12,"key":"Strength Potion"}],"is_trial":false,"path_per_floor":["M","M","M","M","M","R","M","R","T","?","?","M","E","$","R","B"],"character_chosen":"THE_SILENT","items_purchased":["After Image"],"campfire_rested":1,"item_purchase_floors":[14],"current_hp_per_floor":[52,51,50,49,20,41,35,35,45,45,50,50,27,27,27,17],"gold":22,"neow_bonus":"TEN_PERCENT_HP_BONUS","is_prod":false,"is_daily":false,"chose_seed":false,"campfire_upgraded":2,"win_rate":0,"timestamp":1559494543,"path_taken":["M","M","M","M","M","R","M","R","T","?","?","M","E","$","R","BOSS"],"build_version":"2019-01-23","purchased_purges":1,"victory":false,"max_hp_per_floor":[72,72,72,72,72,72,72,72,82,74,79,79,79,79,79,79],"card_choices":[{"not_picked":["Dagger Throw","Finisher"],"picked":"Backstab","floor":1},{"not_picked":["Caltrops","Eviscerate"],"picked":"Quick Slash","floor":2},{"not_picked":["Prepared","Acrobatics"],"picked":"Reflex","floor":3},{"not_picked":["Expertise","Dodge and Roll"],"picked":"Deflect","floor":4},{"not_picked":["Backflip","Sucker Punch"],"picked":"Slice","floor":5},{"not_picked":["Reflex","Blade Dance"],"picked":"PiercingWail","floor":7},{"not_picked":["Prepared","Dash"],"picked":"Infinite Blades","floor":12},{"not_picked":["Quick Slash","Flying Knee"],"picked":"Blur","floor":13}],"player_experience":5251033,"relics_obtained":[{"floor":9,"key":"Pear"},{"floor":13,"key":"PreservedInsect"}],"event_choices":[{"damage_healed":0,"gold_gain":0,"player_choice":"Lose Max HP","damage_taken":0,"relics_obtained":["Golden Idol"],"max_hp_gain":0,"max_hp_loss":8,"event_name":"Golden Idol","floor":10,"gold_loss":0},{"damage_healed":0,"gold_gain":0,"player_choice":"Donut","damage_taken":0,"max_hp_gain":5,"max_hp_loss":0,"event_name":"Big Fish","floor":11,"gold_loss":0}],"is_beta":false,"boss_relics":[],"items_purged_floors":[14],"is_endless":false,"potions_floor_spawned":[1,3,5,12],"killed_by":"Hexaghost","ascension_level":20}