{"gold_per_floor":[139,45,79,111,18,18,348,367,441,0,0,0,10,110,110,110],"floor_reached":16,"playtime":676,"items_purged":[],"score":135,"play_id":"d11295c4-c342-490e-9487-b0c8e193c3d5","local_time":"20190718183617","is_ascension_mode":true,"campfire_choices":[{"data":"Anger","floor":6,"key":"SMITH"},{"floor":12,"key":"REST"},{"data":"Berserk","floor":15,"key":"SMITH"}],"neow_cost":"PERCENT_DAMAGE","seed_source_timestamp":28019634231900,"circlet_count":0,"master_deck":["Strike_R","Strike_R","Strike_R","Strike_R","Strike_R","Defend_R","Defend_R","Defend_R","Defend_R","Bash","Impatience","HandOfGreed","Rage","Swift Strike","Inflame","Anger+1","Spot Weakness","Shrug It Off","Thunderclap","Offering","Bludgeon","Berserk+1","Sentinel"],"relics":["Burning Blood","Old Coin","Singing Bowl"],"potions_floor_usage":[7,16],"damage_taken":[{"damage":2,"enemies":"Jaw Worm","floor":1,"turns":3},{"damage":0,"enemies":"Cultist","floor":3,"turns":3},{"damage":4,"enemies":"Small Slimes","floor":4,"turns":3},{"damage":34,"enemies":"Lagavulin","floor":7,"turns":7},{"damage":11,"enemies":"Looter","floor":8,"turns":2},{"damage":13,"enemies":"Blue Slaver","floor":13,"turns":2},{"damage":48,"enemies":"The Guardian","floor":16,"turns":8}],"seed_played":"757755793557962943","potions_obtained":[{"floor":3,"key":"Block Potion"},{"floor":4,"key":"FearPotion"}],"is_trial":false,"path_per_floor":["M","$","M","M","$","R","E","M","T","$","?","R","M","?","R","B"],"character_chosen":"IRONCLAD","items_purchased":["Swift Strike","Spot Weakness","Shrug It Off","Offering","Bludgeon","Berserk"],"campfire_rested":1,"item_purchase_floors":[2,5,5,10,10,10],"current_hp_per_floor":[55,55,61,63,63,63,35,30,30,30,30,54,47,47,47,0],"gold":110,"neow_bonus":"RANDOM_COLORLESS_2","is_prod":false,"is_daily":false,"chose_seed":false,"campfire_upgraded":2,"win_rate":0,"timestamp":1563489377,"path_taken":["M","$","M","M","$","R","E","M","T","$","?","R","M","?","R","BOSS"],"build_version":"2019-07-17","purchased_purges":0,"victory":false,"max_hp_per_floor":[80,80,80,80,80,80,80,80,80,80,80,80,80,80,80,80],"card_choices":[{"not_picked":["Disarm","True Grit"],"picked":"Rage","floor":1},{"not_picked":["Seeing Red","Perfected Strike"],"picked":"Inflame","floor":3},{"not_picked":["Cleave","Power Through"],"picked":"Anger","floor":4},{"not_picked":["Metallicize","Havoc"],"picked":"Thunderclap","floor":7},{"not_picked":["Havoc","Power Through","True Grit"],"picked":"SKIP","floor":8},{"not_picked":["Clash","Disarm"],"picked":"Sentinel","floor":13}],"player_experience":251890,"relics_obtained":[{"floor":7,"key":"Old Coin"},{"floor":9,"key":"Singing Bowl"}],"event_choices":[{"damage_healed":0,"gold_gain":0,"player_choice":"Searched \u00270\u0027 times","damage_taken":0,"max_hp_gain":0,"max_hp_loss":0,"event_name":"Dead Adventurer","floor":11,"gold_loss":0},{"damage_healed":0,"gold_gain":100,"player_choice":"Gold","damage_taken":0,"max_hp_gain":0,"max_hp_loss":0,"event_name":"Wheel of Change","floor":14,"gold_loss":0}],"is_beta":false,"boss_relics":[],"items_purged_floors":[],"is_endless":false,"potions_floor_spawned":[3,4],"killed_by":"The Guardian","ascension_level":7}