{"gold_per_floor":[110,110,126,126,140,140,197,207,207,157,82,82,82,125,125,250,250,270,185,185,204,129,129,164,164,164,179,202,65,146,182,182,182],"floor_reached":33,"playtime":2993,"items_purged":["Defend_B"],"score":306,"play_id":"786ca0c5-597c-43c3-9a77-4a2cbdec8478","local_time":"20190715221528","is_ascension_mode":false,"campfire_choices":[{"data":"Dramatic Entrance","floor":6,"key":"SMITH"},{"floor":13,"key":"REST"},{"floor":15,"key":"REST"},{"data":"Gash","floor":23,"key":"SMITH"},{"floor":32,"key":"REST"}],"neow_cost":"NONE","seed_source_timestamp":444840896805100,"circlet_count":0,"master_deck":["Strike_B","Strike_B+1","Defend_B+1","Zap","Dualcast","Dramatic Entrance+1","Coolheaded","Conserve Battery","Seek","Glacier","Storm","Gash+1","Echo Form","Scrape","Seek","Amplify","Redo+1","Necronomicurse","Conserve Battery","Scrape","Rainbow","Hyperbeam","Glacier"],"relics":["Cracked Core","Mango","Matryoshka","Mummified Hand","Bottled Lightning","Golden Idol","Bag of Preparation","Nuclear Battery","Shuriken","Pantograph","Necronomicon","Centennial Puzzle","Ornamental Fan","Meat on the Bone","Dream Catcher"],"potions_floor_usage":[7,16,16,16,31,31,31],"damage_taken":[{"damage":3,"enemies":"2 Louse","floor":1,"turns":2},{"damage":0,"enemies":"Jaw Worm","floor":3,"turns":4},{"damage":0,"enemies":"Small Slimes","floor":5,"turns":2},{"damage":8,"enemies":"Lagavulin Event","floor":7,"turns":8},{"damage":0,"enemies":"2 Fungi Beasts","floor":8,"turns":3},{"damage":0,"enemies":"Lagavulin","floor":14,"turns":12},{"damage":41,"enemies":"Hexaghost","floor":16,"turns":15},{"damage":10,"enemies":"Spheric Guardian","floor":18,"turns":4},{"damage":11,"enemies":"3 Byrds","floor":21,"turns":5},{"damage":18,"enemies":"Gremlin Leader","floor":24,"turns":9},{"damage":19,"enemies":"Snake Plant","floor":27,"turns":5},{"damage":1,"enemies":"Centurion and Healer","floor":28,"turns":9},{"damage":13,"enemies":"Book of Stabbing","floor":31,"turns":6},{"damage":81,"enemies":"Champ","floor":33,"turns":11}],"seed_played":"-4856260723531230175","potions_obtained":[{"floor":3,"key":"Block Potion"},{"floor":5,"key":"GamblersBrew"},{"floor":7,"key":"Block Potion"},{"floor":14,"key":"SkillPotion"},{"floor":21,"key":"LiquidBronze"},{"floor":24,"key":"Explosive Potion"},{"floor":28,"key":"PowerPotion"}],"is_trial":false,"path_per_floor":["M","?","M","?","M","R","?","M","T","?","$","?","R","E","R","B",null,"M","?","?","M","?","R","E","?","T","M","M","$","T","E","R","B"],"character_chosen":"DEFECT","items_purchased":["Rainbow"],"campfire_rested":3,"item_purchase_floors":[29],"current_hp_per_floor":[72,57,57,53,53,53,45,45,45,45,45,23,49,49,75,34,89,79,79,79,68,68,68,50,34,34,15,14,14,14,13,39,0],"gold":182,"neow_bonus":"RANDOM_COLORLESS","is_prod":false,"is_daily":false,"chose_seed":false,"campfire_upgraded":2,"win_rate":0.0,"timestamp":1563246928,"path_taken":["M","?","M","?","M","R","?","M","T","?","?","?","R","E","R","BOSS","M","?","?","M","?","R","E","?","T","M","?","?","?","E","R","BOSS"],"build_version":"2019-07-05","purchased_purges":1,"victory":false,"max_hp_per_floor":[75,75,75,89,89,89,89,89,89,89,89,89,89,89,89,89,89,89,89,89,89,89,89,89,89,89,89,89,89,89,89,89,89],"card_choices":[{"not_picked":["Auto Shields","Sweeping Beam"],"picked":"Coolheaded","floor":1},{"not_picked":["Turbo","Sweeping Beam"],"picked":"Conserve Battery","floor":3},{"not_picked":["Conserve Battery","Blizzard"],"picked":"Seek","floor":5},{"not_picked":["Sweeping Beam","Loop"],"picked":"Glacier","floor":7},{"not_picked":["Undo","Reinforced Body"],"picked":"Storm","floor":8},{"not_picked":["Glacier","Hologram"],"picked":"Gash","floor":14},{"not_picked":["Seek","Electrodynamics"],"picked":"Echo Form","floor":16},{"not_picked":["Redo","Streamline"],"picked":"Scrape","floor":18},{"not_picked":["Turbo","Barrage"],"picked":"Redo+1","floor":21},{"not_picked":["Self Repair","Beam Cell","Steam Power"],"picked":"SKIP","floor":24},{"not_picked":["Loop","Rip and Tear+1"],"picked":"Conserve Battery","floor":27},{"not_picked":["Hologram","Steam"],"picked":"Scrape","floor":28},{"not_picked":["Sweeping Beam","Coolheaded"],"picked":"Hyperbeam","floor":31},{"not_picked":["Auto Shields+1","Rebound"],"picked":"Glacier","floor":32}],"player_experience":58274,"relics_obtained":[{"floor":9,"key":"Mummified Hand"},{"floor":9,"key":"Bottled Lightning"},{"floor":14,"key":"Bag of Preparation"},{"floor":24,"key":"Pantograph"},{"floor":25,"key":"Necronomicon"},{"floor":26,"key":"Centennial Puzzle"},{"floor":26,"key":"Ornamental Fan"},{"floor":30,"key":"Meat on the Bone"},{"floor":31,"key":"Dream Catcher"}],"event_choices":[{"damage_healed":0,"gold_gain":0,"player_choice":"Entered Light","damage_taken":15,"max_hp_gain":0,"max_hp_loss":0,"event_name":"Shining Light","floor":2,"gold_loss":0,"cards_upgraded":["Defend_B","Strike_B"]},{"damage_healed":0,"gold_gain":0,"player_choice":"Success","damage_taken":18,"relics_obtained":["Mango"],"max_hp_gain":0,"max_hp_loss":0,"event_name":"Scrap Ooze","floor":4,"gold_loss":0},{"damage_healed":0,"gold_gain":30,"player_choice":"Searched \u00273\u0027 times","damage_taken":0,"relics_obtained":["Matryoshka"],"max_hp_gain":0,"max_hp_loss":0,"event_name":"Dead Adventurer","floor":7,"gold_loss":0},{"cards_removed":["Defend_B"],"damage_healed":0,"gold_gain":0,"player_choice":"Card Removal","damage_taken":0,"max_hp_gain":0,"max_hp_loss":0,"event_name":"The Cleric","floor":10,"gold_loss":50},{"damage_healed":0,"gold_gain":0,"player_choice":"Take Damage","damage_taken":22,"relics_obtained":["Golden Idol"],"max_hp_gain":0,"max_hp_loss":0,"event_name":"Golden Idol","floor":12,"gold_loss":0},{"damage_healed":0,"gold_gain":0,"player_choice":"Obtained Relic","damage_taken":0,"relics_obtained":["Shuriken"],"max_hp_gain":0,"max_hp_loss":0,"event_name":"Addict","floor":19,"gold_loss":85},{"damage_healed":0,"gold_gain":0,"cards_transformed":["Strike_B","Defend_B"],"player_choice":"Became Test Subject","damage_taken":0,"max_hp_gain":0,"max_hp_loss":0,"event_name":"Drug Dealer","floor":20,"gold_loss":0,"cards_obtained":["Seek","Amplify"]},{"cards_removed":["Strike_B"],"damage_healed":0,"gold_gain":0,"player_choice":"Gave Gold","damage_taken":0,"max_hp_gain":0,"max_hp_loss":0,"event_name":"Beggar","floor":22,"gold_loss":75},{"damage_healed":0,"gold_gain":0,"player_choice":"Obtained Book","damage_taken":16,"max_hp_gain":0,"max_hp_loss":0,"event_name":"Cursed Tome","floor":25,"gold_loss":0}],"is_beta":false,"boss_relics":[{"not_picked":["FrozenCore","Runic Dome"],"picked":"Nuclear Battery"}],"items_purged_floors":[11],"is_endless":false,"potions_floor_spawned":[3,5,7,14,21,24,28],"killed_by":"Champ","ascension_level":0}