{"gold_per_floor":[114,133,133,151,151,151,151,184,261,281,307,328,36,50,50,148,148,168,183,203,203,273,304,304,347,347,34,52,52,72,122,122,218,218,242,567,583,656,666,666,699,453,499,499,520,545,569,584,584,584],"floor_reached":50,"playtime":2190,"items_purged":[],"score":1016,"play_id":"75a0bf64-4424-4d62-bca0-771f4aa3780a","local_time":"20190713203612","is_ascension_mode":true,"campfire_choices":[{"floor":6.0,"key":"RECALL"},{"data":"Armaments","floor":15.0,"key":"SMITH"},{"floor":24.0,"key":"REST"},{"data":"Limit Break","floor":29.0,"key":"SMITH"},{"floor":32.0,"key":"REST"},{"floor":40.0,"key":"REST"},{"data":"Inflame","floor":44,"key":"SMITH"},{"data":"Rage","floor":49,"key":"SMITH"}],"neow_cost":"NONE","seed_source_timestamp":1926750081439346,"circlet_count":0,"master_deck":["AscendersBane","Strike_R","Strike_R","Strike_R","Strike_R","Strike_R","Defend_R","Defend_R","Defend_R","Defend_R","Bash","Thunderclap","Armaments+1","Battle Trance","Perfected Strike+1","Inflame+1","Rampage","Rampage","Limit Break+1","Carnage","Pommel Strike","Heavy Blade","Cleave+1","Rage+1","Shockwave","Shrug It Off","Dual Wield+1","Bludgeon","Inflame+1","Perfected Strike","Uppercut","Clothesline"],"special_seed":0,"relics":["Burning Blood","Golden Idol","Sundial","Odd Mushroom","Matryoshka","Ancient Tea Set","Pen Nib","Lee\u0027s Waffle","Snecko Eye","SsserpentHead","Omamori","Bag of Marbles","PreservedInsect","Letter Opener","Ice Cream","Darkstone Periapt","Busted Crown","Centennial Puzzle","Strawberry","Blood Vial"],"potions_floor_usage":[41,50,50],"damage_taken":[{"damage":7.0,"enemies":"Small Slimes","floor":1.0,"turns":5.0},{"damage":10.0,"enemies":"Cultist","floor":2.0,"turns":5.0},{"damage":1.0,"enemies":"2 Louse","floor":4.0,"turns":4.0},{"damage":33.0,"enemies":"The Mushroom Lair","floor":8.0,"turns":7.0},{"damage":5.0,"enemies":"Gremlin Gang","floor":10.0,"turns":8.0},{"damage":27.0,"enemies":"Exordium Wildlife","floor":12.0,"turns":6.0},{"damage":15.0,"enemies":"Lots of Slimes","floor":14.0,"turns":3.0},{"damage":56.0,"enemies":"Hexaghost","floor":16.0,"turns":6.0},{"damage":10.0,"enemies":"2 Thieves","floor":18.0,"turns":4.0},{"damage":28.0,"enemies":"Shell Parasite","floor":19.0,"turns":4.0},{"damage":1.0,"enemies":"Sentry and Sphere","floor":20.0,"turns":3.0},{"damage":32.0,"enemies":"Centurion and Healer","floor":22.0,"turns":4.0},{"damage":0.0,"enemies":"Gremlin Leader","floor":23.0,"turns":4.0},{"damage":12.0,"enemies":"Slavers","floor":25.0,"turns":5.0},{"damage":17.0,"enemies":"Shelled Parasite and Fungi","floor":28.0,"turns":3.0},{"damage":4.0,"enemies":"3 Cultists","floor":30.0,"turns":4.0},{"damage":19.0,"enemies":"Automaton","floor":33.0,"turns":6.0},{"damage":4.0,"enemies":"Orb Walker","floor":35.0,"turns":3.0},{"damage":8.0,"enemies":"3 Shapes","floor":37.0,"turns":4.0},{"damage":21.0,"enemies":"Writhing Mass","floor":38.0,"turns":5.0},{"damage":0,"enemies":"Nemesis","floor":41,"turns":1},{"damage":9,"enemies":"Sphere and 2 Shapes","floor":45,"turns":3},{"damage":17,"enemies":"Jaw Worm Horde","floor":46,"turns":3},{"damage":10,"enemies":"3 Darklings","floor":47,"turns":3},{"damage":0,"enemies":"Transient","floor":48,"turns":5},{"damage":93,"enemies":"Time Eater","floor":50,"turns":7}],"seed_played":"8095155292963442598","potions_obtained":[{"floor":2.0,"key":"SteroidPotion"},{"floor":10.0,"key":"SkillPotion"},{"floor":14.0,"key":"Energy Potion"},{"floor":22.0,"key":"SkillPotion"},{"floor":25.0,"key":"Swift Potion"},{"floor":28.0,"key":"Strength Potion"},{"floor":38.0,"key":"Fire Potion"},{"floor":46,"key":"EssenceOfSteel"},{"floor":47,"key":"GamblersBrew"}],"is_trial":false,"path_per_floor":["M","M","?","M","?","R","?","?","T","M","T","M","$","M","R","B",null,"M","M","M","?","M","E","R","E","T","$","M","R","M","?","R","B",null,"M","?","M","M","?","R","E","$","T","R","M","M","M","M","R","B"],"character_chosen":"IRONCLAD","items_purchased":["Lee\u0027s Waffle","Rampage","Ice Cream","Shrug It Off","Perfected Strike","Uppercut","Strawberry"],"campfire_rested":3,"item_purchase_floors":[13,13,27,27,42,42,42],"current_hp_per_floor":[74,70,70,75,75,75,68,41,41,42,42,21,83,74,74,24,68,64,42,47,47,21,27,51,45,45,45,34,34,36,36,60,47,74,76,76,74,59,59,83,83,90,90,90,87,78,76,84,84,0],"gold":584,"neow_bonus":"TEN_PERCENT_HP_BONUS","is_prod":false,"is_daily":false,"chose_seed":false,"campfire_upgraded":4,"win_rate":0,"timestamp":1563046572,"path_taken":["M","M","?","?","?","R","?","?","T","M","?","M","$","M","R","BOSS","M","?","M","?","?","E","R","E","T","$","M","R","M","?","R","BOSS","M","?","M","?","?","R","E","$","T","R","M","M","M","M","R","BOSS"],"build_version":"2019-07-05","purchased_purges":0,"victory":false,"max_hp_per_floor":[82,82,82,82,76,76,76,76,76,76,76,76,83,83,83,83,83,83,83,83,83,83,83,83,83,83,83,83,83,83,83,83,83,83,83,83,83,83,83,83,83,90,90,90,90,90,90,90,90,90],"card_choices":[{"not_picked":["True Grit","Clash"],"picked":"Thunderclap","floor":1.0},{"not_picked":["Warcry","Combust"],"picked":"Armaments","floor":2.0},{"not_picked":["Combust","Bloodletting","Clash"],"picked":"SKIP","floor":4.0},{"not_picked":["Rage","Headbutt"],"picked":"Battle Trance","floor":8.0},{"not_picked":["Pommel Strike","Anger"],"picked":"Perfected Strike","floor":10.0},{"not_picked":["Evolve","Warcry"],"picked":"Inflame","floor":12.0},{"not_picked":["Warcry","True Grit"],"picked":"Rampage","floor":14.0},{"not_picked":["Offering","Immolate"],"picked":"Limit Break","floor":16.0},{"not_picked":["Sever Soul","Body Slam","Carnage"],"picked":"SKIP","floor":18.0},{"not_picked":["Sever Soul","Body Slam"],"picked":"Carnage","floor":18.0},{"not_picked":["Body Slam+1","Clothesline"],"picked":"Pommel Strike","floor":19.0},{"not_picked":["Thunderclap","Shrug It Off"],"picked":"Heavy Blade","floor":20.0},{"not_picked":["Inflame","Seeing Red"],"picked":"Cleave+1","floor":22.0},{"not_picked":["Burning Pact","Berserk"],"picked":"Rage","floor":23.0},{"not_picked":["Rampage","Berserk"],"picked":"Shockwave","floor":25.0},{"not_picked":["Body Slam","Clash","True Grit"],"picked":"SKIP","floor":28.0},{"not_picked":["Clash","Body Slam"],"picked":"Dual Wield+1","floor":30.0},{"not_picked":["Offering","Fiend Fire"],"picked":"Bludgeon","floor":33.0},{"not_picked":["Sever Soul"],"picked":"SKIP","floor":35.0},{"not_picked":["Cleave"],"picked":"SKIP","floor":37.0},{"not_picked":["Flex"],"picked":"SKIP","floor":38.0},{"not_picked":[],"picked":"Inflame+1","floor":41},{"not_picked":[],"picked":"Clothesline","floor":45},{"not_picked":["Clothesline"],"picked":"SKIP","floor":46},{"not_picked":["Sever Soul"],"picked":"SKIP","floor":47},{"not_picked":["Thunderclap"],"picked":"SKIP","floor":48}],"player_experience":401651,"relics_obtained":[{"floor":8.0,"key":"Odd Mushroom"},{"floor":9.0,"key":"Matryoshka"},{"floor":11.0,"key":"Ancient Tea Set"},{"floor":11.0,"key":"Pen Nib"},{"floor":23.0,"key":"Omamori"},{"floor":25.0,"key":"Bag of Marbles"},{"floor":26.0,"key":"PreservedInsect"},{"floor":26.0,"key":"Letter Opener"},{"floor":41,"key":"Centennial Puzzle"},{"floor":43,"key":"Blood Vial"}],"event_choices":[{"damage_healed":0.0,"max_hp_gain":0.0,"max_hp_loss":0.0,"gold_gain":0.0,"event_name":"Purifier","player_choice":"Ignored","floor":3.0,"gold_loss":0.0,"damage_taken":0.0},{"damage_healed":0.0,"max_hp_gain":0.0,"max_hp_loss":6.0,"gold_gain":0.0,"event_name":"Golden Idol","player_choice":"Lose Max HP","floor":5.0,"gold_loss":0.0,"damage_taken":0.0,"relics_obtained":["Golden Idol"]},{"damage_healed":0.0,"max_hp_gain":0.0,"max_hp_loss":0.0,"gold_gain":0.0,"event_name":"Scrap Ooze","player_choice":"Success","floor":7.0,"gold_loss":0.0,"damage_taken":7.0,"relics_obtained":["Sundial"]},{"damage_healed":0.0,"max_hp_gain":0.0,"max_hp_loss":0.0,"gold_gain":0.0,"event_name":"Mushrooms","player_choice":"Fought Mushrooms","floor":8.0,"gold_loss":0.0,"damage_taken":0.0},{"damage_healed":0.0,"max_hp_gain":0.0,"max_hp_loss":0.0,"gold_gain":0.0,"event_name":"FaceTrader","player_choice":"Trade","floor":21.0,"gold_loss":0.0,"damage_taken":0.0,"relics_obtained":["SsserpentHead"]},{"damage_healed":0.0,"max_hp_gain":0.0,"max_hp_loss":0.0,"gold_gain":0.0,"event_name":"The Mausoleum","player_choice":"Opened","floor":31.0,"gold_loss":0.0,"damage_taken":0.0,"relics_obtained":["Darkstone Periapt"]},{"damage_healed":0.0,"max_hp_gain":0.0,"max_hp_loss":0.0,"gold_gain":275.0,"event_name":"Golden Shrine","player_choice":"Desecrate","floor":36.0,"gold_loss":0.0,"damage_taken":0.0,"cards_obtained":["Regret"]},{"damage_healed":0.0,"max_hp_gain":0.0,"max_hp_loss":0.0,"gold_gain":0.0,"event_name":"Designer","player_choice":"Upgrade","floor":39.0,"gold_loss":40.0,"damage_taken":0.0,"cards_upgraded":["Perfected Strike"]}],"is_beta":false,"boss_relics":[{"not_picked":["Runic Pyramid","Orrery"],"picked":"Snecko Eye"},{"not_picked":["Velvet Choker","Tiny House"],"picked":"Busted Crown"}],"items_purged_floors":[],"is_endless":false,"potions_floor_spawned":[2,10,14,22,25,28,38,46,47,48],"killed_by":"Time Eater","ascension_level":14}