{"gold_per_floor":[109,109,109,123,138,138,35,70,97,97,110,110,145,220,220,220],"floor_reached":16,"playtime":422,"items_purged":["Strike_B"],"score":216,"play_id":"2b9eb98d-7fd9-42d5-9645-b8c42ed95016","local_time":"20190608010822","is_ascension_mode":true,"campfire_choices":[{"data":"Zap","floor":6,"key":"SMITH"},{"floor":10,"key":"REST"},{"data":"Multi-Cast","floor":12,"key":"SMITH"},{"data":"Defend_B","floor":15,"key":"SMITH"}],"neow_cost":"NONE","seed_source_timestamp":1049548776460700,"circlet_count":0,"master_deck":["AscendersBane","Strike_B","Strike_B","Strike_B","Defend_B+1","Defend_B","Defend_B","Defend_B","Zap+1","Dualcast+1","White Noise+1","Multi-Cast+1","Compile Driver","Ball Lightning","Ball Lightning","Undo","Double Energy","Leap"],"relics":["Cracked Core","Juzu Bracelet","Pen Nib","Frozen Egg 2"],"potions_floor_usage":[8,11],"damage_taken":[{"damage":1,"enemies":"2 Louse","floor":1,"turns":2},{"damage":10,"enemies":"Small Slimes","floor":4,"turns":3},{"damage":1,"enemies":"Cultist","floor":5,"turns":3},{"damage":11,"enemies":"Gremlin Nob","floor":8,"turns":3},{"damage":0,"enemies":"Lots of Slimes","floor":11,"turns":4},{"damage":24,"enemies":"3 Sentries","floor":13,"turns":5},{"damage":20,"enemies":"Hexaghost","floor":16,"turns":7}],"seed_played":"-1634750257466894063","potions_obtained":[{"floor":1,"key":"AttackPotion"},{"floor":4,"key":"SkillPotion"},{"floor":13,"key":"SteroidPotion"}],"is_trial":false,"path_per_floor":["M","?","?","M","M","R","$","E","T","R","M","R","E","?","R","B"],"character_chosen":"DEFECT","items_purchased":["Ball Lightning"],"campfire_rested":1,"item_purchase_floors":[7],"current_hp_per_floor":[70,47,47,37,36,36,36,25,25,48,48,48,24,13,13,0],"gold":220,"neow_bonus":"TEN_PERCENT_HP_BONUS","is_prod":false,"is_daily":false,"chose_seed":false,"campfire_upgraded":3,"win_rate":0,"timestamp":1559923702,"path_taken":["M","?","?","?","M","R","?","E","T","R","M","R","E","?","R","BOSS"],"build_version":"2019-01-23","purchased_purges":1,"victory":false,"max_hp_per_floor":[78,78,78,78,78,78,78,78,78,78,78,78,78,78,78,78],"card_choices":[{"not_picked":["Recycle","Self Repair"],"picked":"White Noise","floor":1},{"not_picked":["Steam","Barrage"],"picked":"Compile Driver","floor":4},{"not_picked":["Compile Driver","Turbo"],"picked":"Ball Lightning","floor":5},{"not_picked":["Auto Shields","Aggregate"],"picked":"Undo","floor":8},{"not_picked":["Multi-Cast","Hologram"],"picked":"Double Energy","floor":11},{"not_picked":["Beam Cell","Ball Lightning"],"picked":"Leap","floor":13}],"player_experience":5294071,"relics_obtained":[{"floor":8,"key":"Juzu Bracelet"},{"floor":9,"key":"Pen Nib"},{"floor":13,"key":"Frozen Egg 2"}],"event_choices":[{"damage_healed":0,"gold_gain":0,"player_choice":"Entered Light","damage_taken":23,"max_hp_gain":0,"max_hp_loss":0,"event_name":"Shining Light","floor":2,"gold_loss":0,"cards_upgraded":["White Noise","Dualcast"]},{"damage_healed":0,"gold_gain":0,"player_choice":"1 cards matched","damage_taken":0,"max_hp_gain":0,"max_hp_loss":0,"event_name":"Match and Keep!","floor":3,"gold_loss":0,"cards_obtained":["Multi-Cast"]},{"damage_healed":0,"gold_gain":75,"player_choice":"Gather Gold","damage_taken":11,"max_hp_gain":0,"max_hp_loss":0,"event_name":"World of Goop","floor":14,"gold_loss":0}],"is_beta":false,"boss_relics":[],"items_purged_floors":[7],"is_endless":false,"potions_floor_spawned":[1,4,13],"killed_by":"Hexaghost","ascension_level":20}