{"gold_per_floor":[112,131,131,142,153,153,167,167,220,220,232,44,56,83,83,158,158,168,348,368,283,220,232,255,267,279,301,222,222,241,27,27,106,106,122,122,72,72,92,124,124,74,74,74],"floor_reached":44,"playtime":1715,"items_purged":["Defend_G","Strike_G","Strike_G","Defend_G","Defend_G"],"score":1176,"play_id":"615decf8-b5fd-4ec1-9c12-e3bb6f894469","local_time":"20190509022012","is_ascension_mode":true,"campfire_choices":[{"data":"Dodge and Roll","floor":6.0,"key":"SMITH"},{"data":"Noxious Fumes","floor":8.0,"key":"SMITH"},{"data":"Neutralize","floor":10.0,"key":"SMITH"},{"data":"Quick Slash","floor":15,"key":"SMITH"},{"floor":23,"key":"REST"},{"floor":25,"key":"REST"},{"floor":29,"key":"REST"},{"floor":32,"key":"RECALL"},{"data":"Defend_G","floor":41,"key":"PURGE"}],"neow_cost":"NONE","seed_source_timestamp":287726930531100,"circlet_count":0,"master_deck":["AscendersBane","Defend_G","Strike_G","Survivor","Neutralize+1","Underhanded Strike","Bouncing Flask","Acrobatics","Dodge and Roll+1","Noxious Fumes+1","Quick Slash+1","Adrenaline","PiercingWail","Backflip","Escape Plan","Corpse Explosion","PiercingWail","Well Laid Plans","After Image","Tactician","Footwork","After Image","Cloak And Dagger+1","Well Laid Plans"],"special_seed":0,"relics":["Ring of the Snake","Smiling Mask","Gremlin Horn","Fusion Hammer","MawBank","FossilizedHelix","Cursed Key","Peace Pipe"],"potions_floor_usage":[14,16,24,33,40,40],"damage_taken":[{"damage":4.0,"enemies":"Small Slimes","floor":1.0,"turns":3.0},{"damage":1.0,"enemies":"2 Louse","floor":2.0,"turns":4.0},{"damage":0.0,"enemies":"Cultist","floor":4.0,"turns":3.0},{"damage":8.0,"enemies":"3 Louse","floor":5.0,"turns":5.0},{"damage":3.0,"enemies":"Looter","floor":7.0,"turns":5.0},{"damage":2.0,"enemies":"Blue Slaver","floor":11.0,"turns":5.0},{"damage":0.0,"enemies":"Exordium Wildlife","floor":13.0,"turns":3.0},{"damage":3,"enemies":"Gremlin Nob","floor":14,"turns":3},{"damage":0,"enemies":"The Guardian","floor":16,"turns":9},{"damage":20,"enemies":"3 Byrds","floor":18,"turns":3},{"damage":8,"enemies":"2 Thieves","floor":20,"turns":2},{"damage":13,"enemies":"Shelled Parasite and Fungi","floor":24,"turns":5},{"damage":6,"enemies":"Snake Plant","floor":27,"turns":5},{"damage":16,"enemies":"Centurion and Healer","floor":30,"turns":5},{"damage":0,"enemies":"Automaton","floor":33,"turns":9},{"damage":0,"enemies":"3 Shapes","floor":35,"turns":3},{"damage":0,"enemies":"Orb Walker","floor":39,"turns":4},{"damage":0,"enemies":"Giant Head","floor":40,"turns":10},{"damage":65,"enemies":"Nemesis","floor":44,"turns":10}],"seed_played":"4488033124251011186","potions_obtained":[{"floor":1.0,"key":"SpeedPotion"},{"floor":2.0,"key":"Dexterity Potion"},{"floor":4.0,"key":"Block Potion"},{"floor":7.0,"key":"GhostInAJar"},{"floor":11.0,"key":"FearPotion"},{"floor":18,"key":"GamblersBrew"},{"floor":20,"key":"LiquidBronze"},{"floor":30,"key":"SkillPotion"},{"floor":39,"key":"PowerPotion"}],"is_trial":false,"path_per_floor":["M","M","?","M","M","R","M","R","T","R","M","$","M","E","R","B",null,"M","?","M","?","?","R","M","R","T","M","$","R","M","$","R","B",null,"M","?","$","?","M","E","R","$","T","E"],"character_chosen":"THE_SILENT","items_purchased":["Adrenaline","PiercingWail","Tactician","After Image"],"campfire_rested":3,"item_purchase_floors":[12,12,28,31],"current_hp_per_floor":[61,60,53,53,45,45,42,42,42,42,40,40,40,37,37,37,63,43,22,14,14,14,35,22,43,43,37,37,58,42,42,42,42,65,65,65,65,65,65,65,65,65,65,0],"gold":74,"neow_bonus":"TEN_PERCENT_HP_BONUS","is_prod":false,"is_daily":false,"chose_seed":false,"campfire_upgraded":4,"win_rate":0,"timestamp":1557336012,"path_taken":["M","M","?","M","M","R","M","R","T","R","M","$","M","E","R","BOSS","M","?","?","?","?","R","M","R","T","M","?","R","M","$","R","BOSS","M","?","$","?","M","E","R","$","T","E"],"build_version":"2019-01-23","purchased_purges":5,"victory":false,"max_hp_per_floor":[72,72,72,72,72,72,72,72,72,72,72,72,72,72,72,72,72,72,72,72,72,72,72,72,72,72,72,72,72,72,72,72,72,72,72,72,72,72,72,72,72,72,72,72],"card_choices":[{"not_picked":["Reflex","Accuracy"],"picked":"Underhanded Strike","floor":1.0},{"not_picked":["Deadly Poison","Quick Slash"],"picked":"Bouncing Flask","floor":2.0},{"not_picked":["Slice","Skewer"],"picked":"Acrobatics","floor":4.0},{"not_picked":["Cloak And Dagger","Blade Dance"],"picked":"Dodge and Roll","floor":5.0},{"not_picked":["PiercingWail","Dodge and Roll"],"picked":"Noxious Fumes","floor":7.0},{"not_picked":["Dodge and Roll","Accuracy"],"picked":"Quick Slash","floor":11.0},{"not_picked":["Storm of Steel","Flying Knee"],"picked":"Backflip","floor":13.0},{"not_picked":["Underhanded Strike","Flechettes"],"picked":"Escape Plan","floor":14},{"not_picked":["Unload","Envenom"],"picked":"Corpse Explosion","floor":16},{"not_picked":["Sucker Punch","Infinite Blades"],"picked":"Bane+1","floor":18},{"not_picked":["Heel Hook","Flechettes"],"picked":"PiercingWail","floor":20},{"not_picked":["Acrobatics+1","Deflect"],"picked":"Well Laid Plans","floor":24},{"not_picked":["Bouncing Flask","Flying Knee"],"picked":"After Image","floor":27},{"not_picked":["Skewer","Slice"],"picked":"Footwork","floor":30},{"not_picked":["Catalyst","Slice+1"],"picked":"Cloak And Dagger+1","floor":35},{"not_picked":["Deflect","Dash+1"],"picked":"Well Laid Plans","floor":39},{"not_picked":["Backflip","Dagger Throw","Glass Knife"],"picked":"SKIP","floor":40}],"player_experience":4956280,"relics_obtained":[{"floor":9.0,"key":"Smiling Mask"},{"floor":14,"key":"Gremlin Horn"},{"floor":26,"key":"FossilizedHelix"},{"floor":40,"key":"Peace Pipe"}],"event_choices":[{"cards_removed":["Strike_G"],"damage_healed":0.0,"max_hp_gain":0.0,"max_hp_loss":0.0,"gold_gain":0.0,"event_name":"Golden Wing","player_choice":"Card Removal","floor":3.0,"gold_loss":0.0,"damage_taken":7.0},{"damage_healed":0,"gold_gain":180,"player_choice":"GOLD GOLD ","damage_taken":21,"max_hp_gain":0,"max_hp_loss":0,"event_name":"Knowing Skull","floor":19,"potions_obtained":[],"gold_loss":0,"cards_obtained":[]},{"damage_healed":0,"gold_gain":0,"player_choice":"Obtained Relic","damage_taken":0,"relics_obtained":["MawBank"],"max_hp_gain":0,"max_hp_loss":0,"event_name":"Addict","floor":21,"gold_loss":85},{"cards_removed":["Strike_G"],"damage_healed":0,"gold_gain":0,"player_choice":"Gave Gold","damage_taken":0,"max_hp_gain":0,"max_hp_loss":0,"event_name":"Beggar","floor":22,"gold_loss":75},{"cards_removed":["Bane"],"damage_healed":0,"gold_gain":0,"player_choice":"Removed Attack","damage_taken":0,"max_hp_gain":0,"max_hp_loss":0,"event_name":"Falling","floor":36,"gold_loss":0},{"damage_healed":0,"gold_gain":0,"player_choice":"Ignored","damage_taken":0,"max_hp_gain":0,"max_hp_loss":0,"event_name":"SecretPortal","floor":38,"gold_loss":0}],"is_beta":false,"boss_relics":[{"not_picked":["WristBlade","HoveringKite"],"picked":"Fusion Hammer"},{"not_picked":["Sozu","Philosopher\u0027s Stone"],"picked":"Cursed Key"}],"items_purged_floors":[12,28,31,37,42],"is_endless":false,"potions_floor_spawned":[1,2,4,7,11,18,20,30,39],"killed_by":"Nemesis","ascension_level":20}