{"gold_per_floor":[117,137,137,148,22,22,22,22,22,65,87,99,111,123],"floor_reached":14,"playtime":306,"items_purged":[],"score":176,"play_id":"dd61b0d3-d1a6-4121-8cf3-724285f99532","local_time":"20190515052257","is_ascension_mode":true,"campfire_choices":[{"floor":6,"key":"REST"},{"floor":8,"key":"REST"},{"floor":12,"key":"REST"}],"neow_cost":"PERCENT_DAMAGE","seed_source_timestamp":818554955865300,"circlet_count":0,"master_deck":["AscendersBane","Defend_G","Defend_G","Defend_G","Defend_G","Defend_G","Strike_G","Strike_G+1","Strike_G","Strike_G","Survivor+1","Neutralize","Corpse Explosion","Dagger Spray","Dagger Spray","Dash","Leg Sweep","Skewer","Malaise","PiercingWail"],"relics":["Ring of the Snake","Ginger","MawBank","Pantograph"],"potions_floor_usage":[14,14],"damage_taken":[{"damage":0,"enemies":"2 Louse","floor":1,"turns":4},{"damage":5,"enemies":"Small Slimes","floor":2,"turns":4},{"damage":4,"enemies":"Cultist","floor":4,"turns":3},{"damage":30,"enemies":"Gremlin Nob","floor":10,"turns":5},{"damage":1,"enemies":"Blue Slaver","floor":11,"turns":4},{"damage":8,"enemies":"Lagavulin","floor":14,"turns":5}],"seed_played":"-9000897162697950945","potions_obtained":[{"floor":2,"key":"LiquidBronze"},{"floor":4,"key":"GamblersBrew"},{"floor":11,"key":"Swift Potion"}],"is_trial":false,"path_per_floor":["M","M","?","M","$","R","?","R","T","E","M","R","?","E"],"character_chosen":"THE_SILENT","items_purchased":["Leg Sweep","Skewer"],"campfire_rested":3,"item_purchase_floors":[5,5],"current_hp_per_floor":[44,39,21,17,17,36,16,35,35,5,4,23,16,8],"gold":123,"neow_bonus":"THREE_RARE_CARDS","is_prod":false,"is_daily":false,"chose_seed":false,"campfire_upgraded":0,"win_rate":0,"timestamp":1557865377,"path_taken":["M","M","?","M","$","R","?","R","T","E","M","R","?","E"],"build_version":"2019-01-23","purchased_purges":0,"victory":false,"max_hp_per_floor":[66,66,66,66,66,66,66,66,66,66,66,66,66,66],"card_choices":[{"not_picked":["Tools of the Trade","Storm of Steel"],"picked":"Corpse Explosion","floor":0},{"not_picked":["Dagger Throw","Dodge and Roll"],"picked":"Dagger Spray","floor":1},{"not_picked":["Deadly Poison","PiercingWail"],"picked":"Dagger Spray","floor":2},{"not_picked":["Deflect","PiercingWail"],"picked":"Dash","floor":4},{"not_picked":["Blade Dance","Accuracy"],"picked":"Malaise","floor":10},{"not_picked":["Dodge and Roll","Underhanded Strike"],"picked":"PiercingWail","floor":11}],"player_experience":5034717,"relics_obtained":[{"floor":9,"key":"MawBank"},{"floor":10,"key":"Pantograph"}],"event_choices":[{"damage_healed":0,"gold_gain":0,"player_choice":"Success","damage_taken":18,"relics_obtained":["Ginger"],"max_hp_gain":0,"max_hp_loss":0,"event_name":"Scrap Ooze","floor":3,"gold_loss":0},{"damage_healed":0,"gold_gain":0,"player_choice":"Entered Light","damage_taken":20,"max_hp_gain":0,"max_hp_loss":0,"event_name":"Shining Light","floor":7,"gold_loss":0,"cards_upgraded":["Survivor","Strike_G"]},{"cards_removed":["Strike_G"],"damage_healed":0,"gold_gain":0,"player_choice":"Card Removal","damage_taken":7,"max_hp_gain":0,"max_hp_loss":0,"event_name":"Golden Wing","floor":13,"gold_loss":0}],"is_beta":false,"boss_relics":[],"items_purged_floors":[],"is_endless":false,"potions_floor_spawned":[2,4,11],"killed_by":"Lagavulin","ascension_level":20}