{"gold_per_floor":[118,131,206,226,238,265,265,276,325,337,356,39,39,54,54,154,154,79,98,98,98,118,118,129,141,194,194,194,194,211,221,221,319,319,335,26,44,44,44],"floor_reached":39,"playtime":5262,"items_purged":["Strike_G","Writhe"],"score":437,"play_id":"0a1cfebf-51c4-49fe-8779-fc876724351d","local_time":"20181227160443","is_ascension_mode":false,"campfire_choices":[{"floor":13,"key":"REST"},{"floor":15,"key":"REST"},{"floor":23,"key":"REST"},{"floor":27,"key":"REST"},{"floor":29,"key":"REST"},{"floor":32,"key":"REST"}],"neow_cost":"NONE","seed_source_timestamp":93398267430273,"circlet_count":0,"master_deck":["Defend_G","Defend_G","Defend_G","Defend_G","Defend_G","Strike_G","Strike_G","Strike_G","Strike_G","Survivor","Neutralize","Backflip","Backstab","Caltrops+1","Distraction","Tools of the Trade","Crippling Poison","Prepared","Dodge and Roll","Dash","Blur","Caltrops","Backflip","Tools of the Trade","Malaise","Dodge and Roll+1","Backflip","Leg Sweep","Well Laid Plans+1","PiercingWail+1","Slice+1","Bane+1","Backflip","Envenom","PiercingWail","Deadly Poison","Footwork","Slice","Dagger Throw+1","Bandage Up"],"relics":["Fusion Hammer","Incense Burner","Regal Pillow","Calling Bell","Bronze Scales","Darkstone Periapt","Calipers","MutagenicStrength","Boot","CultistMask","Empty Cage"],"potions_floor_usage":[16,33,33],"damage_taken":[{"damage":1,"enemies":"Cultist","floor":1,"turns":4},{"damage":1,"enemies":"Jaw Worm","floor":2,"turns":5},{"damage":0,"enemies":"Small Slimes","floor":4,"turns":3},{"damage":9,"enemies":"Red Slaver","floor":5,"turns":4},{"damage":16,"enemies":"3 Sentries","floor":6,"turns":11},{"damage":3,"enemies":"3 Louse","floor":8,"turns":3},{"damage":0,"enemies":"Large Slime","floor":10,"turns":6},{"damage":18,"enemies":"Gremlin Gang","floor":11,"turns":4},{"damage":3,"enemies":"Exordium Wildlife","floor":14,"turns":4},{"damage":5,"enemies":"Slime Boss","floor":16,"turns":16},{"damage":17,"enemies":"2 Thieves","floor":18,"turns":5},{"damage":2,"enemies":"3 Byrds","floor":19,"turns":3},{"damage":6,"enemies":"Snake Plant","floor":22,"turns":5},{"damage":33,"enemies":"Cultist and Chosen","floor":24,"turns":8},{"damage":10,"enemies":"Shelled Parasite and Fungi","floor":25,"turns":6},{"damage":29,"enemies":"Sentry and Sphere","floor":30,"turns":7},{"damage":12,"enemies":"Snake Plant","floor":31,"turns":5},{"damage":61,"enemies":"Collector","floor":33,"turns":20},{"damage":40,"enemies":"3 Darklings","floor":35,"turns":6},{"damage":9,"enemies":"Orb Walker","floor":37,"turns":5},{"damage":34,"enemies":"Sphere and 2 Shapes","floor":39,"turns":7}],"seed_played":"-3516676484230383129","potions_obtained":[{"floor":4,"key":"Swift Potion"},{"floor":6,"key":"Dexterity Potion"},{"floor":10,"key":"Regen Potion"},{"floor":11,"key":"Explosive Potion"},{"floor":24,"key":"Explosive Potion"},{"floor":37,"key":"Explosive Potion"}],"is_trial":false,"path_per_floor":["M","M","?","M","M","E","?","M","T","M","M","$","R","M","R","B",null,"M","M","?","?","M","R","M","M","T","R","?","R","M","M","R","B",null,"M","$","M","?","M"],"character_chosen":"THE_SILENT","items_purchased":["Dash","Blur","Caltrops","Backflip","Deadly Poison","Footwork","Fire Potion","Slice"],"campfire_rested":6,"item_purchase_floors":[12,12,12,12,36,36,36,36],"current_hp_per_floor":[69,68,57,57,48,32,32,29,29,29,11,11,47,44,70,65,70,53,51,51,51,45,70,37,27,27,63,63,70,41,29,65,19,70,30,30,21,21,0],"gold":44,"neow_bonus":"BOSS_RELIC","is_prod":false,"is_daily":false,"chose_seed":false,"campfire_upgraded":0,"win_rate":0.0,"timestamp":1545944683,"path_taken":["M","?","?","M","M","E","?","M","T","?","M","$","R","M","R","BOSS","M","M","?","?","M","R","M","M","T","R","?","R","M","M","R","BOSS","M","$","?","?","M"],"build_version":"2018-12-20","purchased_purges":2,"victory":false,"max_hp_per_floor":[70,70,70,70,70,70,70,70,70,70,70,70,70,70,70,70,70,70,70,70,70,70,70,70,70,70,70,70,70,70,70,70,70,70,70,70,70,70,70],"card_choices":[{"not_picked":["Outmaneuver","Heel Hook"],"picked":"Backflip","floor":1},{"not_picked":["Acrobatics","Outmaneuver"],"picked":"Backstab","floor":2},{"not_picked":["Dagger Spray","Well Laid Plans"],"picked":"Caltrops","floor":4},{"not_picked":["Well Laid Plans","Flying Knee"],"picked":"Distraction","floor":5},{"not_picked":["Sucker Punch","Quick Slash"],"picked":"Tools of the Trade","floor":6},{"not_picked":["Predator","Dagger Throw"],"picked":"Crippling Poison","floor":8},{"not_picked":["Sucker Punch","Flying Knee"],"picked":"Prepared","floor":10},{"not_picked":["Deadly Poison","Acrobatics"],"picked":"Dodge and Roll","floor":11},{"not_picked":["Sucker Punch","Outmaneuver"],"picked":"Tools of the Trade","floor":14},{"not_picked":["A Thousand Cuts","Night Terror"],"picked":"Malaise","floor":16},{"not_picked":["All Out Attack","Deadly Poison"],"picked":"Dodge and Roll+1","floor":18},{"not_picked":["Backstab","Dagger Spray"],"picked":"Backflip","floor":19},{"not_picked":["Choke+1","Outmaneuver"],"picked":"Well Laid Plans+1","floor":22},{"not_picked":["Skewer","Tools of the Trade"],"picked":"PiercingWail+1","floor":24},{"not_picked":["Dodge and Roll","Well Laid Plans"],"picked":"Slice+1","floor":25},{"not_picked":["Prepared","Backstab"],"picked":"Bane+1","floor":30},{"not_picked":["Reflex","Calculated Gamble"],"picked":"Backflip","floor":31},{"not_picked":["Malaise","Night Terror"],"picked":"Envenom","floor":33},{"not_picked":["Heel Hook","Dagger Throw+1"],"picked":"PiercingWail","floor":35},{"not_picked":["Underhanded Strike+1","Blur"],"picked":"Dagger Throw+1","floor":37},{"not_picked":["Swift Strike","Deep Breath"],"picked":"Bandage Up","floor":38}],"player_experience":15282,"relics_obtained":[{"floor":6,"key":"Incense Burner"},{"floor":9,"key":"Regal Pillow"},{"floor":17,"key":"Bronze Scales"},{"floor":17,"key":"Darkstone Periapt"},{"floor":17,"key":"Calipers"},{"floor":26,"key":"Boot"}],"event_choices":[{"damage_healed":0,"gold_gain":75,"player_choice":"Gather Gold","damage_taken":11,"max_hp_gain":0,"max_hp_loss":0,"event_name":"World of Goop","floor":3,"gold_loss":0},{"damage_healed":0,"gold_gain":0,"player_choice":"Upgraded","damage_taken":0,"max_hp_gain":0,"max_hp_loss":0,"event_name":"Upgrade Shrine","floor":7,"gold_loss":0,"cards_upgraded":["Caltrops"]},{"damage_healed":0,"gold_gain":0,"player_choice":"Inject Mutagens","damage_taken":0,"relics_obtained":["MutagenicStrength"],"max_hp_gain":0,"max_hp_loss":0,"event_name":"Drug Dealer","floor":20,"gold_loss":0},{"damage_healed":0,"gold_gain":0,"player_choice":"Read","damage_taken":0,"max_hp_gain":0,"max_hp_loss":0,"event_name":"The Library","floor":21,"gold_loss":0,"cards_obtained":["Leg Sweep"]},{"damage_healed":0,"gold_gain":0,"player_choice":"Trade","damage_taken":0,"relics_obtained":["CultistMask"],"max_hp_gain":0,"max_hp_loss":0,"event_name":"FaceTrader","floor":28,"gold_loss":0},{"damage_healed":0,"gold_gain":0,"player_choice":"Memory 1","damage_taken":0,"max_hp_gain":0,"max_hp_loss":0,"event_name":"SensoryStone","floor":38,"gold_loss":0}],"is_beta":false,"boss_relics":[{"not_picked":["Philosopher\u0027s Stone","Sozu"],"picked":"Calling Bell"},{"not_picked":["WristBlade","Runic Dome"],"picked":"Empty Cage"}],"items_purged_floors":[12,36],"is_endless":false,"potions_floor_spawned":[4,6,10,11,14,24,25,37],"killed_by":"Sphere and 2 Shapes","ascension_level":0}