{"gold_per_floor":[109,120,134,134,146,181,181,141,191,219,237,257,257,182,182,259,259,272,197,197,223,223,223,237,250,277,309,309,324,324,340,340,415,415,428,104,4,226,226,552,566,566,591,591,591,414,414,434,434,434,434,434,434,6,6],"floor_reached":55,"playtime":2137,"items_purged":["Defend_B","Strike_B+1","Auto Shields"],"score":1896,"play_id":"ca316dae-ddb9-4afe-b66f-639d10498bdf","local_time":"20190727005043","is_ascension_mode":true,"campfire_choices":[{"floor":7.0,"key":"REST"},{"data":"Fusion","floor":15.0,"key":"SMITH"},{"data":"Rainbow","floor":23.0,"key":"SMITH"},{"data":"Self Repair","floor":28.0,"key":"SMITH"},{"data":"Redo","floor":30.0,"key":"SMITH"},{"data":"Turbo","floor":32.0,"key":"SMITH"},{"data":"Loop","floor":42.0,"key":"SMITH"},{"data":"Zap","floor":44.0,"key":"SMITH"},{"data":"Hologram","floor":47.0,"key":"SMITH"},{"floor":49.0,"key":"RECALL"},{"data":"Reboot","floor":53.0,"key":"SMITH"}],"neow_cost":"NONE","seed_source_timestamp":226164254986500,"circlet_count":0,"master_deck":["AscendersBane","Defend_B+1","Zap+1","Dualcast+1","Rainbow+1","Compile Driver","Reinforced Body","Turbo+1","Electrodynamics","Fusion+1","Self Repair+1","Reboot+1","Force Field+1","BootSequence+1","Defragment+1","Redo+1","Amplify","Chill","Compile Driver","Loop+1","Chaos+1","Master of Strategy","Flash of Steel","Hologram+1","Seek","Coolheaded"],"special_seed":0,"relics":["Cracked Core","Letter Opener","Vajra","Blood Vial","Astrolabe","Red Mask","Strawberry","The Courier","Inserter","Lantern","Old Coin","Boot","Potion Belt"],"potions_floor_usage":[55,55,55],"damage_taken":[{"damage":2.0,"enemies":"Jaw Worm","floor":1.0,"turns":6.0},{"damage":0.0,"enemies":"Cultist","floor":2.0,"turns":4.0},{"damage":0.0,"enemies":"2 Louse","floor":3.0,"turns":1.0},{"damage":6.0,"enemies":"Exordium Wildlife","floor":5.0,"turns":3.0},{"damage":18.0,"enemies":"Gremlin Nob","floor":6.0,"turns":4.0},{"damage":1.0,"enemies":"Looter","floor":8.0,"turns":4.0},{"damage":25.0,"enemies":"3 Sentries","floor":10.0,"turns":5.0},{"damage":3.0,"enemies":"Large Slime","floor":11.0,"turns":7.0},{"damage":2.0,"enemies":"2 Fungi Beasts","floor":12.0,"turns":4.0},{"damage":4.0,"enemies":"Slime Boss","floor":16.0,"turns":7.0},{"damage":12.0,"enemies":"Shell Parasite","floor":18.0,"turns":7.0},{"damage":0.0,"enemies":"Masked Bandits","floor":21.0,"turns":1.0},{"damage":12.0,"enemies":"Spheric Guardian","floor":24.0,"turns":4.0},{"damage":7.0,"enemies":"Centurion and Healer","floor":25.0,"turns":6.0},{"damage":11.0,"enemies":"Slavers","floor":27.0,"turns":3.0},{"damage":14.0,"enemies":"Snecko","floor":29.0,"turns":6.0},{"damage":8.0,"enemies":"Snake Plant","floor":31.0,"turns":5.0},{"damage":41.0,"enemies":"Champ","floor":33.0,"turns":16.0},{"damage":12.0,"enemies":"3 Shapes","floor":35.0,"turns":3.0},{"damage":6.0,"enemies":"Reptomancer","floor":40.0,"turns":6.0},{"damage":19.0,"enemies":"3 Darklings","floor":41.0,"turns":4.0},{"damage":8.0,"enemies":"Spire Growth","floor":48.0,"turns":3.0},{"damage":79.0,"enemies":"Time Eater","floor":50.0,"turns":13.0},{"damage":29.0,"enemies":"Donu and Deca","floor":51.0,"turns":8.0},{"damage":75,"enemies":"Shield and Spear","floor":55,"turns":3}],"seed_played":"7530551442438280342","potions_obtained":[{"floor":1.0,"key":"FearPotion"},{"floor":2.0,"key":"FearPotion"},{"floor":11.0,"key":"SneckoOil"},{"floor":12.0,"key":"AttackPotion"},{"floor":16.0,"key":"PowerPotion"},{"floor":24.0,"key":"Explosive Potion"},{"floor":27.0,"key":"LiquidBronze"},{"floor":29.0,"key":"Fire Potion"},{"floor":40.0,"key":"EntropicBrew"}],"is_trial":false,"path_per_floor":["M","M","M","?","M","E","R","M","T","E","M","M","?","$","R","B",null,"M","?","?","?","T","R","M","M","T","E","R","M","R","M","R","B",null,"M","$","$","?","?","E","M","R","T","R","?","$","R","M","R","B","B",null,"R","$","E"],"character_chosen":"DEFECT","items_purchased":["Compile Driver","Loop","Lantern","Potion Belt","Hologram","Seek","Regen Potion","LiquidBronze","Coolheaded","LiquidBronze","Ancient Potion"],"campfire_rested":1,"item_purchase_floors":[36,36,36,46,46,54,54,54,54,54,54],"current_hp_per_floor":[62,62,62,62,56,38,59,58,58,33,32,32,11,11,11,16,57,54,54,54,56,56,56,53,55,62,60,60,58,58,62,62,33,67,77,77,77,77,77,78,69,69,69,69,59,59,59,73,73,30,13,62,62,62,0],"gold":6,"neow_bonus":"ONE_RANDOM_RARE_CARD","is_prod":false,"is_daily":false,"chose_seed":false,"campfire_upgraded":9,"win_rate":0,"timestamp":1564156243,"path_taken":["M","M","M","?","M","E","R","?","T","E","M","M","?","?","R","BOSS","M","?","?","?","?","R","M","M","T","E","R","M","R","?","R","BOSS","M","?","$","?","?","E","?","R","T","R","?","?","R","M","R","BOSS","BOSS","R","$","E"],"build_version":"2019-07-17","purchased_purges":3,"victory":false,"max_hp_per_floor":[71,71,71,71,71,71,71,71,71,71,71,71,71,71,71,71,71,71,71,71,71,71,71,71,71,78,78,78,78,78,78,78,78,78,78,78,78,78,78,78,78,78,78,78,78,78,78,78,78,78,78,78,78,78,78],"card_choices":[{"not_picked":["Fusion","Cold Snap"],"picked":"Auto Shields","floor":1.0},{"not_picked":["Cold Snap","Stack"],"picked":"Compile Driver","floor":2.0},{"not_picked":["Go for the Eyes","Storm"],"picked":"Reinforced Body","floor":3.0},{"not_picked":["Blizzard","Beam Cell"],"picked":"Turbo","floor":5.0},{"not_picked":["Redo","Skim"],"picked":"Electrodynamics","floor":6.0},{"not_picked":["Double Energy","Aggregate","Turbo"],"picked":"SKIP","floor":8.0},{"not_picked":["Beam Cell","Leap"],"picked":"Fusion","floor":10.0},{"not_picked":["Amplify","Chaos"],"picked":"Self Repair","floor":11.0},{"not_picked":["Stack","Heatsinks","Barrage"],"picked":"SKIP","floor":12.0},{"not_picked":["Echo Form","Rainbow"],"picked":"Reboot","floor":16.0},{"not_picked":["Stack","Coolheaded","Darkness"],"picked":"SKIP","floor":18.0},{"not_picked":["Sweeping Beam","Melter","Conserve Battery"],"picked":"SKIP","floor":24.0},{"not_picked":["Glacier","Machine Learning"],"picked":"Defragment+1","floor":25.0},{"not_picked":["Sweeping Beam","Melter","Ball Lightning"],"picked":"SKIP","floor":27.0},{"not_picked":["Stack","Double Energy"],"picked":"Redo","floor":29.0},{"not_picked":["Consume","Melter","Genetic Algorithm"],"picked":"SKIP","floor":31.0},{"not_picked":["Consume","Melter","Genetic Algorithm"],"picked":"SKIP","floor":31.0},{"not_picked":["Fission","Creative AI"],"picked":"Amplify","floor":33.0},{"not_picked":["Static Discharge","Steam"],"picked":"Chill","floor":35.0},{"not_picked":["Heatsinks","Streamline"],"picked":"Chaos+1","floor":40.0},{"not_picked":["Self Repair+1","Beam Cell","Compile Driver+1"],"picked":"SKIP","floor":41.0},{"not_picked":["Panache","Violence"],"picked":"Master of Strategy","floor":45.0},{"not_picked":["Discovery","Blind"],"picked":"Flash of Steel","floor":45.0},{"not_picked":["Reinforced Body+1","Steam Power","Rebound"],"picked":"SKIP","floor":48.0},{"not_picked":["Reinforced Body+1","Steam Power","Rebound"],"picked":"SKIP","floor":48.0}],"player_experience":5826729,"relics_obtained":[{"floor":6.0,"key":"Letter Opener"},{"floor":9.0,"key":"Vajra"},{"floor":10.0,"key":"Blood Vial"},{"floor":21.0,"key":"Red Mask"},{"floor":26.0,"key":"Strawberry"},{"floor":27.0,"key":"The Courier"},{"floor":40.0,"key":"Old Coin"},{"floor":43.0,"key":"Boot"}],"event_choices":[{"damage_healed":0.0,"max_hp_gain":0.0,"max_hp_loss":0.0,"gold_gain":0.0,"event_name":"Upgrade Shrine","player_choice":"Upgraded","floor":4.0,"gold_loss":0.0,"damage_taken":0.0,"cards_upgraded":["Dualcast"]},{"damage_healed":0.0,"max_hp_gain":0.0,"max_hp_loss":0.0,"gold_gain":0.0,"event_name":"Shining Light","player_choice":"Entered Light","floor":13.0,"gold_loss":0.0,"damage_taken":21.0,"cards_upgraded":["Strike_B","Defend_B"]},{"cards_removed":["Defend_B"],"damage_healed":0.0,"max_hp_gain":0.0,"max_hp_loss":0.0,"gold_gain":0.0,"event_name":"Beggar","player_choice":"Gave Gold","floor":19.0,"gold_loss":75.0,"damage_taken":0.0},{"cards_removed":["Defend_B"],"damage_healed":0.0,"max_hp_gain":0.0,"max_hp_loss":0.0,"gold_gain":0.0,"event_name":"Back to Basics","player_choice":"Elegance","floor":20.0,"gold_loss":0.0,"damage_taken":0.0},{"damage_healed":0.0,"max_hp_gain":0.0,"max_hp_loss":0.0,"gold_gain":0.0,"event_name":"Masked Bandits","player_choice":"Fought Bandits","floor":21.0,"gold_loss":0.0,"damage_taken":0.0},{"damage_healed":0.0,"max_hp_gain":0.0,"max_hp_loss":0.0,"gold_gain":222.0,"event_name":"Tomb of Lord Red Mask","player_choice":"Wore Mask","floor":38.0,"gold_loss":0.0,"damage_taken":0.0},{"cards_removed":["Hyperbeam"],"damage_healed":0.0,"max_hp_gain":0.0,"max_hp_loss":0.0,"gold_gain":0.0,"event_name":"Purifier","player_choice":"Purged","floor":39.0,"gold_loss":0.0,"damage_taken":0.0},{"damage_healed":0.0,"max_hp_gain":0.0,"max_hp_loss":0.0,"gold_gain":0.0,"event_name":"SensoryStone","player_choice":"Memory 3","floor":45.0,"gold_loss":0.0,"damage_taken":10.0}],"is_beta":false,"boss_relics":[{"not_picked":["Ectoplasm","Velvet Choker"],"picked":"Astrolabe"},{"not_picked":["Black Star","Nuclear Battery"],"picked":"Inserter"}],"items_purged_floors":[14,36,37],"is_endless":false,"potions_floor_spawned":[1,2,11,12,16,24,27,29,40,41],"killed_by":"Shield and Spear","ascension_level":20}