{"gold_per_floor":[111,121,141,151,161,161,172,172,172,172,185,217,228,153,153,230,230,242,242,242,217,234,234,65,65],"floor_reached":25,"playtime":925,"items_purged":[],"score":514,"play_id":"20ce8a1f-235e-4833-af7a-37b8aec9cfc3","local_time":"20190514015313","is_ascension_mode":true,"campfire_choices":[{"data":"Armaments","floor":6.0,"key":"SMITH"},{"data":"Hemokinesis","floor":8.0,"key":"SMITH"},{"data":"Sword Boomerang","floor":15.0,"key":"SMITH"},{"floor":23,"key":"RECALL"}],"neow_cost":"NONE","seed_source_timestamp":718922642057700,"circlet_count":0,"master_deck":["AscendersBane","Strike_R","Strike_R","Strike_R","Defend_R","Defend_R","Defend_R","Defend_R","Bash","Spot Weakness","Cleave","Disarm","Armaments+1","Ghostly Armor","Shrug It Off","Hemokinesis+1","Sword Boomerang+1","Headbutt","Feel No Pain","Barricade","Shrug It Off+1","Heavy Blade","Ghostly","Ghostly","Ghostly","Intimidate+1","Burning Pact+1"],"special_seed":0,"relics":["Burning Blood","Prayer Wheel","Mummified Hand","Fusion Hammer","Happy Flower"],"potions_floor_usage":[],"damage_taken":[{"damage":15.0,"enemies":"Small Slimes","floor":1.0,"turns":3.0},{"damage":19.0,"enemies":"Jaw Worm","floor":2.0,"turns":4.0},{"damage":4.0,"enemies":"Cultist","floor":3.0,"turns":4.0},{"damage":13.0,"enemies":"2 Fungi Beasts","floor":4.0,"turns":4.0},{"damage":5.0,"enemies":"3 Louse","floor":5.0,"turns":4.0},{"damage":4.0,"enemies":"Exordium Thugs","floor":7.0,"turns":5.0},{"damage":5.0,"enemies":"Looter","floor":11.0,"turns":3.0},{"damage":24.0,"enemies":"Lagavulin","floor":12.0,"turns":8.0},{"damage":0.0,"enemies":"3 Louse","floor":13.0,"turns":3.0},{"damage":4.0,"enemies":"Hexaghost","floor":16.0,"turns":8.0},{"damage":19.0,"enemies":"3 Byrds","floor":18.0,"turns":6.0},{"damage":19.0,"enemies":"2 Thieves","floor":21.0,"turns":5.0},{"damage":20.0,"enemies":"Cultist and Chosen","floor":22.0,"turns":10.0},{"damage":12,"enemies":"Centurion and Healer","floor":25,"turns":8}],"seed_played":"-7974806697188519205","potions_obtained":[{"floor":2.0,"key":"AttackPotion"},{"floor":5.0,"key":"SneckoOil"},{"floor":7.0,"key":"Swift Potion"},{"floor":11.0,"key":"FearPotion"},{"floor":13.0,"key":"PowerPotion"}],"is_trial":false,"path_per_floor":["M","M","M","M","M","R","M","R","T","?","M","E","M","?","R","B",null,"M","?","?","M","M","R","$","M"],"character_chosen":"IRONCLAD","items_purchased":["Happy Flower"],"campfire_rested":0,"item_purchase_floors":[24],"current_hp_per_floor":[59,46,48,41,42,42,44,44,44,44,45,27,33,33,33,35,65,52,52,37,24,10,10,10,0],"gold":65,"neow_bonus":"TRANSFORM_CARD","is_prod":false,"is_daily":false,"chose_seed":false,"campfire_upgraded":3,"win_rate":0,"timestamp":1557766393,"path_taken":["M","M","M","M","M","R","M","R","T","?","M","E","M","?","R","BOSS","M","?","?","M","M","R","$","M"],"build_version":"2019-01-23","purchased_purges":0,"victory":false,"max_hp_per_floor":[75,75,75,75,75,75,75,75,75,75,75,75,75,75,75,75,75,75,75,37,37,37,37,37,37],"card_choices":[{"not_picked":["Wild Strike","Disarm"],"picked":"Cleave","floor":1.0},{"not_picked":["Spot Weakness","Whirlwind"],"picked":"Disarm","floor":2.0},{"not_picked":["Headbutt","Pommel Strike"],"picked":"Armaments","floor":3.0},{"not_picked":["Anger","Pommel Strike"],"picked":"Ghostly Armor","floor":4.0},{"not_picked":["Rampage","Sever Soul"],"picked":"Shrug It Off","floor":5.0},{"not_picked":["Flex","Perfected Strike"],"picked":"Hemokinesis","floor":7.0},{"not_picked":["Headbutt","Flex","Cleave"],"picked":"SKIP","floor":11.0},{"not_picked":["Rupture","Entrench","Wild Strike"],"picked":"SKIP","floor":11.0},{"not_picked":["Dropkick","Uppercut"],"picked":"Sword Boomerang","floor":12.0},{"not_picked":["Sentinel","Thunderclap"],"picked":"Headbutt","floor":13.0},{"not_picked":["Dark Embrace","Entrench"],"picked":"Feel No Pain","floor":13.0},{"not_picked":["Berserk","Brutality"],"picked":"Barricade","floor":16.0},{"not_picked":["Combust","Warcry"],"picked":"Shrug It Off+1","floor":18.0},{"not_picked":["Warcry","Iron Wave"],"picked":"Heavy Blade","floor":18.0},{"not_picked":["Iron Wave","Combust"],"picked":"Intimidate+1","floor":21.0},{"not_picked":["Anger","Entrench"],"picked":"Burning Pact+1","floor":21.0},{"not_picked":["Hemokinesis","Bloodletting","Rampage"],"picked":"SKIP","floor":22.0},{"not_picked":["Headbutt","Twin Strike","Anger"],"picked":"SKIP","floor":22.0}],"player_experience":5015674,"relics_obtained":[{"floor":9.0,"key":"Prayer Wheel"},{"floor":12.0,"key":"Mummified Hand"}],"event_choices":[{"damage_healed":0.0,"max_hp_gain":0.0,"max_hp_loss":0.0,"gold_gain":0.0,"event_name":"Shining Light","player_choice":"Ignored","floor":10.0,"gold_loss":0.0,"damage_taken":0.0},{"cards_removed":["Strike_R"],"damage_healed":0.0,"max_hp_gain":0.0,"max_hp_loss":0.0,"gold_gain":0.0,"event_name":"The Cleric","player_choice":"Card Removal","floor":14.0,"gold_loss":75.0,"damage_taken":0.0},{"damage_healed":0.0,"max_hp_gain":0.0,"max_hp_loss":0.0,"gold_gain":0.0,"event_name":"Vampires","player_choice":"Ignored","floor":19.0,"gold_loss":0.0,"damage_taken":0.0},{"damage_healed":0.0,"max_hp_gain":0.0,"max_hp_loss":38.0,"gold_gain":0.0,"event_name":"Ghosts","player_choice":"Became a Ghost","floor":20.0,"gold_loss":0.0,"damage_taken":0.0,"cards_obtained":["Ghostly","Ghostly","Ghostly"]}],"is_beta":false,"boss_relics":[{"not_picked":["Orrery","Runic Cube"],"picked":"Fusion Hammer"}],"items_purged_floors":[],"is_endless":false,"potions_floor_spawned":[2,5,7,11,13],"killed_by":"Centurion and Healer","ascension_level":20}