{"gold_per_floor":[117,117,117,127,11,11,37,57,57,88,143,43,43,43,43,120,120,133,149,166,183,198,198,225,225,225,48,65,92,92,103,103,175,175,187,235,235,5,15,50,50,62,62,62,87,100,100,133,133,133,133,133,133,80,115,115],"floor_reached":57,"playtime":2232,"items_purged":["Pain","Strike_R","Strike_R","Writhe"],"score":3276,"play_id":"dca1b826-fb67-49b4-a42a-c6805c96c39c","local_time":"20190429030259","is_ascension_mode":true,"campfire_choices":[{"data":"Offering","floor":6,"key":"SMITH"},{"data":"Body Slam","floor":13,"key":"SMITH"},{"floor":15,"key":"REST"},{"data":"Corruption","floor":23,"key":"SMITH"},{"floor":25,"key":"REST"},{"data":"Feel No Pain","floor":32,"key":"SMITH"},{"data":"Battle Trance","floor":41,"key":"SMITH"},{"floor":44,"key":"RECALL"},{"data":"Feel No Pain","floor":49,"key":"SMITH"},{"floor":53,"key":"REST"}],"neow_cost":"NONE","seed_source_timestamp":689292672744600,"circlet_count":0,"master_deck":["AscendersBane","Strike_R","Strike_R","Strike_R","Defend_R","Defend_R","Defend_R+1","Defend_R","Bash","Wild Strike+1","Offering+1","Clothesline","Double Tap+1","Body Slam+1","Flame Barrier","Bludgeon","Shame","Injury","Corruption+1","Shrug It Off","Shrug It Off+1","Battle Trance+1","Necronomicurse","Feel No Pain+1","Impervious","Disarm","Seeing Red","Corruption","Regret","Feel No Pain+1","Disarm"],"relics":["Burning Blood","NeowsBlessing","WarpedTongs","Darkstone Periapt","Potion Belt","Bag of Marbles","Lantern","Calling Bell","Dead Branch","Pear","Bag of Preparation","Strawberry","War Paint","Necronomicon","Cursed Key","Thread and Needle","Ancient Tea Set","Mummified Hand","Art of War","Omamori","Pantograph"],"potions_floor_usage":[16,16,24,50,56,56,56,56,56,56],"damage_taken":[{"damage":0,"enemies":"2 Louse","floor":1,"turns":1},{"damage":0,"enemies":"Cultist","floor":4,"turns":1},{"damage":0,"enemies":"Gremlin Nob","floor":7,"turns":1},{"damage":2,"enemies":"Jaw Worm","floor":8,"turns":3},{"damage":20,"enemies":"Lagavulin","floor":10,"turns":6},{"damage":30,"enemies":"Lagavulin Event","floor":11,"turns":4},{"damage":12,"enemies":"The Guardian","floor":16,"turns":10},{"damage":5,"enemies":"2 Thieves","floor":18,"turns":4},{"damage":30,"enemies":"Spheric Guardian","floor":19,"turns":4},{"damage":0,"enemies":"Snecko","floor":20,"turns":3},{"damage":22,"enemies":"Cultist and Chosen","floor":21,"turns":3},{"damage":6,"enemies":"Chosen and Byrds","floor":22,"turns":2},{"damage":21,"enemies":"Book of Stabbing","floor":24,"turns":3},{"damage":7,"enemies":"Centurion and Healer","floor":28,"turns":3},{"damage":6,"enemies":"Slavers","floor":29,"turns":4},{"damage":21,"enemies":"3 Cultists","floor":31,"turns":4},{"damage":75,"enemies":"Champ","floor":33,"turns":11},{"damage":0,"enemies":"3 Shapes","floor":35,"turns":6},{"damage":0,"enemies":"2 Orb Walkers","floor":36,"turns":2},{"damage":18,"enemies":"3 Darklings","floor":39,"turns":2},{"damage":0,"enemies":"Reptomancer","floor":40,"turns":3},{"damage":0,"enemies":"Sphere and 2 Shapes","floor":42,"turns":2},{"damage":3,"enemies":"Nemesis","floor":45,"turns":5},{"damage":11,"enemies":"Spire Growth","floor":46,"turns":4},{"damage":0,"enemies":"Giant Head","floor":48,"turns":2},{"damage":60,"enemies":"Time Eater","floor":50,"turns":10},{"damage":14,"enemies":"Awakened One","floor":51,"turns":8},{"damage":36,"enemies":"Shield and Spear","floor":55,"turns":5},{"damage":10,"enemies":"The Heart","floor":56,"turns":4}],"seed_played":"-6505985352194322074","potions_obtained":[{"floor":1,"key":"SmokeBomb"},{"floor":4,"key":"Explosive Potion"},{"floor":14,"key":"Block Potion"},{"floor":14,"key":"FairyPotion"},{"floor":20,"key":"SkillPotion"},{"floor":21,"key":"Energy Potion"},{"floor":31,"key":"PowerPotion"},{"floor":33,"key":"Swift Potion"},{"floor":45,"key":"EntropicBrew"}],"is_trial":false,"path_per_floor":["M","?","?","M","$","R","E","M","T","E","?","$","R","?","R","B",null,"M","M","M","M","M","R","E","R","T","$","M","E","?","M","R","B",null,"M","?","?","$","M","E","R","M","T","R","E","M","$","E","R","B","B",null,"R","$","E","B",null],"character_chosen":"IRONCLAD","items_purchased":["Seeing Red","Shrug It Off","Corruption","SkillPotion"],"campfire_rested":3,"item_purchase_floors":[5,27,38,54],"current_hp_per_floor":[74,51,51,57,57,57,63,67,67,53,29,29,29,29,51,45,96,97,73,79,63,63,63,55,88,88,88,87,87,72,57,57,17,91,97,103,103,103,91,97,97,103,109,109,112,107,107,113,113,59,51,104,122,122,92,118],"gold":115,"neow_bonus":"THREE_ENEMY_KILL","is_prod":false,"is_daily":false,"chose_seed":false,"campfire_upgraded":6,"win_rate":0,"timestamp":1556474579,"path_taken":["M","?","?","?","$","R","E","M","T","E","?","$","R","?","R","BOSS","M","M","M","M","M","R","E","R","T","$","?","E","?","M","R","BOSS","M","?","?","$","M","E","R","M","T","R","E","M","$","E","R","BOSS","BOSS","R","$","E","BOSS"],"build_version":"2019-01-23","purchased_purges":4,"victory":true,"max_hp_per_floor":[75,75,75,75,75,75,75,75,75,75,75,75,75,75,75,75,103,103,103,103,103,103,103,110,110,110,110,110,110,116,116,116,116,116,116,116,116,116,116,116,116,116,122,122,122,122,122,122,122,122,122,122,122,122,122,122],"card_choices":[{"not_picked":["Pommel Strike","Warcry"],"picked":"Wild Strike","floor":1},{"not_picked":["Body Slam","Heavy Blade"],"picked":"Offering","floor":4},{"not_picked":["Bloodletting","Clash"],"picked":"Clothesline","floor":7},{"not_picked":["Anger","Armaments"],"picked":"Double Tap","floor":8},{"not_picked":["Havoc","Shrug It Off"],"picked":"Body Slam","floor":10},{"not_picked":["Flex","Bloodletting"],"picked":"Flame Barrier","floor":11},{"not_picked":["Dark Embrace","Demon Form"],"picked":"Bludgeon","floor":16},{"not_picked":["Dual Wield","Cleave","Pommel Strike"],"picked":"SKIP","floor":18},{"not_picked":["Headbutt","Flex","Dual Wield"],"picked":"SKIP","floor":19},{"not_picked":["Clothesline","Uppercut"],"picked":"Corruption","floor":20},{"not_picked":["Pummel","Thunderclap","Heavy Blade"],"picked":"SKIP","floor":21},{"not_picked":["Pommel Strike","Heavy Blade","Uppercut"],"picked":"SKIP","floor":22},{"not_picked":["Rage","Double Tap"],"picked":"Shrug It Off","floor":24},{"not_picked":["Wild Strike","Havoc","Armaments"],"picked":"SKIP","floor":28},{"not_picked":["Flex","Metallicize"],"picked":"Battle Trance","floor":29},{"not_picked":["Twin Strike+1","Disarm"],"picked":"Feel No Pain","floor":31},{"not_picked":["Limit Break","Feed"],"picked":"Impervious","floor":33},{"not_picked":["Flame Barrier+1","Pummel"],"picked":"Disarm","floor":35},{"not_picked":["Ghostly Armor+1","Twin Strike"],"picked":"Seeing Red","floor":36},{"not_picked":["Body Slam","Rage+1","Reckless Charge"],"picked":"SKIP","floor":39},{"not_picked":["Armaments","Seeing Red","Evolve"],"picked":"SKIP","floor":40},{"not_picked":["Dropkick","Body Slam+1","Shrug It Off+1"],"picked":"SKIP","floor":42},{"not_picked":["True Grit","Clothesline","Warcry"],"picked":"SKIP","floor":45},{"not_picked":["Infernal Blade+1","Armaments+1","Bloodletting"],"picked":"SKIP","floor":46},{"not_picked":["Fiend Fire","Rampage"],"picked":"Feel No Pain","floor":48},{"not_picked":["Entrench","Heavy Blade+1"],"picked":"Disarm","floor":55}],"player_experience":4866451,"relics_obtained":[{"floor":7,"key":"Darkstone Periapt"},{"floor":9,"key":"Potion Belt"},{"floor":10,"key":"Bag of Marbles"},{"floor":11,"key":"Lantern"},{"floor":17,"key":"Dead Branch"},{"floor":17,"key":"Pear"},{"floor":17,"key":"Bag of Preparation"},{"floor":24,"key":"Strawberry"},{"floor":29,"key":"War Paint"},{"floor":30,"key":"Necronomicon"},{"floor":36,"key":"Thread and Needle"},{"floor":40,"key":"Ancient Tea Set"},{"floor":43,"key":"Mummified Hand"},{"floor":45,"key":"Art of War"},{"floor":48,"key":"Omamori"},{"floor":55,"key":"Pantograph"}],"event_choices":[{"damage_healed":0,"gold_gain":0,"player_choice":"Entered Light","damage_taken":23,"max_hp_gain":0,"max_hp_loss":0,"event_name":"Shining Light","floor":2,"gold_loss":0,"cards_upgraded":["Wild Strike","Defend_R"]},{"damage_healed":0,"gold_gain":0,"player_choice":"Rummage","damage_taken":0,"relics_obtained":["WarpedTongs"],"max_hp_gain":0,"max_hp_loss":0,"event_name":"Accursed Blacksmith","floor":3,"gold_loss":0,"cards_obtained":["Pain"]},{"damage_healed":0,"gold_gain":0,"player_choice":"Searched \u00271\u0027 times","damage_taken":0,"max_hp_gain":0,"max_hp_loss":0,"event_name":"Dead Adventurer","floor":11,"gold_loss":0},{"damage_healed":0,"gold_gain":0,"player_choice":"Got Potions","damage_taken":0,"max_hp_gain":0,"max_hp_loss":0,"event_name":"Lab","floor":14,"gold_loss":0},{"damage_healed":0,"gold_gain":0,"player_choice":"Obtained Book","damage_taken":21,"max_hp_gain":0,"max_hp_loss":0,"event_name":"Cursed Tome","floor":30,"gold_loss":0},{"damage_healed":0,"gold_gain":0,"player_choice":"Fight","damage_taken":0,"max_hp_gain":0,"max_hp_loss":0,"event_name":"Mysterious Sphere","floor":36,"gold_loss":0},{"cards_removed":["Seeing Red"],"damage_healed":0,"gold_gain":0,"player_choice":"Removed Skill","damage_taken":0,"max_hp_gain":0,"max_hp_loss":0,"event_name":"Falling","floor":37,"gold_loss":0}],"is_beta":false,"boss_relics":[{"not_picked":["Pandora\u0027s Box","Sozu"],"picked":"Calling Bell"},{"not_picked":["Philosopher\u0027s Stone","Runic Cube"],"picked":"Cursed Key"}],"items_purged_floors":[5,12,27,38],"is_endless":false,"potions_floor_spawned":[1,4,20,21,31,33,40,42,45],"ascension_level":20}