{"gold_per_floor":[112,130,140,14,14,54,54,69,69,69,104,104,125,140,140,236,236,254,274,289,305,320,320,335,335,335,358,358,389,389,71,71,164,164,187,187,202,102,127,127],"floor_reached":40,"playtime":1777,"items_purged":["Strike_R","Strike_R"],"score":844,"play_id":"c464685b-cd25-4899-8619-9bee4f737925","local_time":"20190427002303","is_ascension_mode":true,"campfire_choices":[{"floor":7.0,"key":"REST"},{"data":"Armaments","floor":10.0,"key":"SMITH"},{"data":"Offering","floor":12.0,"key":"SMITH"},{"floor":15.0,"key":"REST"},{"floor":23,"key":"REST"},{"data":"Evolve","floor":28,"key":"SMITH"},{"data":"Barricade","floor":30,"key":"SMITH"},{"floor":32,"key":"REST"}],"neow_cost":"NONE","seed_source_timestamp":507217411981500,"circlet_count":0,"master_deck":["AscendersBane","Strike_R","Strike_R","Strike_R","Defend_R","Defend_R","Defend_R","Defend_R+1","Bash","Offering+1","Armaments+1","Disarm","Hemokinesis","Body Slam","Shrug It Off","Pommel Strike","Barricade+1","Combust","Shrug It Off+1","Evolve+1","Blood for Blood","Metallicize","Impervious","Impervious"],"special_seed":0,"relics":["Burning Blood","Golden Idol","Orichalcum","Mercury Hourglass","Sundial","Velvet Choker","War Paint","Dream Catcher","Turnip","Sozu"],"potions_floor_usage":[22,22,24,40],"damage_taken":[{"damage":8.0,"enemies":"Cultist","floor":1.0,"turns":4.0},{"damage":5.0,"enemies":"2 Louse","floor":2.0,"turns":5.0},{"damage":0.0,"enemies":"Small Slimes","floor":3.0,"turns":7.0},{"damage":45.0,"enemies":"Lagavulin","floor":6.0,"turns":10.0},{"damage":6.0,"enemies":"2 Fungi Beasts","floor":8.0,"turns":4.0},{"damage":20.0,"enemies":"3 Sentries","floor":11.0,"turns":7.0},{"damage":15.0,"enemies":"Exordium Wildlife","floor":13.0,"turns":5.0},{"damage":6.0,"enemies":"Exordium Thugs","floor":14.0,"turns":3.0},{"damage":23.0,"enemies":"Hexaghost","floor":16.0,"turns":11.0},{"damage":12.0,"enemies":"2 Thieves","floor":18.0,"turns":4.0},{"damage":9.0,"enemies":"Spheric Guardian","floor":19.0,"turns":5.0},{"damage":22.0,"enemies":"Snecko","floor":20.0,"turns":5.0},{"damage":16,"enemies":"Sentry and Sphere","floor":21,"turns":4},{"damage":21,"enemies":"Centurion and Healer","floor":22,"turns":8},{"damage":28,"enemies":"Cultist and Chosen","floor":24,"turns":6},{"damage":6,"enemies":"Snecko","floor":27,"turns":6},{"damage":42,"enemies":"Slavers","floor":29,"turns":4},{"damage":54,"enemies":"Automaton","floor":33,"turns":14},{"damage":1,"enemies":"3 Shapes","floor":35,"turns":13},{"damage":6,"enemies":"Orb Walker","floor":37,"turns":3},{"damage":13,"enemies":"4 Shapes","floor":39,"turns":5},{"damage":78,"enemies":"Reptomancer","floor":40,"turns":3}],"seed_played":"2441598504378386365","potions_obtained":[{"floor":3.0,"key":"EntropicBrew"},{"floor":8.0,"key":"SkillPotion"},{"floor":16.0,"key":"Weak Potion"},{"floor":20.0,"key":"SneckoOil"},{"floor":21,"key":"AttackPotion"},{"floor":22,"key":"BloodPotion"},{"floor":33,"key":"BloodPotion"}],"is_trial":false,"path_per_floor":["M","M","M","$","?","E","R","M","T","R","E","R","M","M","R","B",null,"M","M","M","M","M","R","M","?","T","M","R","E","R","$","R","B",null,"M","?","M","$","M","E"],"character_chosen":"IRONCLAD","items_purchased":["Body Slam","Turnip"],"campfire_rested":4,"item_purchase_floors":[4,31],"current_hp_per_floor":[66,67,73,73,47,8,30,30,30,30,16,16,7,7,29,12,59,53,50,34,24,9,31,16,75,75,75,75,39,39,39,61,13,60,65,65,65,65,58,0],"gold":127,"neow_bonus":"ONE_RANDOM_RARE_CARD","is_prod":false,"is_daily":false,"chose_seed":false,"campfire_upgraded":4,"win_rate":0,"timestamp":1556292183,"path_taken":["M","M","?","?","?","E","R","M","T","R","E","R","M","M","R","BOSS","M","M","M","M","M","R","M","?","T","?","R","E","R","$","R","BOSS","M","?","M","$","M","E"],"build_version":"2019-01-23","purchased_purges":2,"victory":false,"max_hp_per_floor":[75,75,75,75,75,75,75,75,75,75,75,75,75,75,75,75,75,75,75,75,75,75,75,75,75,75,75,75,75,75,75,75,75,75,75,71,71,71,71,71],"card_choices":[{"not_picked":["Body Slam","Sword Boomerang"],"picked":"Armaments","floor":1.0},{"not_picked":["Thunderclap","Sword Boomerang"],"picked":"Disarm","floor":2.0},{"not_picked":["Shrug It Off","Thunderclap"],"picked":"Hemokinesis","floor":3.0},{"not_picked":["Thunderclap","Pommel Strike","Iron Wave"],"picked":"SKIP","floor":6.0},{"not_picked":["Anger","Perfected Strike","Havoc"],"picked":"SKIP","floor":8.0},{"not_picked":["Thunderclap","Searing Blow","Headbutt"],"picked":"SKIP","floor":11.0},{"not_picked":["Perfected Strike","Clothesline"],"picked":"Shrug It Off","floor":13.0},{"not_picked":["Infernal Blade","Clothesline","Pommel Strike"],"picked":"SKIP","floor":14.0},{"not_picked":["Infernal Blade","Clothesline","Pommel Strike"],"picked":"SKIP","floor":14.0},{"not_picked":["Infernal Blade","Clothesline"],"picked":"Pommel Strike","floor":14.0},{"not_picked":["Dark Embrace","Berserk"],"picked":"Barricade","floor":16.0},{"not_picked":["Sword Boomerang","Thunderclap","Anger"],"picked":"SKIP","floor":18.0},{"not_picked":["Pummel","Fire Breathing"],"picked":"Combust","floor":19.0},{"not_picked":["Flex","Headbutt"],"picked":"Shrug It Off","floor":20.0},{"not_picked":["True Grit","Shockwave"],"picked":"Evolve","floor":21},{"not_picked":["Iron Wave","Second Wind"],"picked":"Blood for Blood","floor":22},{"not_picked":["Bludgeon","Spot Weakness"],"picked":"Metallicize","floor":24},{"not_picked":["Havoc","Flex","Clash"],"picked":"SKIP","floor":27},{"not_picked":["Sever Soul","Flame Barrier"],"picked":"Impervious","floor":29},{"not_picked":["Limit Break","Dark Embrace"],"picked":"Impervious","floor":33},{"not_picked":["Shrug It Off","Twin Strike","Bloodletting"],"picked":"SKIP","floor":35},{"not_picked":["Twin Strike+1","Pommel Strike","Headbutt"],"picked":"SKIP","floor":37},{"not_picked":["Iron Wave","Berserk","Headbutt"],"picked":"SKIP","floor":39}],"player_experience":4849416,"relics_obtained":[{"floor":6.0,"key":"Orichalcum"},{"floor":9.0,"key":"Mercury Hourglass"},{"floor":11.0,"key":"Sundial"},{"floor":26,"key":"War Paint"},{"floor":29,"key":"Dream Catcher"}],"event_choices":[{"damage_healed":0.0,"max_hp_gain":0.0,"max_hp_loss":0.0,"gold_gain":0.0,"event_name":"Golden Idol","player_choice":"Take Damage","floor":5.0,"gold_loss":0.0,"damage_taken":26.0,"relics_obtained":["Golden Idol"]},{"damage_healed":59,"gold_gain":0,"player_choice":"Full Heal","damage_taken":0,"max_hp_gain":0,"max_hp_loss":0,"event_name":"Wheel of Change","floor":25,"gold_loss":0},{"damage_healed":0,"gold_gain":0,"player_choice":"Max HP","damage_taken":0,"max_hp_gain":0,"max_hp_loss":4,"event_name":"Winding Halls","floor":36,"gold_loss":0}],"is_beta":false,"boss_relics":[{"not_picked":["Cursed Key","Calling Bell"],"picked":"Velvet Choker"},{"not_picked":["Fusion Hammer","Lizard Tail"],"picked":"Sozu"}],"items_purged_floors":[4,38],"is_endless":false,"potions_floor_spawned":[3,8,16,20,21,22,33,35],"killed_by":"Reptomancer","ascension_level":20}