{"gold_per_floor":[359,309,327,341,2,2,31,31,76,76,91,106,137,147,147,251,251,263,263,243,37,55,84,84,84,84,110,110,145,60,77,77,77],"floor_reached":33,"playtime":1838,"items_purged":["Strike_R"],"score":463,"play_id":"2b304397-2046-484c-a8fb-b37f2b3ca282","local_time":"20190719153004","is_ascension_mode":true,"campfire_choices":[{"data":"Hemokinesis","floor":6.0,"key":"SMITH"},{"data":"Bash","floor":8.0,"key":"SMITH"},{"floor":15.0,"key":"REST"},{"floor":25.0,"key":"REST"},{"floor":28.0,"key":"REST"},{"floor":32,"key":"REST"}],"neow_cost":"CURSE","seed_source_timestamp":102039682771400,"circlet_count":0,"master_deck":["Strike_R","Defend_R","Defend_R+1","Defend_R+1","Defend_R","Bash+1","Pummel","Sword Boomerang","Hemokinesis+1","Clothesline","Hemokinesis","Uppercut","Blood for Blood","Feed","Shrug It Off+1","Immolate"],"special_seed":0,"relics":["Burning Blood","Charon\u0027s Ashes","Smiling Mask","Boot","Thread and Needle","Empty Cage","Anchor","Singing Bowl","Pen Nib","Letter Opener","War Paint","Turnip"],"potions_floor_usage":[],"damage_taken":[{"damage":17.0,"enemies":"Jaw Worm","floor":1.0,"turns":4.0},{"damage":1.0,"enemies":"2 Louse","floor":3.0,"turns":2.0},{"damage":1.0,"enemies":"Cultist","floor":4.0,"turns":3.0},{"damage":24.0,"enemies":"Lagavulin","floor":7.0,"turns":5.0},{"damage":9.0,"enemies":"Gremlin Gang","floor":11.0,"turns":3.0},{"damage":11.0,"enemies":"2 Fungi Beasts","floor":12.0,"turns":3.0},{"damage":20.0,"enemies":"3 Sentries","floor":13.0,"turns":5.0},{"damage":10.0,"enemies":"Exordium Wildlife","floor":14.0,"turns":2.0},{"damage":45.0,"enemies":"The Guardian","floor":16.0,"turns":9.0},{"damage":23.0,"enemies":"Spheric Guardian","floor":18.0,"turns":5.0},{"damage":23.0,"enemies":"Shell Parasite","floor":22.0,"turns":7.0},{"damage":32.0,"enemies":"Book of Stabbing","floor":23.0,"turns":5.0},{"damage":20.0,"enemies":"Slavers","floor":27.0,"turns":5.0},{"damage":29,"enemies":"Gremlin Leader","floor":29,"turns":5},{"damage":7,"enemies":"Cultist and Chosen","floor":31,"turns":5},{"damage":103,"enemies":"Champ","floor":33,"turns":10}],"seed_played":"3241327328574545705","potions_obtained":[{"floor":1.0,"key":"FearPotion"},{"floor":11.0,"key":"Strength Potion"},{"floor":13.0,"key":"Weak Potion"},{"floor":18.0,"key":"Energy Potion"},{"floor":20.0,"key":"Regen Potion"}],"is_trial":false,"path_per_floor":["M","?","M","M","$","R","E","R","T","?","M","M","E","M","R","B",null,"M","?","?","$","M","E","?","R","T","E","R","E","?","M","R","B"],"character_chosen":"IRONCLAD","items_purchased":["Clothesline","Charon\u0027s Ashes","Anchor"],"campfire_rested":4,"item_purchase_floors":[5,5,21],"current_hp_per_floor":[61,61,66,71,71,71,53,53,53,53,50,45,31,27,51,12,63,49,49,49,49,50,26,26,52,52,41,68,47,47,51,80,0],"gold":77,"neow_bonus":"TWO_FIFTY_GOLD","is_prod":false,"is_daily":false,"chose_seed":false,"campfire_upgraded":2,"win_rate":0,"timestamp":1563564604,"path_taken":["M","?","M","M","$","R","E","R","T","?","M","?","E","?","R","BOSS","M","?","?","$","?","E","?","R","T","E","R","E","?","M","R","BOSS"],"build_version":"2019-07-17","purchased_purges":1,"victory":false,"max_hp_per_floor":[80,80,80,80,80,80,80,80,80,80,80,80,80,80,80,80,80,83,83,83,83,86,88,88,88,88,91,91,93,93,98,98,98],"card_choices":[{"not_picked":["Flex","Evolve"],"picked":"Pummel","floor":1.0},{"not_picked":["Armaments","Intimidate"],"picked":"Sword Boomerang","floor":3.0},{"not_picked":["Dual Wield","Warcry"],"picked":"Hemokinesis","floor":4.0},{"not_picked":["Heavy Blade","Headbutt","Carnage"],"picked":"SKIP","floor":7.0},{"not_picked":["Rupture","Heavy Blade"],"picked":"Hemokinesis","floor":11.0},{"not_picked":["Sword Boomerang","Hemokinesis"],"picked":"Uppercut","floor":12.0},{"not_picked":["Rampage","Wild Strike","Combust"],"picked":"SKIP","floor":13.0},{"not_picked":["Havoc","Perfected Strike"],"picked":"Blood for Blood","floor":14.0},{"not_picked":["Double Tap","Juggernaut"],"picked":"Feed","floor":16.0},{"not_picked":["Rampage","Carnage"],"picked":"Shrug It Off+1","floor":18.0},{"not_picked":["Searing Blow+1","Heavy Blade","Flex"],"picked":"SKIP","floor":22.0},{"not_picked":["Perfected Strike+1","Havoc+1","Wild Strike+1"],"picked":"Singing Bowl","floor":23.0},{"not_picked":["Clothesline+1","Twin Strike"],"picked":"Immolate","floor":27.0},{"not_picked":["Immolate","Pommel Strike+1","Carnage"],"picked":"Singing Bowl","floor":29},{"not_picked":["Pummel","Pommel Strike","Headbutt"],"picked":"Singing Bowl","floor":31}],"player_experience":269978,"relics_obtained":[{"floor":7.0,"key":"Smiling Mask"},{"floor":9.0,"key":"Boot"},{"floor":13.0,"key":"Thread and Needle"},{"floor":23.0,"key":"Singing Bowl"},{"floor":26.0,"key":"Pen Nib"},{"floor":27.0,"key":"Letter Opener"},{"floor":29,"key":"War Paint"}],"event_choices":[{"cards_removed":["Regret"],"damage_healed":0.0,"max_hp_gain":0.0,"max_hp_loss":0.0,"gold_gain":0.0,"event_name":"The Cleric","player_choice":"Card Removal","floor":2.0,"gold_loss":50.0,"damage_taken":0.0},{"cards_removed":["Strike_R"],"damage_healed":0.0,"max_hp_gain":0.0,"max_hp_loss":0.0,"gold_gain":0.0,"event_name":"Purifier","player_choice":"Purged","floor":10.0,"gold_loss":0.0,"damage_taken":0.0},{"damage_healed":0.0,"max_hp_gain":0.0,"max_hp_loss":0.0,"gold_gain":0.0,"event_name":"Vampires","player_choice":"Ignored","floor":19.0,"gold_loss":0.0,"damage_taken":0.0},{"damage_healed":0.0,"max_hp_gain":0.0,"max_hp_loss":0.0,"gold_gain":0.0,"event_name":"The Woman in Blue","player_choice":"Bought 1 Potion","floor":20.0,"gold_loss":0.0,"damage_taken":0.0},{"damage_healed":0.0,"max_hp_gain":0.0,"max_hp_loss":0.0,"gold_gain":0.0,"event_name":"Ghosts","player_choice":"Ignored","floor":24.0,"gold_loss":0.0,"damage_taken":0.0},{"damage_healed":0,"gold_gain":0,"player_choice":"Obtained Relic","damage_taken":0,"relics_obtained":["Turnip"],"max_hp_gain":0,"max_hp_loss":0,"event_name":"Addict","floor":30,"gold_loss":85}],"is_beta":false,"boss_relics":[{"not_picked":["Runic Dome","Black Blood"],"picked":"Empty Cage"}],"items_purged_floors":[21],"is_endless":false,"potions_floor_spawned":[1,11,13,18],"killed_by":"Champ","ascension_level":8}