{"gold_per_floor":[114,129,129,106,121,156,156,170,194,194,369,98,112,191,191,321,321,337,337,45,58,58,58,140,140,140,163,206,219,244,343,343,464,464,479,479,494,494],"floor_reached":38,"playtime":3205,"items_purged":["Doubt","Defend_R"],"score":444,"play_id":"94ebff66-7b63-4b30-8329-793caed9e0be","local_time":"20181228000542","is_ascension_mode":false,"campfire_choices":[{"data":"Rampage","floor":7,"key":"SMITH"},{"floor":10,"key":"REST"},{"floor":15,"key":"REST"},{"data":"Heavy Blade","floor":23,"key":"SMITH"},{"data":"Warcry","floor":25,"key":"SMITH"},{"floor":32,"key":"REST"}],"neow_cost":"NONE","seed_source_timestamp":124332897377782,"circlet_count":0,"master_deck":["Strike_R","Strike_R","Strike_R","Strike_R","Strike_R","Defend_R","Defend_R","Defend_R","Bash","Rampage+1","Warcry","Twin Strike","Warcry+1","Thunderclap","Fire Breathing","Clash","Headbutt","Iron Wave","Heavy Blade+1","Disarm","Limit Break+1","Iron Wave","Cleave","Cleave","Headbutt","Second Wind","Spot Weakness+1","Clash","Heavy Blade","Intimidate","Shrug It Off+1","Inflame","Limit Break","Pommel Strike","Battle Trance+1"],"relics":["Burning Blood","Golden Idol","Dream Catcher","Potion Belt","Brimstone","Strawberry","Orrery","HandDrill","Red Skull","Pantograph","Girya","Mummified Hand","Runic Cube"],"potions_floor_usage":[28],"damage_taken":[{"damage":2,"enemies":"Cultist","floor":1,"turns":5},{"damage":1,"enemies":"2 Louse","floor":2,"turns":4},{"damage":6,"enemies":"Jaw Worm","floor":5,"turns":4},{"damage":51,"enemies":"Gremlin Nob","floor":6,"turns":5},{"damage":5,"enemies":"Looter","floor":8,"turns":4},{"damage":13,"enemies":"2 Fungi Beasts","floor":13,"turns":3},{"damage":29,"enemies":"Lagavulin Event","floor":14,"turns":4},{"damage":40,"enemies":"The Guardian","floor":16,"turns":5},{"damage":7,"enemies":"Spheric Guardian","floor":18,"turns":3},{"damage":22,"enemies":"2 Thieves","floor":21,"turns":2},{"damage":58,"enemies":"Chosen and Byrds","floor":27,"turns":5},{"damage":4,"enemies":"Gremlin Leader","floor":28,"turns":4},{"damage":12,"enemies":"Snake Plant","floor":29,"turns":3},{"damage":0,"enemies":"Sentry and Sphere","floor":30,"turns":3},{"damage":38,"enemies":"Collector","floor":33,"turns":5},{"damage":44,"enemies":"3 Shapes","floor":35,"turns":3},{"damage":28,"enemies":"3 Darklings","floor":37,"turns":3},{"damage":21,"enemies":"Transient","floor":38,"turns":3}],"seed_played":"589459623975349813","potions_obtained":[{"floor":2,"key":"Weak Potion"},{"floor":6,"key":"Block Potion"},{"floor":16,"key":"SpeedPotion"},{"floor":27,"key":"Fire Potion"},{"floor":28,"key":"LiquidBronze"},{"floor":33,"key":"EssenceOfSteel"}],"is_trial":false,"path_per_floor":["M","M","?","$","M","E","R","M","T","R","?","$","M","?","R","B",null,"M","?","$","M","T","R","T","R","T","M","E","M","M","?","R","B",null,"M","?","M","M"],"character_chosen":"IRONCLAD","items_purchased":["Warcry","Brimstone","HandDrill"],"campfire_rested":3,"item_purchase_floors":[4,12,20],"current_hp_per_floor":[80,80,74,74,74,29,29,30,30,52,52,52,45,29,53,19,81,80,80,80,64,64,64,64,64,64,12,14,8,14,14,38,31,81,43,43,21,0],"gold":494,"neow_bonus":"THREE_CARDS","is_prod":false,"is_daily":false,"chose_seed":false,"campfire_upgraded":3,"win_rate":0.0,"timestamp":1545973542,"path_taken":["M","?","?","?","M","E","R","M","T","R","?","$","M","?","R","BOSS","M","?","$","?","?","R","?","R","T","M","E","M","?","?","R","BOSS","M","?","M","M"],"build_version":"2018-12-20","purchased_purges":2,"victory":false,"max_hp_per_floor":[80,80,74,74,74,74,74,74,74,74,74,74,74,81,81,81,81,81,81,81,81,81,81,81,81,81,81,81,81,81,81,81,81,81,81,77,77,77],"card_choices":[{"not_picked":["Warcry","Battle Trance"],"picked":"Rampage","floor":0},{"not_picked":["Flex","Thunderclap"],"picked":"Warcry","floor":1},{"not_picked":["Iron Wave","Bloodletting"],"picked":"Twin Strike","floor":2},{"not_picked":["Armaments","Second Wind"],"picked":"Thunderclap","floor":5},{"not_picked":["True Grit","Searing Blow"],"picked":"Fire Breathing","floor":6},{"not_picked":["Spot Weakness","Metallicize"],"picked":"Clash","floor":8},{"not_picked":["Anger","Ghostly Armor"],"picked":"Headbutt","floor":10},{"not_picked":["Shrug It Off","Warcry"],"picked":"Iron Wave","floor":13},{"not_picked":["Anger","Pommel Strike"],"picked":"Heavy Blade","floor":14},{"not_picked":["True Grit","Body Slam"],"picked":"Disarm","floor":15},{"not_picked":["Barricade","Impervious"],"picked":"Limit Break","floor":16},{"not_picked":["Warcry","Anger"],"picked":"Iron Wave","floor":17},{"not_picked":["Shrug It Off","Second Wind"],"picked":"Cleave","floor":17},{"not_picked":["Ghostly Armor","Second Wind"],"picked":"Cleave","floor":17},{"not_picked":["Whirlwind","Body Slam"],"picked":"Headbutt","floor":17},{"not_picked":["Armaments","True Grit"],"picked":"Second Wind","floor":17},{"not_picked":["Warcry","Ghostly Armor+1"],"picked":"Spot Weakness+1","floor":18},{"not_picked":["Fiend Fire","Shrug It Off+1"],"picked":"Clash","floor":21},{"not_picked":["Clash","Rage+1"],"picked":"Heavy Blade","floor":27},{"not_picked":["Clash","Disarm+1"],"picked":"Intimidate","floor":28},{"not_picked":["Anger","Whirlwind"],"picked":"Shrug It Off+1","floor":29},{"not_picked":["Anger","Perfected Strike"],"picked":"Inflame","floor":30},{"not_picked":["Bludgeon","Juggernaut"],"picked":"Limit Break","floor":33},{"not_picked":["Rage","Body Slam+1"],"picked":"Pommel Strike","floor":35},{"not_picked":["Power Through+1","Shrug It Off"],"picked":"Battle Trance+1","floor":37}],"player_experience":25173,"relics_obtained":[{"floor":6,"key":"Dream Catcher"},{"floor":9,"key":"Potion Belt"},{"floor":14,"key":"Strawberry"},{"floor":22,"key":"Red Skull"},{"floor":24,"key":"Pantograph"},{"floor":26,"key":"Girya"},{"floor":28,"key":"Mummified Hand"}],"event_choices":[{"damage_healed":0,"gold_gain":0,"player_choice":"Lose Max HP","damage_taken":0,"relics_obtained":["Golden Idol"],"max_hp_gain":0,"max_hp_loss":6,"event_name":"Golden Idol","floor":3,"gold_loss":0},{"damage_healed":0,"gold_gain":175,"player_choice":"AGREE","damage_taken":0,"max_hp_gain":0,"max_hp_loss":0,"event_name":"Liars Game","floor":11,"gold_loss":0,"cards_obtained":["Doubt"]},{"damage_healed":0,"gold_gain":0,"player_choice":"Searched \u00271\u0027 times","damage_taken":0,"max_hp_gain":0,"max_hp_loss":0,"event_name":"Dead Adventurer","floor":14,"gold_loss":0},{"damage_healed":0,"gold_gain":0,"player_choice":"Forge","damage_taken":0,"max_hp_gain":0,"max_hp_loss":0,"event_name":"Accursed Blacksmith","floor":19,"gold_loss":0,"cards_upgraded":["Limit Break"]},{"damage_healed":0,"gold_gain":99,"player_choice":"Stole From Cult","damage_taken":0,"max_hp_gain":0,"max_hp_loss":0,"event_name":"Nest","floor":31,"gold_loss":0},{"damage_healed":0,"gold_gain":0,"player_choice":"Max HP","damage_taken":0,"max_hp_gain":0,"max_hp_loss":4,"event_name":"Winding Halls","floor":36,"gold_loss":0}],"is_beta":false,"boss_relics":[{"not_picked":["Busted Crown","Coffee Dripper"],"picked":"Orrery"},{"not_picked":["Tiny House","Runic Pyramid"],"picked":"Runic Cube"}],"items_purged_floors":[12,20],"is_endless":false,"potions_floor_spawned":[2,6,16,27,28,33,37],"killed_by":"Transient","ascension_level":0}