{"gold_per_floor":[110,130,147,147,171,171,196,196,196,196,235,248,14,55,55,148,148,172,172,16,39,52,52,92,92,169,190,190,203,203],"floor_reached":30,"playtime":1089,"items_purged":["Strike_R","Strike_R"],"score":574,"play_id":"f07c44b7-981d-40d2-96a1-b412db7c9f3e","local_time":"20190521022621","is_ascension_mode":true,"campfire_choices":[{"data":"Flex","floor":6,"key":"SMITH"},{"data":"Feed","floor":8,"key":"SMITH"},{"data":"Heavy Blade","floor":10,"key":"SMITH"},{"floor":15,"key":"REST"},{"floor":23,"key":"REST"},{"floor":25,"key":"REST"}],"neow_cost":"","seed_source_timestamp":191620210940700,"circlet_count":0,"master_deck":["Spot Weakness","Feed+1","Defend_R","Defend_R","Defend_R","Defend_R","Bash","Strike_R","Heavy Blade+1","Flex+1","Sword Boomerang","Ghostly Armor","Battle Trance","Panacea","True Grit+1","Inflame","Feed","Evolve","Pummel"],"relics":["Burning Blood","Singing Bowl","Golden Idol","Sundial","Pear","Empty Cage","Ancient Tea Set","Tiny Chest"],"potions_floor_usage":[11,11,16,16,21,24,24,30],"damage_taken":[{"damage":7,"enemies":"Cultist","floor":1,"turns":4},{"damage":4,"enemies":"Jaw Worm","floor":2,"turns":3},{"damage":0,"enemies":"2 Louse","floor":3,"turns":2},{"damage":1,"enemies":"Exordium Thugs","floor":5,"turns":3},{"damage":11,"enemies":"2 Fungi Beasts","floor":7,"turns":3},{"damage":35,"enemies":"Lagavulin","floor":11,"turns":6},{"damage":21,"enemies":"3 Louse","floor":12,"turns":4},{"damage":33,"enemies":"3 Sentries","floor":14,"turns":7},{"damage":27,"enemies":"Hexaghost","floor":16,"turns":6},{"damage":40,"enemies":"3 Byrds","floor":18,"turns":6},{"damage":37,"enemies":"2 Thieves","floor":21,"turns":5},{"damage":20,"enemies":"Centurion and Healer","floor":22,"turns":8},{"damage":64,"enemies":"Slavers","floor":24,"turns":8},{"damage":27,"enemies":"Cultist and Chosen","floor":27,"turns":6},{"damage":33,"enemies":"Snecko","floor":29,"turns":8},{"damage":28,"enemies":"Book of Stabbing","floor":30,"turns":3}],"seed_played":"6655749280860808642","potions_obtained":[{"floor":1,"key":"Fire Potion"},{"floor":7,"key":"AttackPotion"},{"floor":12,"key":"Dexterity Potion"},{"floor":14,"key":"Ancient Potion"},{"floor":18,"key":"SpeedPotion"},{"floor":22,"key":"SkillPotion"},{"floor":29,"key":"GamblersBrew"}],"is_trial":true,"path_per_floor":["M","M","M","?","M","R","M","R","T","R","E","M","$","E","R","B",null,"M","?","$","M","M","R","E","R","T","M","?","M","E"],"character_chosen":"IRONCLAD","items_purchased":["Panacea","True Grit","Fire Potion"],"campfire_rested":3,"item_purchase_floors":[13,13,20],"current_hp_per_floor":[70,75,84,55,63,63,63,63,63,63,50,39,39,16,50,33,98,67,67,67,45,33,73,19,60,60,45,45,24,0],"gold":203,"neow_bonus":"","is_prod":false,"is_daily":false,"chose_seed":false,"campfire_upgraded":3,"win_rate":0,"timestamp":1558373181,"path_taken":["M","M","?","?","M","R","M","R","T","R","E","M","$","E","R","BOSS","M","?","$","M","?","R","E","R","T","M","?","M","E"],"build_version":"2019-01-23","purchased_purges":2,"victory":false,"max_hp_per_floor":[78,81,84,84,87,87,92,92,92,92,108,112,112,116,116,120,120,123,123,123,132,134,134,138,138,138,144,144,150,150],"card_choices":[{"not_picked":["Uppercut","Clothesline"],"picked":"Heavy Blade","floor":1},{"not_picked":["Havoc","Metallicize"],"picked":"Flex","floor":2},{"not_picked":["Twin Strike","Flex"],"picked":"Sword Boomerang","floor":3},{"not_picked":["Headbutt","Flex"],"picked":"Ghostly Armor","floor":5},{"not_picked":["Hemokinesis","Twin Strike","Cleave"],"picked":"Singing Bowl","floor":7},{"not_picked":["Havoc","Carnage","Twin Strike"],"picked":"Singing Bowl","floor":11},{"not_picked":["Seeing Red","Entrench"],"picked":"Battle Trance","floor":12},{"not_picked":["Hemokinesis","Burning Pact"],"picked":"Inflame","floor":14},{"not_picked":["Double Tap","Brutality"],"picked":"Feed","floor":16},{"not_picked":["Clash","Rampage"],"picked":"Evolve","floor":18},{"not_picked":["Clash","Carnage","Infernal Blade"],"picked":"Singing Bowl","floor":21},{"not_picked":["Clothesline","Intimidate","Infernal Blade"],"picked":"Singing Bowl","floor":22},{"not_picked":["Shrug It Off","Body Slam"],"picked":"Pummel","floor":24},{"not_picked":["Pommel Strike","Thunderclap","Twin Strike"],"picked":"Singing Bowl","floor":27},{"not_picked":["Flex","Sword Boomerang","Havoc"],"picked":"Singing Bowl","floor":29}],"player_experience":5091757,"relics_obtained":[{"floor":9,"key":"Sundial"},{"floor":11,"key":"Pear"},{"floor":24,"key":"Ancient Tea Set"},{"floor":26,"key":"Tiny Chest"}],"event_choices":[{"damage_healed":0,"gold_gain":0,"player_choice":"Take Damage","damage_taken":29,"relics_obtained":["Golden Idol"],"max_hp_gain":0,"max_hp_loss":0,"event_name":"Golden Idol","floor":4,"gold_loss":0},{"damage_healed":0,"gold_gain":0,"player_choice":"Forge","damage_taken":0,"max_hp_gain":0,"max_hp_loss":0,"event_name":"Accursed Blacksmith","floor":19,"gold_loss":0,"cards_upgraded":["True Grit"]},{"damage_healed":0,"gold_gain":0,"player_choice":"Ignored","damage_taken":0,"max_hp_gain":0,"max_hp_loss":0,"event_name":"Cursed Tome","floor":28,"gold_loss":0}],"is_beta":false,"boss_relics":[{"not_picked":["Philosopher\u0027s Stone","Orrery"],"picked":"Empty Cage"}],"items_purged_floors":[13,20],"is_endless":false,"potions_floor_spawned":[1,7,12,14,18,22,29],"killed_by":"Book of Stabbing","ascension_level":20}