{"gold_per_floor":[118,137,137,153,153,153,182,182,182,244,258,288,305,318,318,392,392,409,52,77,96,96,126,142,142,142,159,178,198,227,244,244,318,318,335,389,389,8,108,108,137,137,160,194,213,243,243,257,257,257,257,257,257,37,72,72],"floor_reached":57,"playtime":3107,"items_purged":["Strike_G"],"score":3179,"play_id":"72aa118f-c3ca-4490-988d-b974005cb587","local_time":"20190515061541","is_ascension_mode":true,"campfire_choices":[{"data":"Dagger Throw","floor":6.0,"key":"SMITH"},{"data":"Die Die Die","floor":8.0,"key":"SMITH"},{"floor":15.0,"key":"REST"},{"data":"Well Laid Plans","floor":25,"key":"SMITH"},{"data":"Infinite Blades","floor":32,"key":"SMITH"},{"floor":40,"key":"RECALL"},{"data":"Bullet Time","floor":42,"key":"SMITH"},{"floor":49,"key":"REST"},{"floor":53,"key":"REST"}],"neow_cost":"NONE","seed_source_timestamp":818869169124500,"circlet_count":0,"master_deck":["AscendersBane","Defend_G","Defend_G","Defend_G","Defend_G","Defend_G","Strike_G","Strike_G","Strike_G","Survivor","Neutralize","Well Laid Plans+1","Dagger Throw+1","Endless Agony","Die Die Die+1","Finisher","Dodge and Roll","Infinite Blades+1","Corpse Explosion","Dagger Spray+1","Endless Agony","Bullet Time+1","Blade Dance+1","Malaise","Adrenaline","Finisher+1","Calculated Gamble","Blade Dance+1","PiercingWail+1","Dark Shackles","Dark Shackles","Blade Dance+1","Dodge and Roll","Footwork","Calculated Gamble"],"special_seed":0,"relics":["Ring of the Snake","NeowsBlessing","Potion Belt","Question Card","Tiny Chest","Dead Branch","Lizard Tail","Meat on the Bone","Red Mask","Singing Bowl","Kunai","Paper Crane","Sozu","Pocketwatch","Chemical X","Vajra","Tough Bandages","The Specimen","Strawberry","Ancient Tea Set","Dodecahedron","Ninja Scroll"],"potions_floor_usage":[27,51,56,56],"damage_taken":[{"damage":0.0,"enemies":"Jaw Worm","floor":1.0,"turns":1.0},{"damage":0.0,"enemies":"Small Slimes","floor":2.0,"turns":1.0},{"damage":0.0,"enemies":"2 Louse","floor":4.0,"turns":1.0},{"damage":6.0,"enemies":"Gremlin Nob","floor":7.0,"turns":3.0},{"damage":25.0,"enemies":"3 Sentries","floor":10.0,"turns":9.0},{"damage":2.0,"enemies":"Exordium Wildlife","floor":11.0,"turns":4.0},{"damage":8.0,"enemies":"Gremlin Nob","floor":12.0,"turns":4.0},{"damage":0.0,"enemies":"Gremlin Gang","floor":13.0,"turns":4.0},{"damage":0.0,"enemies":"Lots of Slimes","floor":14.0,"turns":3.0},{"damage":9.0,"enemies":"Slime Boss","floor":16.0,"turns":6.0},{"damage":0.0,"enemies":"2 Thieves","floor":18.0,"turns":1.0},{"damage":12.0,"enemies":"Masked Bandits","floor":20.0,"turns":2.0},{"damage":1.0,"enemies":"Spheric Guardian","floor":21.0,"turns":3.0},{"damage":11.0,"enemies":"Slavers","floor":23.0,"turns":2.0},{"damage":9.0,"enemies":"Snake Plant","floor":24.0,"turns":5.0},{"damage":18,"enemies":"Chosen and Byrds","floor":27,"turns":5},{"damage":14,"enemies":"Cultist and Chosen","floor":28,"turns":5},{"damage":26,"enemies":"Snecko","floor":29,"turns":5},{"damage":0,"enemies":"Gremlin Leader","floor":30,"turns":3},{"damage":0,"enemies":"Snake Plant","floor":31,"turns":6},{"damage":0,"enemies":"Champ","floor":33,"turns":11},{"damage":0,"enemies":"Orb Walker","floor":35,"turns":3},{"damage":45,"enemies":"2 Orb Walkers","floor":36,"turns":6},{"damage":0,"enemies":"Mind Bloom Boss Battle","floor":39,"turns":6},{"damage":7,"enemies":"Reptomancer","floor":41,"turns":4},{"damage":11,"enemies":"Nemesis","floor":44,"turns":7},{"damage":0,"enemies":"3 Darklings","floor":45,"turns":2},{"damage":0,"enemies":"Giant Head","floor":46,"turns":3},{"damage":2,"enemies":"Maw","floor":48,"turns":5},{"damage":0,"enemies":"Donu and Deca","floor":50,"turns":8},{"damage":65,"enemies":"Time Eater","floor":51,"turns":11},{"damage":19,"enemies":"Shield and Spear","floor":55,"turns":5},{"damage":100,"enemies":"The Heart","floor":56,"turns":14}],"seed_played":"-6698920651295805832","potions_obtained":[{"floor":2.0,"key":"Poison Potion"},{"floor":4.0,"key":"SteroidPotion"},{"floor":11.0,"key":"GhostInAJar"},{"floor":18.0,"key":"Fire Potion"},{"floor":20.0,"key":"LiquidBronze"},{"floor":28,"key":"Strength Potion"},{"floor":29,"key":"Explosive Potion"},{"floor":31,"key":"Energy Potion"}],"is_trial":false,"path_per_floor":["M","M","?","M","?","R","E","R","T","E","M","E","M","M","R","B",null,"M","$","?","M","T","E","M","R","T","M","M","M","E","M","R","B",null,"M","?","?","$","?","R","E","R","T","E","M","E","?","M","R","B","B",null,"R","$","E","B",null],"character_chosen":"THE_SILENT","items_purchased":["Meat on the Bone","GhostInAJar","Chemical X","Vajra","Dodge and Roll","Footwork"],"campfire_rested":3,"item_purchase_floors":[19,19,38,38,54,54],"current_hp_per_floor":[59,59,64,64,57,57,51,51,51,26,24,16,16,16,37,28,60,60,60,48,47,47,36,39,39,39,35,33,21,33,47,47,47,70,70,39,39,39,53,53,48,48,55,56,56,56,48,58,85,85,32,77,92,92,73,58],"gold":72,"neow_bonus":"THREE_ENEMY_KILL","is_prod":false,"is_daily":false,"chose_seed":false,"campfire_upgraded":5,"win_rate":0,"timestamp":1557868541,"path_taken":["M","M","?","M","?","R","E","R","T","E","M","E","M","M","R","BOSS","M","$","?","M","?","E","M","R","T","M","M","M","E","M","R","BOSS","M","?","?","$","?","R","E","R","T","E","M","E","?","?","R","BOSS","BOSS","R","$","E","BOSS"],"build_version":"2019-01-23","purchased_purges":1,"victory":true,"max_hp_per_floor":[66,66,71,71,71,71,71,71,71,71,71,71,71,71,71,71,71,71,71,71,71,71,71,71,71,71,73,73,75,75,77,77,77,77,77,79,79,79,81,81,83,83,90,90,90,90,92,92,92,92,92,92,92,92,92,92],"card_choices":[{"not_picked":["Backflip","Outmaneuver"],"picked":"Well Laid Plans","floor":1.0},{"not_picked":["Quick Slash","Outmaneuver"],"picked":"Dagger Throw","floor":2.0},{"not_picked":["Sucker Punch","Blur"],"picked":"Endless Agony","floor":4.0},{"not_picked":["Choke","Backflip"],"picked":"Die Die Die","floor":7.0},{"not_picked":["Backflip","PiercingWail","Prepared"],"picked":"Finisher","floor":10.0},{"not_picked":["Dagger Throw","Acrobatics","Deadly Poison"],"picked":"Dodge and Roll","floor":11.0},{"not_picked":["Masterful Stab","Bane","Dagger Throw","Deadly Poison"],"picked":"SKIP","floor":12.0},{"not_picked":["Eviscerate","Choke","Deadly Poison","Reflex"],"picked":"SKIP","floor":13.0},{"not_picked":["Blur","Backflip","Acrobatics"],"picked":"Infinite Blades","floor":14.0},{"not_picked":["Night Terror","Envenom","Venomology"],"picked":"Corpse Explosion","floor":16.0},{"not_picked":["Deflect","Accuracy","Expertise","Quick Slash"],"picked":"SKIP","floor":18.0},{"not_picked":["Accuracy","Slice","Distraction"],"picked":"Dagger Spray+1","floor":20.0},{"not_picked":["Outmaneuver","Deadly Poison","Slice","Prepared"],"picked":"SKIP","floor":21.0},{"not_picked":["Dagger Throw","Dash","Dagger Spray"],"picked":"Endless Agony","floor":23.0},{"not_picked":["Sucker Punch","PiercingWail","Skewer"],"picked":"Bullet Time","floor":24},{"not_picked":["Deadly Poison","Acrobatics","All Out Attack","Dagger Spray"],"picked":"Singing Bowl","floor":27},{"not_picked":["Noxious Fumes","Flechettes","Poisoned Stab"],"picked":"Blade Dance+1","floor":28},{"not_picked":["Backflip","Dagger Throw","Blade Dance","Acrobatics"],"picked":"Singing Bowl","floor":29},{"not_picked":["Heel Hook","Deadly Poison+1","Sucker Punch"],"picked":"Malaise","floor":30},{"not_picked":["Underhanded Strike","Sucker Punch","Quick Slash","Acrobatics"],"picked":"Singing Bowl","floor":31},{"not_picked":["Corpse Explosion","Unload","Venomology"],"picked":"Adrenaline","floor":33},{"not_picked":["Skewer","Deflect","Flying Knee"],"picked":"Finisher+1","floor":35},{"not_picked":["Backflip","Poisoned Stab","Flying Knee","Cloak And Dagger"],"picked":"Singing Bowl","floor":36},{"not_picked":["Poisoned Stab","Acrobatics","Backflip","Dagger Spray"],"picked":"Singing Bowl","floor":39},{"not_picked":["Grand Finale","Slice","Setup+1","Bouncing Flask"],"picked":"Singing Bowl","floor":41},{"not_picked":["Cloak And Dagger","Endless Agony","Finisher"],"picked":"Calculated Gamble","floor":44},{"not_picked":["Dodge and Roll","Riddle With Holes+1","Well Laid Plans"],"picked":"Blade Dance+1","floor":45},{"not_picked":["Deflect","Footwork","Leg Sweep+1"],"picked":"PiercingWail+1","floor":46},{"not_picked":["Impatience","Finesse","Trip"],"picked":"Dark Shackles","floor":47},{"not_picked":["Sadistic Nature","Madness","Metamorphosis"],"picked":"Dark Shackles","floor":47},{"not_picked":["Jack Of All Trades","Impatience","HandOfGreed","Good Instincts"],"picked":"Singing Bowl","floor":47},{"not_picked":["Escape Plan","Slice","Outmaneuver+1"],"picked":"Blade Dance+1","floor":48},{"not_picked":["Noxious Fumes","Poisoned Stab","Escape Plan"],"picked":"Calculated Gamble","floor":55}],"player_experience":5035023,"relics_obtained":[{"floor":7.0,"key":"Potion Belt"},{"floor":9.0,"key":"Question Card"},{"floor":10.0,"key":"Tiny Chest"},{"floor":12.0,"key":"Dead Branch"},{"floor":20.0,"key":"Red Mask"},{"floor":22.0,"key":"Singing Bowl"},{"floor":23.0,"key":"Kunai"},{"floor":30,"key":"Paper Crane"},{"floor":36,"key":"Pocketwatch"},{"floor":39,"key":"Tough Bandages"},{"floor":41,"key":"The Specimen"},{"floor":43,"key":"Strawberry"},{"floor":44,"key":"Ancient Tea Set"},{"floor":46,"key":"Dodecahedron"},{"floor":55,"key":"Ninja Scroll"}],"event_choices":[{"damage_healed":0.0,"max_hp_gain":5.0,"max_hp_loss":0.0,"gold_gain":0.0,"event_name":"Big Fish","player_choice":"Donut","floor":3.0,"gold_loss":0.0,"damage_taken":0.0},{"cards_removed":["Strike_G"],"damage_healed":0.0,"max_hp_gain":0.0,"max_hp_loss":0.0,"gold_gain":0.0,"event_name":"Golden Wing","player_choice":"Card Removal","floor":5.0,"gold_loss":0.0,"damage_taken":7.0},{"damage_healed":0.0,"max_hp_gain":0.0,"max_hp_loss":0.0,"gold_gain":0.0,"event_name":"Masked Bandits","player_choice":"Fought Bandits","floor":20.0,"gold_loss":0.0,"damage_taken":0.0},{"damage_healed":0,"gold_gain":0,"player_choice":"Fight","damage_taken":0,"max_hp_gain":0,"max_hp_loss":0,"event_name":"Mysterious Sphere","floor":36,"gold_loss":0},{"damage_healed":0,"gold_gain":0,"player_choice":"Ignored","damage_taken":0,"max_hp_gain":0,"max_hp_loss":0,"event_name":"The Moai Head","floor":37,"gold_loss":0},{"damage_healed":0,"gold_gain":0,"player_choice":"Fight","damage_taken":0,"max_hp_gain":0,"max_hp_loss":0,"event_name":"MindBloom","floor":39,"gold_loss":0},{"damage_healed":0,"gold_gain":0,"player_choice":"Memory 3","damage_taken":10,"max_hp_gain":0,"max_hp_loss":0,"event_name":"SensoryStone","floor":47,"gold_loss":0}],"is_beta":false,"boss_relics":[{"not_picked":["Tiny House","Runic Pyramid"],"picked":"Lizard Tail"},{"not_picked":["WristBlade","Ring of the Serpent"],"picked":"Sozu"}],"items_purged_floors":[54],"is_endless":false,"potions_floor_spawned":[2,4,11,18,20,28,29,31,35,44,45,46,55],"ascension_level":20}