{"gold_per_floor":[118,131,206,224,243,243,258,258,258,258,183,108,158,18,18,97,97,115,115,134,134,134,134,134,134,159,159],"floor_reached":27,"playtime":657,"items_purged":["Strike_B","Defend_B"],"score":402,"play_id":"2b56c34b-9719-4ec7-b0c8-b26d2c98639b","local_time":"20190712020051","is_ascension_mode":true,"campfire_choices":[{"data":"Skim","floor":6.0,"key":"SMITH"},{"data":"Zap","floor":8.0,"key":"SMITH"},{"data":"Dualcast","floor":15.0,"key":"SMITH"},{"floor":23.0,"key":"REST"},{"data":"FTL","floor":25.0,"key":"SMITH"}],"neow_cost":"NONE","seed_source_timestamp":115684081708900,"circlet_count":0,"master_deck":["AscendersBane","Strike_B","Strike_B","Defend_B","Defend_B","Defend_B","Zap+1","Dualcast+1","Purity","Ball Lightning","Skim+1","FTL+1","Seek","Sweeping Beam"],"special_seed":0,"relics":["Kunai","Runic Pyramid","Nloth\u0027s Gift","Potion Belt"],"potions_floor_usage":[],"damage_taken":[{"damage":4.0,"enemies":"Small Slimes","floor":1.0,"turns":3.0},{"damage":2.0,"enemies":"Jaw Worm","floor":2.0,"turns":3.0},{"damage":0.0,"enemies":"2 Louse","floor":4.0,"turns":2.0},{"damage":27.0,"enemies":"Exordium Thugs","floor":5.0,"turns":4.0},{"damage":2.0,"enemies":"2 Fungi Beasts","floor":7.0,"turns":3.0},{"damage":20.0,"enemies":"The Guardian","floor":16.0,"turns":8.0},{"damage":11.0,"enemies":"Chosen","floor":18.0,"turns":4.0},{"damage":14.0,"enemies":"3 Byrds","floor":20.0,"turns":3.0},{"damage":0.0,"enemies":"Snecko","floor":22.0,"turns":1.0},{"damage":49,"enemies":"Book of Stabbing","floor":27,"turns":4}],"seed_played":"1667691284412973520","potions_obtained":[{"floor":2.0,"key":"Block Potion"},{"floor":4.0,"key":"Regen Potion"},{"floor":18.0,"key":"SmokeBomb"}],"is_trial":false,"path_per_floor":["M","M","?","M","M","R","M","R","T","?","?","$","?","$","R","B",null,"M","?","M","?","M","R","?","R","T","E"],"character_chosen":"DEFECT","items_purchased":["FTL"],"campfire_rested":1,"item_purchase_floors":[14],"current_hp_per_floor":[60,58,47,47,32,32,30,30,30,30,30,30,23,23,23,3,54,43,23,9,24,24,46,46,46,46,0],"gold":159,"neow_bonus":"RANDOM_COLORLESS","is_prod":false,"is_daily":false,"chose_seed":false,"campfire_upgraded":4,"win_rate":0,"timestamp":1562864451,"path_taken":["M","M","?","M","M","R","M","R","T","?","?","$","?","$","R","BOSS","M","?","M","?","M","R","?","R","T","E"],"build_version":"2019-07-05","purchased_purges":2,"victory":false,"max_hp_per_floor":[71,71,71,71,71,71,71,71,71,71,71,71,71,71,71,71,71,71,76,76,76,76,76,76,76,76,76],"card_choices":[{"not_picked":["Rip and Tear","Barrage"],"picked":"Ball Lightning","floor":1.0},{"not_picked":["Rip and Tear","Redo"],"picked":"Skim","floor":2.0},{"not_picked":["Static Discharge","Blizzard","Auto Shields"],"picked":"SKIP","floor":4.0},{"not_picked":["Static Discharge","Blizzard","Auto Shields"],"picked":"SKIP","floor":4.0},{"not_picked":["Go for the Eyes","Static Discharge","Rebound"],"picked":"SKIP","floor":5.0},{"not_picked":["Turbo","Echo Form","Steam"],"picked":"SKIP","floor":7.0},{"not_picked":["Echo Form","Multi-Cast"],"picked":"Seek","floor":16.0},{"not_picked":["Cold Snap","Compile Driver"],"picked":"Sweeping Beam","floor":18.0},{"not_picked":["Rip and Tear","Barrage","Coolheaded"],"picked":"SKIP","floor":20.0}],"player_experience":5652320,"relics_obtained":[{"floor":9.0,"key":"Kunai"},{"floor":26.0,"key":"Potion Belt"}],"event_choices":[{"damage_healed":0.0,"max_hp_gain":0.0,"max_hp_loss":0.0,"gold_gain":75.0,"event_name":"World of Goop","player_choice":"Gather Gold","floor":3.0,"gold_loss":0.0,"damage_taken":11.0},{"damage_healed":0.0,"max_hp_gain":0.0,"max_hp_loss":0.0,"gold_gain":0.0,"event_name":"Liars Game","player_choice":"Ignored","floor":10.0,"gold_loss":0.0,"damage_taken":0.0},{"cards_removed":["Strike_B"],"damage_healed":0.0,"max_hp_gain":0.0,"max_hp_loss":0.0,"gold_gain":0.0,"event_name":"The Cleric","player_choice":"Card Removal","floor":11.0,"gold_loss":75.0,"damage_taken":0.0},{"damage_healed":0.0,"max_hp_gain":0.0,"max_hp_loss":0.0,"gold_gain":50.0,"event_name":"FaceTrader","player_choice":"Touch","floor":13.0,"gold_loss":0.0,"damage_taken":7.0},{"damage_healed":0.0,"max_hp_gain":5.0,"max_hp_loss":0.0,"gold_gain":0.0,"event_name":"Forgotten Altar","player_choice":"Shed Blood","floor":19.0,"gold_loss":0.0,"damage_taken":25.0},{"damage_healed":15.0,"max_hp_gain":0.0,"max_hp_loss":0.0,"gold_gain":0.0,"event_name":"The Library","player_choice":"Heal","floor":21.0,"gold_loss":0.0,"damage_taken":0.0},{"damage_healed":0.0,"max_hp_gain":0.0,"max_hp_loss":0.0,"gold_gain":0.0,"event_name":"N\u0027loth","player_choice":"Traded Relic","floor":24.0,"relics_lost":["Cracked Core"],"gold_loss":0.0,"damage_taken":0.0,"relics_obtained":["Nloth\u0027s Gift"]}],"is_beta":false,"boss_relics":[{"not_picked":["FrozenCore","Philosopher\u0027s Stone"],"picked":"Runic Pyramid"}],"items_purged_floors":[12,14],"is_endless":false,"potions_floor_spawned":[2,4,18],"killed_by":"Book of Stabbing","ascension_level":20}