{"gold_per_floor":[118,130,147,165,165,165,183,183,183,212,225,11,11,25,25,104,104,118,38,38,51,64,64,97,97,97,97,131,142,142],"floor_reached":30,"playtime":1063,"items_purged":["Strike_G","Strike_G"],"score":544,"play_id":"eb2be111-bd82-4f77-97ab-f14ee3ddf0af","local_time":"20190513000741","is_ascension_mode":true,"campfire_choices":[{"data":"Slice","floor":6,"key":"SMITH"},{"data":"Corpse Explosion","floor":8,"key":"SMITH"},{"data":"Cloak And Dagger","floor":13,"key":"SMITH"},{"data":"Noxious Fumes","floor":15,"key":"SMITH"},{"floor":23,"key":"REST"},{"floor":25,"key":"REST"}],"neow_cost":"NONE","seed_source_timestamp":626087181340400,"circlet_count":0,"master_deck":["AscendersBane","Defend_G","Defend_G","Defend_G","Defend_G","Defend_G","Strike_G","Strike_G","Strike_G","Survivor","Neutralize","Backstab","Well Laid Plans","Corpse Explosion+1","Slice+1","Terror","Concentrate","Cloak And Dagger+1","Noxious Fumes+1","Crippling Poison","Sucker Punch","Dagger Throw","Wraith Form v2","PiercingWail","Escape Plan","Cloak And Dagger","Backflip","Outmaneuver","Escape Plan","Corpse Explosion","Infinite Blades+1"],"relics":["Ring of the Snake","The Courier","Kunai","Darkstone Periapt","Orrery","Enchiridion","Letter Opener","Paper Crane","Meat on the Bone","Pantograph"],"potions_floor_usage":[4,16,16,24,28,30],"damage_taken":[{"damage":5,"enemies":"Cultist","floor":1,"turns":5},{"damage":0,"enemies":"Jaw Worm","floor":2,"turns":5},{"damage":0,"enemies":"Small Slimes","floor":3,"turns":5},{"damage":7,"enemies":"Red Slaver","floor":4,"turns":4},{"damage":0,"enemies":"2 Fungi Beasts","floor":7,"turns":2},{"damage":10,"enemies":"Lagavulin","floor":10,"turns":6},{"damage":8,"enemies":"Blue Slaver","floor":11,"turns":2},{"damage":8,"enemies":"Lots of Slimes","floor":14,"turns":3},{"damage":20,"enemies":"Slime Boss","floor":16,"turns":8},{"damage":4,"enemies":"Chosen","floor":18,"turns":7},{"damage":5,"enemies":"2 Thieves","floor":21,"turns":4},{"damage":18,"enemies":"3 Cultists","floor":22,"turns":4},{"damage":19,"enemies":"Slavers","floor":24,"turns":5},{"damage":41,"enemies":"Book of Stabbing","floor":28,"turns":7},{"damage":0,"enemies":"Centurion and Healer","floor":29,"turns":5},{"damage":29,"enemies":"Slavers","floor":30,"turns":2}],"seed_played":"66667564521739208","potions_obtained":[{"floor":2,"key":"Weak Potion"},{"floor":3,"key":"Ancient Potion"},{"floor":4,"key":"GamblersBrew"},{"floor":16,"key":"LiquidBronze"},{"floor":21,"key":"Regen Potion"},{"floor":24,"key":"SpeedPotion"},{"floor":29,"key":"Explosive Potion"}],"is_trial":false,"path_per_floor":["M","M","M","M","T","R","M","R","T","E","M","$","R","M","R","B",null,"M","$","?","M","M","R","E","R","T","?","E","M","E"],"character_chosen":"THE_SILENT","items_purchased":["Noxious Fumes","Crippling Poison","Sucker Punch"],"campfire_rested":2,"item_purchase_floors":[12,12,12],"current_hp_per_floor":[60,60,60,53,53,53,53,53,53,43,35,35,35,27,27,7,56,52,52,31,26,8,29,25,46,46,46,17,29,0],"gold":142,"neow_bonus":"TEN_PERCENT_HP_BONUS","is_prod":false,"is_daily":false,"chose_seed":false,"campfire_upgraded":4,"win_rate":0,"timestamp":1557673661,"path_taken":["M","M","M","M","?","R","?","R","T","E","M","$","R","M","R","BOSS","M","?","?","M","M","R","E","R","T","?","E","M","E"],"build_version":"2019-01-23","purchased_purges":2,"victory":false,"max_hp_per_floor":[72,72,72,72,72,72,72,72,72,72,72,72,72,72,72,72,72,72,72,72,72,72,72,72,72,72,72,72,72,72],"card_choices":[{"not_picked":["Underhanded Strike","Distraction"],"picked":"Backstab","floor":1},{"not_picked":["Concentrate","Acrobatics"],"picked":"Well Laid Plans","floor":2},{"not_picked":["Dagger Spray","Flying Knee"],"picked":"Corpse Explosion","floor":3},{"not_picked":["Blade Dance","Concentrate"],"picked":"Slice","floor":4},{"not_picked":["Eviscerate","Blur"],"picked":"Terror","floor":7},{"not_picked":["Acrobatics","Dodge and Roll"],"picked":"Concentrate","floor":10},{"not_picked":["Deadly Poison","Blade Dance"],"picked":"Cloak And Dagger","floor":11},{"not_picked":["Predator","Deadly Poison"],"picked":"Dagger Throw","floor":14},{"not_picked":["Bullet Time","Phantasmal Killer"],"picked":"Wraith Form v2","floor":16},{"not_picked":["Poisoned Stab","Dagger Spray"],"picked":"PiercingWail","floor":17},{"not_picked":["Deflect","Sucker Punch"],"picked":"Escape Plan","floor":17},{"not_picked":["Underhanded Strike","Acrobatics"],"picked":"Cloak And Dagger","floor":17},{"not_picked":["Tactician","Acrobatics"],"picked":"Backflip","floor":17},{"not_picked":["Noxious Fumes","Choke"],"picked":"Outmaneuver","floor":18},{"not_picked":["PiercingWail","Backflip"],"picked":"Escape Plan","floor":21},{"not_picked":["Footwork","Bane"],"picked":"Corpse Explosion","floor":22},{"not_picked":["Predator","Flechettes","Accuracy"],"picked":"SKIP","floor":24},{"not_picked":["Blur","Deadly Poison"],"picked":"Infinite Blades+1","floor":28},{"not_picked":["Finisher","Sucker Punch","Poisoned Stab"],"picked":"SKIP","floor":29}],"player_experience":4999938,"relics_obtained":[{"floor":5,"key":"The Courier"},{"floor":9,"key":"Kunai"},{"floor":10,"key":"Darkstone Periapt"},{"floor":20,"key":"Enchiridion"},{"floor":24,"key":"Letter Opener"},{"floor":26,"key":"Paper Crane"},{"floor":28,"key":"Pantograph"}],"event_choices":[{"damage_healed":0,"gold_gain":0,"player_choice":"Obtained Book","damage_taken":21,"max_hp_gain":0,"max_hp_loss":0,"event_name":"Cursed Tome","floor":20,"gold_loss":0},{"damage_healed":0,"gold_gain":0,"player_choice":"Gave Potion","damage_taken":0,"relics_obtained":["Meat on the Bone"],"max_hp_gain":0,"max_hp_loss":0,"event_name":"WeMeetAgain","floor":27,"gold_loss":0}],"is_beta":false,"boss_relics":[{"not_picked":["White Beast Statue","Fusion Hammer"],"picked":"Orrery"}],"items_purged_floors":[12,19],"is_endless":false,"potions_floor_spawned":[2,3,4,16,21,24,29],"killed_by":"Slavers","ascension_level":20}