{"gold_per_floor":[362,375,389,406,70,70,88,88,140,140,159,188,208,225,225,225],"floor_reached":16,"playtime":512,"items_purged":["Regret"],"score":96,"play_id":"52ce8d2d-c9bb-4ad8-bf5a-0e15f0c7a4ae","local_time":"20190708011337","is_ascension_mode":false,"campfire_choices":[{"floor":6,"key":"REST"},{"data":"Bash","floor":10,"key":"SMITH"},{"floor":15,"key":"REST"}],"neow_cost":"CURSE","seed_source_timestamp":1426683215194295,"circlet_count":0,"master_deck":["Strike_R","Strike_R","Strike_R","Strike_R","Defend_R","Defend_R","Defend_R","Defend_R","Bash+1","Dropkick"],"relics":["Burning Blood","Shuriken","Lantern","Odd Mushroom"],"potions_floor_usage":[16,16],"damage_taken":[{"damage":9,"enemies":"Small Slimes","floor":1,"turns":4},{"damage":13,"enemies":"Jaw Worm","floor":2,"turns":7},{"damage":14,"enemies":"Cultist","floor":3,"turns":4},{"damage":31,"enemies":"Exordium Wildlife","floor":4,"turns":7},{"damage":0,"enemies":"Looter","floor":7,"turns":4},{"damage":3,"enemies":"2 Fungi Beasts","floor":11,"turns":4},{"damage":27,"enemies":"The Mushroom Lair","floor":12,"turns":6},{"damage":24,"enemies":"Large Slime","floor":13,"turns":8},{"damage":19,"enemies":"3 Louse","floor":14,"turns":5},{"damage":35,"enemies":"Slime Boss","floor":16,"turns":7}],"seed_played":"-8221539587318916104","potions_obtained":[{"floor":2,"key":"Swift Potion"},{"floor":11,"key":"GamblersBrew"},{"floor":12,"key":"Poison Potion"}],"is_trial":false,"path_per_floor":["M","M","M","M","$","R","M","?","T","R","M","?","M","M","R","B"],"character_chosen":"IRONCLAD","items_purchased":["Shuriken"],"campfire_rested":2,"item_purchase_floors":[5],"current_hp_per_floor":[77,70,62,37,37,61,67,60,60,60,63,42,24,11,35,0],"gold":225,"neow_bonus":"TWO_FIFTY_GOLD","is_prod":false,"is_daily":false,"chose_seed":false,"campfire_upgraded":1,"win_rate":0,"timestamp":1562544817,"path_taken":["M","M","M","M","$","R","M","?","T","R","M","?","M","M","R","BOSS"],"build_version":"2019-07-05","purchased_purges":1,"victory":false,"max_hp_per_floor":[80,80,80,80,80,80,80,80,80,80,80,80,80,80,80,80],"card_choices":[{"not_picked":["Pommel Strike","Iron Wave","Armaments"],"picked":"SKIP","floor":1},{"not_picked":["Body Slam","Pummel","Iron Wave"],"picked":"SKIP","floor":2},{"not_picked":["Heavy Blade","Feel No Pain","Dual Wield"],"picked":"SKIP","floor":3},{"not_picked":["Pommel Strike","Anger","Sentinel"],"picked":"SKIP","floor":4},{"not_picked":["Clash","Metallicize","Thunderclap"],"picked":"SKIP","floor":7},{"not_picked":["Sword Boomerang","Iron Wave","Cleave"],"picked":"SKIP","floor":11},{"not_picked":["Sever Soul","Hemokinesis"],"picked":"Dropkick","floor":13},{"not_picked":["Shrug It Off","Flame Barrier","Metallicize"],"picked":"SKIP","floor":14}],"player_experience":258709,"relics_obtained":[{"floor":9,"key":"Lantern"},{"floor":12,"key":"Odd Mushroom"}],"event_choices":[{"cards_removed":["Strike_R"],"damage_healed":0,"gold_gain":0,"player_choice":"Card Removal","damage_taken":7,"max_hp_gain":0,"max_hp_loss":0,"event_name":"Golden Wing","floor":8,"gold_loss":0},{"damage_healed":0,"gold_gain":0,"player_choice":"Fought Mushrooms","damage_taken":0,"max_hp_gain":0,"max_hp_loss":0,"event_name":"Mushrooms","floor":12,"gold_loss":0}],"is_beta":false,"boss_relics":[],"items_purged_floors":[5],"is_endless":false,"potions_floor_spawned":[2,11,12],"killed_by":"Slime Boss","ascension_level":0}