{"gold_per_floor":[115,115,125,200,270,304,322,355,378,378,378,393,405,434,434,534,534,552,552,572,572,73,104,115,140,140,140,174,184,184,201,201,298,298,314,314,1313,1329,1329,1329,1362,1362,1362,1397,842,861,481,493,493,493,493,493,33,66,66],"floor_reached":56,"playtime":4340,"items_purged":["Strike_R","Strike_R","Strike_R"],"score":1938,"play_id":"1570b928-0fb9-48d7-b113-0f2c7aef3803","local_time":"20190728171304","is_ascension_mode":true,"campfire_choices":[{"floor":10.0,"key":"REST"},{"data":"Armaments","floor":15.0,"key":"SMITH"},{"data":"Pain","floor":27.0,"key":"PURGE"},{"data":"Strike_R","floor":32.0,"key":"PURGE"},{"data":"Normality","floor":40.0,"key":"PURGE"},{"data":"Normality","floor":42.0,"key":"PURGE"},{"floor":49.0,"key":"RECALL"},{"data":"Doubt","floor":52.0,"key":"PURGE"}],"neow_cost":"NONE","seed_source_timestamp":11988864474312,"circlet_count":0,"master_deck":["Defend_R","Defend_R","Defend_R","Defend_R","Bash","Armaments+1","Uppercut","True Grit+1","Headbutt","Feel No Pain","Corruption","Armaments+1","Iron Wave","Demon Form","Battle Trance+1","Sword Boomerang","Reaper","Shrug It Off+1","Sentinel+1","Juggernaut","Dark Embrace","Shrug It Off+1","Necronomicurse","Barricade","Rage+1","Inflame","Bloodletting+1","Injury","Juggernaut","Master of Strategy+1","Armaments+1","Juggernaut","Warcry+1","Dual Wield+1","Feel No Pain","Rupture+1"],"special_seed":0,"relics":["Burning Blood","Toxic Egg 2","Peace Pipe","Blue Candle","Art of War","Cursed Key","Darkstone Periapt","Nloth\u0027s Gift","PreservedInsect","Bag of Preparation","Anchor","Lantern","Charon\u0027s Ashes","Ancient Tea Set","Necronomicon","Fusion Hammer","Regal Pillow","StoneCalendar","Mummified Hand","DollysMirror","Pantograph","Happy Flower"],"potions_floor_usage":[55,55],"damage_taken":[{"damage":2.0,"enemies":"Jaw Worm","floor":1.0,"turns":3.0},{"damage":0.0,"enemies":"Cultist","floor":3.0,"turns":2.0},{"damage":28.0,"enemies":"Gremlin Nob","floor":6.0,"turns":4.0},{"damage":5.0,"enemies":"Small Slimes","floor":7.0,"turns":2.0},{"damage":30.0,"enemies":"3 Sentries","floor":8.0,"turns":10.0},{"damage":0.0,"enemies":"Red Slaver","floor":12.0,"turns":5.0},{"damage":5.0,"enemies":"Looter","floor":13.0,"turns":4.0},{"damage":0.0,"enemies":"Gremlin Nob","floor":14.0,"turns":2.0},{"damage":32.0,"enemies":"The Guardian","floor":16.0,"turns":15.0},{"damage":8.0,"enemies":"Shell Parasite","floor":18.0,"turns":7.0},{"damage":16.0,"enemies":"Spheric Guardian","floor":20.0,"turns":5.0},{"damage":17.0,"enemies":"Slavers","floor":23.0,"turns":7.0},{"damage":22.0,"enemies":"Snake Plant","floor":24.0,"turns":4.0},{"damage":1.0,"enemies":"Book of Stabbing","floor":25.0,"turns":4.0},{"damage":9.0,"enemies":"Gremlin Leader","floor":28.0,"turns":3.0},{"damage":14.0,"enemies":"Snecko","floor":29.0,"turns":4.0},{"damage":9.0,"enemies":"Centurion and Healer","floor":31.0,"turns":4.0},{"damage":25.0,"enemies":"Champ","floor":33.0,"turns":8.0},{"damage":15.0,"enemies":"3 Shapes","floor":35.0,"turns":5.0},{"damage":2.0,"enemies":"3 Darklings","floor":38.0,"turns":4.0},{"damage":2.0,"enemies":"Nemesis","floor":41.0,"turns":5.0},{"damage":5.0,"enemies":"Giant Head","floor":44.0,"turns":5.0},{"damage":69.0,"enemies":"Transient","floor":46.0,"turns":1.0},{"damage":7.0,"enemies":"4 Shapes","floor":48.0,"turns":3.0},{"damage":4.0,"enemies":"Awakened One","floor":50.0,"turns":5.0},{"damage":5.0,"enemies":"Shield and Spear","floor":54.0,"turns":3.0},{"damage":88,"enemies":"The Heart","floor":55,"turns":6}],"seed_played":"6466933733548707586","potions_obtained":[{"floor":7.0,"key":"Poison Potion"},{"floor":8.0,"key":"Swift Potion"},{"floor":11.0,"key":"AttackPotion"},{"floor":11.0,"key":"Fruit Juice"},{"floor":11.0,"key":"Ancient Potion"},{"floor":13.0,"key":"EssenceOfSteel"},{"floor":16.0,"key":"Strength Potion"},{"floor":18.0,"key":"Poison Potion"},{"floor":23.0,"key":"Poison Potion"},{"floor":24.0,"key":"Explosive Potion"},{"floor":35.0,"key":"Dexterity Potion"},{"floor":38.0,"key":"LiquidBronze"},{"floor":44.0,"key":"Strength Potion"}],"is_trial":false,"path_per_floor":["M","?","M","?","T","E","M","E","T","R","?","M","M","E","R","B",null,"M","T","M","?","$","E","M","E","T","R","E","M","?","M","R","B",null,"M","?","?","M","?","R","E","R","T","E","$","M","$","M","R","B",null,"R","$","E","B",null],"character_chosen":"IRONCLAD","items_purchased":["Reaper","PreservedInsect","Bag of Preparation","Shrug It Off+1","Mummified Hand","Master of Strategy+1","Swift Potion","DollysMirror","PowerPotion","Fire Potion","Dual Wield+1","Pantograph","Feel No Pain","FearPotion"],"campfire_rested":1,"item_purchase_floors":[22,22,22,22,45,45,45,47,47,53,53,53,53,53],"current_hp_per_floor":[76,76,80,69,69,47,48,24,24,48,53,59,60,66,66,40,74,72,72,62,62,62,57,46,51,57,57,81,83,73,70,70,79,93,97,97,109,109,119,119,119,119,125,125,125,65,65,112,112,125,125,125,125,125,43],"gold":66,"neow_bonus":"ONE_RANDOM_RARE_CARD","is_prod":false,"is_daily":false,"chose_seed":false,"campfire_upgraded":1,"win_rate":0,"timestamp":1564326784,"path_taken":["M","?","?","?","?","E","?","E","T","R","?","?","M","E","R","BOSS","M","?","?","?","$","E","?","E","T","R","E","M","?","M","R","BOSS","M","?","?","M","?","R","E","R","T","E","$","M","$","M","R","BOSS","R","$","E","BOSS"],"build_version":"2019-07-17","purchased_purges":3,"victory":true,"max_hp_per_floor":[80,80,80,80,80,80,80,80,80,80,85,85,85,85,85,85,85,85,85,85,85,85,85,85,85,91,91,91,91,97,97,97,97,97,97,97,109,109,119,119,119,119,125,125,125,125,125,125,125,125,125,125,125,125,125],"card_choices":[{"not_picked":["Perfected Strike","Cleave"],"picked":"Armaments","floor":1.0},{"not_picked":["Inflame","Second Wind"],"picked":"Uppercut","floor":3.0},{"not_picked":["Clothesline","Rage+1"],"picked":"True Grit+1","floor":6.0},{"not_picked":["Havoc+1","Blood for Blood"],"picked":"Headbutt","floor":7.0},{"not_picked":["Pommel Strike","Heavy Blade"],"picked":"Feel No Pain","floor":8.0},{"not_picked":["Clothesline","Twin Strike"],"picked":"Corruption","floor":12.0},{"not_picked":["Havoc+1","Wild Strike"],"picked":"Armaments+1","floor":13.0},{"not_picked":["Anger","Infernal Blade+1"],"picked":"Iron Wave","floor":14.0},{"not_picked":["Berserk","Offering+1"],"picked":"Demon Form","floor":16.0},{"not_picked":["Rampage","Headbutt+1"],"picked":"Battle Trance+1","floor":18.0},{"not_picked":["Bloodletting+1","Warcry+1"],"picked":"Sword Boomerang","floor":20.0},{"not_picked":["Headbutt","Searing Blow+1"],"picked":"Sentinel+1","floor":23.0},{"not_picked":["Shockwave+1","Corruption"],"picked":"Juggernaut","floor":24.0},{"not_picked":["Carnage","Sword Boomerang+1"],"picked":"Dark Embrace","floor":25.0},{"not_picked":["Spot Weakness+1","Reckless Charge"],"picked":"Shrug It Off+1","floor":28.0},{"not_picked":["Flex+1","Cleave","Reckless Charge+1"],"picked":"SKIP","floor":29.0},{"not_picked":["Juggernaut","Cleave","Iron Wave"],"picked":"SKIP","floor":31.0},{"not_picked":["Feed","Reaper"],"picked":"Barricade","floor":33.0},{"not_picked":["Anger+1","Warcry+1"],"picked":"Rage+1","floor":35.0},{"not_picked":["Warcry+1","Havoc+1"],"picked":"Inflame","floor":38.0},{"not_picked":["Headbutt","Dark Embrace"],"picked":"Bloodletting+1","floor":41.0},{"not_picked":["Headbutt","Blood for Blood+1"],"picked":"Juggernaut","floor":44.0},{"not_picked":["Iron Wave","Cleave+1"],"picked":"Armaments+1","floor":46.0},{"not_picked":["Metallicize+1","Twin Strike+1"],"picked":"Warcry+1","floor":48.0},{"not_picked":["Brutality","Disarm+1"],"picked":"Rupture+1","floor":54.0}],"player_experience":366611,"relics_obtained":[{"floor":5.0,"key":"Toxic Egg 2"},{"floor":6.0,"key":"Peace Pipe"},{"floor":8.0,"key":"Blue Candle"},{"floor":9.0,"key":"Orichalcum"},{"floor":14.0,"key":"Art of War"},{"floor":19.0,"key":"Darkstone Periapt"},{"floor":23.0,"key":"Anchor"},{"floor":25.0,"key":"Lantern"},{"floor":26.0,"key":"Charon\u0027s Ashes"},{"floor":28.0,"key":"Ancient Tea Set"},{"floor":30.0,"key":"Necronomicon"},{"floor":41.0,"key":"Regal Pillow"},{"floor":44.0,"key":"StoneCalendar"},{"floor":54.0,"key":"Happy Flower"}],"event_choices":[{"cards_removed":["Strike_R"],"damage_healed":0.0,"max_hp_gain":0.0,"max_hp_loss":0.0,"gold_gain":0.0,"event_name":"Purifier","player_choice":"Purged","floor":2.0,"gold_loss":0.0,"damage_taken":0.0},{"damage_healed":0.0,"max_hp_gain":0.0,"max_hp_loss":0.0,"gold_gain":75.0,"event_name":"World of Goop","player_choice":"Gather Gold","floor":4.0,"gold_loss":0.0,"damage_taken":11.0},{"damage_healed":0.0,"max_hp_gain":0.0,"max_hp_loss":0.0,"gold_gain":0.0,"event_name":"Lab","player_choice":"Got Potions","floor":11.0,"gold_loss":0.0,"damage_taken":0.0},{"damage_healed":0.0,"max_hp_gain":0.0,"max_hp_loss":0.0,"gold_gain":0.0,"event_name":"N\u0027loth","player_choice":"Traded Relic","floor":21.0,"relics_lost":["Orichalcum"],"gold_loss":0.0,"damage_taken":0.0,"relics_obtained":["Nloth\u0027s Gift"]},{"damage_healed":0.0,"max_hp_gain":0.0,"max_hp_loss":0.0,"gold_gain":0.0,"event_name":"Cursed Tome","player_choice":"Obtained Book","floor":30.0,"gold_loss":0.0,"damage_taken":16.0},{"damage_healed":0.0,"max_hp_gain":0.0,"max_hp_loss":0.0,"gold_gain":0.0,"event_name":"Tomb of Lord Red Mask","player_choice":"Ignored","floor":36.0,"gold_loss":0.0,"damage_taken":0.0},{"damage_healed":0.0,"max_hp_gain":0.0,"max_hp_loss":0.0,"gold_gain":999.0,"event_name":"MindBloom","player_choice":"Gold","floor":37.0,"gold_loss":0.0,"damage_taken":0.0,"cards_obtained":["Normality","Normality"]},{"cards_removed":["Bludgeon"],"damage_healed":0.0,"max_hp_gain":10.0,"max_hp_loss":0.0,"gold_gain":0.0,"event_name":"Bonfire Elementals","player_choice":"Offered Rare","floor":39.0,"gold_loss":0.0,"damage_taken":0.0}],"is_beta":false,"boss_relics":[{"not_picked":["Tiny House","Lizard Tail"],"picked":"Cursed Key"},{"not_picked":["Mark of Pain","Runic Dome"],"picked":"Fusion Hammer"}],"items_purged_floors":[22,45,47],"is_endless":false,"potions_floor_spawned":[7,8,13,16,18,23,24,35,38,44],"ascension_level":7}