{"gold_per_floor":[109,34,34,44,44,44,57,57,137,150,150,180,198,198],"floor_reached":14,"playtime":194,"items_purged":[],"score":180,"play_id":"4759c041-68ac-43f0-addf-969ad95120ba","local_time":"20190708014216","is_ascension_mode":true,"campfire_choices":[{"data":"Hologram","floor":6,"key":"SMITH"},{"data":"Zap","floor":8,"key":"SMITH"},{"data":"Dualcast","floor":11,"key":"SMITH"}],"neow_cost":"NONE","seed_source_timestamp":442461520809400,"circlet_count":0,"master_deck":["AscendersBane","Strike_B","Strike_B","Strike_B","Defend_B","Defend_B","Defend_B","Defend_B","Zap+1","Dualcast+1","Gash","Hologram+1","Meteor Strike","Glacier+1","Double Energy+1"],"relics":["Cracked Core","NeowsBlessing","FaceOfCleric","Toxic Egg 2","Lantern"],"potions_floor_usage":[12,12],"damage_taken":[{"damage":0,"enemies":"2 Louse","floor":1,"turns":1},{"damage":0,"enemies":"Small Slimes","floor":4,"turns":1},{"damage":0,"enemies":"Cultist","floor":7,"turns":1},{"damage":2,"enemies":"Looter","floor":10,"turns":3},{"damage":58,"enemies":"Gremlin Nob","floor":12,"turns":5},{"damage":7,"enemies":"Exordium Wildlife","floor":13,"turns":4},{"damage":6,"enemies":"3 Sentries","floor":14,"turns":2}],"seed_played":"-3255700461578157299","potions_obtained":[{"floor":1,"key":"PowerPotion"},{"floor":7,"key":"PowerPotion"},{"floor":13,"key":"Poison Potion"}],"is_trial":false,"path_per_floor":["M","?","?","M","?","R","M","R","T","M","R","E","M","E"],"character_chosen":"DEFECT","items_purchased":[],"campfire_rested":0,"item_purchase_floors":[],"current_hp_per_floor":[64,64,64,65,65,65,66,66,66,65,65,8,2,0],"gold":198,"neow_bonus":"THREE_ENEMY_KILL","is_prod":false,"is_daily":false,"chose_seed":false,"campfire_upgraded":3,"win_rate":0,"timestamp":1562517736,"path_taken":["M","?","?","?","?","R","M","R","T","M","R","E","M","E"],"build_version":"2019-07-05","purchased_purges":0,"victory":false,"max_hp_per_floor":[71,71,71,72,72,72,73,73,73,74,74,75,76,76],"card_choices":[{"not_picked":["Skim","Force Field"],"picked":"Gash","floor":1},{"not_picked":["Turbo","Stack"],"picked":"Hologram","floor":4},{"not_picked":["Chill","Stack"],"picked":"Meteor Strike","floor":7},{"not_picked":["Reprogram+1","Beam Cell"],"picked":"Glacier+1","floor":10},{"not_picked":["Compile Driver","Steam+1","Stack+1"],"picked":"SKIP","floor":12},{"not_picked":["Hello World","Skim+1"],"picked":"Double Energy+1","floor":13}],"player_experience":5614596,"relics_obtained":[{"floor":9,"key":"Toxic Egg 2"},{"floor":12,"key":"Lantern"}],"event_choices":[{"cards_removed":["Strike_B"],"damage_healed":0,"gold_gain":0,"player_choice":"Card Removal","damage_taken":0,"max_hp_gain":0,"max_hp_loss":0,"event_name":"The Cleric","floor":2,"gold_loss":75},{"damage_healed":0,"gold_gain":0,"player_choice":"Trade","damage_taken":0,"relics_obtained":["FaceOfCleric"],"max_hp_gain":0,"max_hp_loss":0,"event_name":"FaceTrader","floor":3,"gold_loss":0},{"damage_healed":0,"gold_gain":0,"player_choice":"Ignored","damage_taken":0,"max_hp_gain":0,"max_hp_loss":0,"event_name":"Liars Game","floor":5,"gold_loss":0}],"is_beta":false,"boss_relics":[],"items_purged_floors":[],"is_endless":false,"potions_floor_spawned":[1,7,13],"killed_by":"3 Sentries","ascension_level":20}