{"gold_per_floor":[119,119,133,148,166,166,13,13,13,43,43,61,61,76,76,154,154,114,114,114,14,14,14,39,39,88,88],"floor_reached":27,"playtime":807,"items_purged":["Strike_G","Strike_G"],"score":438,"play_id":"83c29132-7cf9-4f39-8b98-e554a79fa3a8","local_time":"20190515035624","is_ascension_mode":true,"campfire_choices":[{"data":"Neutralize","floor":6,"key":"SMITH"},{"data":"Bouncing Flask","floor":8,"key":"SMITH"},{"data":"Quick Slash","floor":11,"key":"SMITH"},{"data":"Concentrate","floor":13,"key":"SMITH"},{"floor":15,"key":"REST"},{"floor":23,"key":"REST"},{"floor":25,"key":"REST"}],"neow_cost":"TEN_PERCENT_HP_LOSS","seed_source_timestamp":812860273784300,"circlet_count":0,"master_deck":["AscendersBane","Defend_G","Defend_G","Defend_G","Defend_G","Strike_G","Strike_G","Survivor","Neutralize+1","Quick Slash+1","Leg Sweep+1","Acrobatics","Backstab","Bouncing Flask+1","Concentrate+1","Acrobatics","Burst","Caltrops+1","Deflect","Burst","Leg Sweep"],"relics":["Ring of the Snake","StoneCalendar","Velvet Choker","Nilry\u0027s Codex","Darkstone Periapt","Ancient Tea Set"],"potions_floor_usage":[10,16],"damage_taken":[{"damage":12,"enemies":"Cultist","floor":1,"turns":6},{"damage":7,"enemies":"Small Slimes","floor":3,"turns":4},{"damage":4,"enemies":"Jaw Worm","floor":4,"turns":7},{"damage":7,"enemies":"2 Fungi Beasts","floor":5,"turns":6},{"damage":0,"enemies":"Gremlin Nob","floor":10,"turns":2},{"damage":3,"enemies":"Exordium Thugs","floor":12,"turns":3},{"damage":18,"enemies":"Exordium Wildlife","floor":14,"turns":6},{"damage":23,"enemies":"Slime Boss","floor":16,"turns":7},{"damage":21,"enemies":"2 Thieves","floor":18,"turns":5},{"damage":9,"enemies":"Book of Stabbing","floor":24,"turns":6},{"damage":49,"enemies":"Gremlin Leader","floor":27,"turns":6}],"seed_played":"3260621111273102254","potions_obtained":[{"floor":5,"key":"SmokeBomb"},{"floor":12,"key":"EssenceOfSteel"},{"floor":16,"key":"SpeedPotion"},{"floor":18,"key":"GhostInAJar"}],"is_trial":false,"path_per_floor":["M","?","M","M","M","R","$","R","T","?","R","M","R","M","R","B",null,"M","?","?","$","?","R","E","R","T","E"],"character_chosen":"THE_SILENT","items_purchased":["Bouncing Flask"],"campfire_rested":3,"item_purchase_floors":[7],"current_hp_per_floor":[47,52,45,41,34,34,34,34,34,34,34,31,31,13,32,9,51,30,9,9,9,9,28,19,38,38,0],"gold":88,"neow_bonus":"ONE_RARE_RELIC","is_prod":false,"is_daily":false,"chose_seed":false,"campfire_upgraded":4,"win_rate":0,"timestamp":1557860184,"path_taken":["M","?","M","M","M","R","$","R","T","?","R","M","R","M","R","BOSS","M","?","?","$","?","R","E","R","T","E"],"build_version":"2019-01-23","purchased_purges":2,"victory":false,"max_hp_per_floor":[60,65,65,65,65,65,65,65,65,65,65,65,65,65,65,65,65,65,65,65,65,65,65,65,65,65,65],"card_choices":[{"not_picked":["Deadly Poison","Prepared"],"picked":"Quick Slash","floor":1},{"not_picked":["Setup","Outmaneuver"],"picked":"Leg Sweep","floor":3},{"not_picked":["Sucker Punch","Prepared"],"picked":"Acrobatics","floor":4},{"not_picked":["Deadly Poison","Distraction"],"picked":"Backstab","floor":5},{"not_picked":["Flying Knee","PiercingWail"],"picked":"Concentrate","floor":12},{"not_picked":["Tools of the Trade","Cloak And Dagger"],"picked":"Acrobatics","floor":14},{"not_picked":["Die Die Die","Phantasmal Killer"],"picked":"Burst","floor":16},{"not_picked":["Dagger Throw","Quick Slash"],"picked":"Caltrops+1","floor":18},{"not_picked":["Finisher","Bane"],"picked":"Leg Sweep","floor":24}],"player_experience":5029366,"relics_obtained":[{"floor":19,"key":"Nilry\u0027s Codex"},{"floor":24,"key":"Darkstone Periapt"},{"floor":26,"key":"Ancient Tea Set"}],"event_choices":[{"damage_healed":0,"gold_gain":0,"player_choice":"Donut","damage_taken":0,"max_hp_gain":5,"max_hp_loss":0,"event_name":"Big Fish","floor":2,"gold_loss":0},{"damage_healed":0,"gold_gain":30,"player_choice":"Searched \u00272\u0027 times","damage_taken":0,"max_hp_gain":0,"max_hp_loss":0,"event_name":"Dead Adventurer","floor":10,"gold_loss":0},{"damage_healed":0,"gold_gain":0,"player_choice":"Obtained Book","damage_taken":21,"max_hp_gain":0,"max_hp_loss":0,"event_name":"Cursed Tome","floor":19,"gold_loss":0},{"damage_healed":0,"gold_gain":0,"cards_transformed":["Strike_G","Defend_G"],"player_choice":"Became Test Subject","damage_taken":0,"max_hp_gain":0,"max_hp_loss":0,"event_name":"Drug Dealer","floor":20,"gold_loss":0,"cards_obtained":["Deflect","Burst"]},{"damage_healed":0,"gold_gain":0,"player_choice":"Upgraded","damage_taken":0,"max_hp_gain":0,"max_hp_loss":0,"event_name":"Upgrade Shrine","floor":22,"gold_loss":0,"cards_upgraded":["Leg Sweep"]}],"is_beta":false,"boss_relics":[{"not_picked":["White Beast Statue","Runic Dome"],"picked":"Velvet Choker"}],"items_purged_floors":[7,21],"is_endless":false,"potions_floor_spawned":[5,12,16,18,24],"killed_by":"Gremlin Leader","ascension_level":20}