{"gold_per_floor":[114,114,132,152,152,180,198,229,229,229,260,277,277,287,287,365,365,378,393,283,158,83,110,110,135,135,146,159,59,86,1,1,74,74,87,87,139,154,29,59,59,74,74,84,27,43,55,85,85,85,85,85,85,85,115,115],"floor_reached":57,"playtime":2863,"items_purged":["Strike_B","Defend_B","Defend_B"],"score":2869,"play_id":"b68f715a-dc9f-4e73-8b49-6ddcf9c1ebc7","local_time":"20190623031909","is_ascension_mode":true,"campfire_choices":[{"data":"Gash","floor":13.0,"key":"SMITH"},{"data":"Gash","floor":15.0,"key":"SMITH"},{"data":"Go for the Eyes","floor":24.0,"key":"SMITH"},{"floor":32.0,"key":"RECALL"},{"data":"FTL","floor":41.0,"key":"SMITH"},{"data":"Beam Cell","floor":49.0,"key":"SMITH"},{"data":"Defend_B","floor":53.0,"key":"SMITH"}],"neow_cost":"","seed_source_timestamp":371402385006100,"circlet_count":0,"master_deck":["Defend_B+1","Defend_B","Gash+1","FTL+1","Cold Snap","Genetic Algorithm+1","Fusion+1","Compile Driver+1","Gash+1","All For One+1","Hologram+1","Go for the Eyes+1","Self Repair+1","Seek+1","Coolheaded+1","Multi-Cast+1","Recycle+1","Steam+1","Leap+1","Beam Cell+1","Steam Power+1","Machine Learning+1","Seek+1","Hologram+1"],"special_seed":0,"relics":["Cracked Core","Kunai","Shuriken","Ninja Scroll","Oddly Smooth Stone","Bronze Scales","Toxic Egg 2","Pantograph","Frozen Egg 2","Sozu","Juzu Bracelet","Vajra","Sundial","Red Mask","DataDisk","Eternal Feather","Pocketwatch","Boot","Molten Egg 2","Whetstone"],"potions_floor_usage":[56],"damage_taken":[{"damage":0.0,"enemies":"Small Slimes","floor":1.0,"turns":2.0},{"damage":0.0,"enemies":"Cultist","floor":3.0,"turns":2.0},{"damage":0.0,"enemies":"Jaw Worm","floor":4.0,"turns":3.0},{"damage":24.0,"enemies":"Lagavulin","floor":6.0,"turns":4.0},{"damage":0.0,"enemies":"Exordium Thugs","floor":7.0,"turns":3.0},{"damage":2.0,"enemies":"Gremlin Nob","floor":8.0,"turns":3.0},{"damage":12.0,"enemies":"3 Sentries","floor":11.0,"turns":7.0},{"damage":0.0,"enemies":"Large Slime","floor":12.0,"turns":5.0},{"damage":0.0,"enemies":"3 Louse","floor":14.0,"turns":3.0},{"damage":0.0,"enemies":"Hexaghost","floor":16.0,"turns":6.0},{"damage":2.0,"enemies":"Shell Parasite","floor":18.0,"turns":3.0},{"damage":1.0,"enemies":"3 Byrds","floor":19.0,"turns":3.0},{"damage":9.0,"enemies":"Gremlin Leader","floor":23.0,"turns":4.0},{"damage":4.0,"enemies":"Slavers","floor":25.0,"turns":3.0},{"damage":3.0,"enemies":"Shelled Parasite and Fungi","floor":27.0,"turns":3.0},{"damage":0.0,"enemies":"3 Cultists","floor":28.0,"turns":4.0},{"damage":0.0,"enemies":"Masked Bandits","floor":30.0,"turns":2.0},{"damage":20.0,"enemies":"Collector","floor":33.0,"turns":7.0},{"damage":0.0,"enemies":"3 Darklings","floor":35.0,"turns":4.0},{"damage":4.0,"enemies":"2 Orb Walkers","floor":37.0,"turns":4.0},{"damage":0.0,"enemies":"3 Shapes","floor":38.0,"turns":4.0},{"damage":0.0,"enemies":"Reptomancer","floor":40.0,"turns":4.0},{"damage":4.0,"enemies":"Spire Growth","floor":42.0,"turns":4.0},{"damage":3.0,"enemies":"Writhing Mass","floor":44.0,"turns":4.0},{"damage":0.0,"enemies":"Sphere and 2 Shapes","floor":46.0,"turns":3.0},{"damage":0.0,"enemies":"Jaw Worm Horde","floor":47.0,"turns":2.0},{"damage":0.0,"enemies":"Nemesis","floor":48.0,"turns":3.0},{"damage":3.0,"enemies":"Awakened One","floor":50.0,"turns":6.0},{"damage":28.0,"enemies":"Time Eater","floor":51.0,"turns":10.0},{"damage":35.0,"enemies":"Shield and Spear","floor":55.0,"turns":5.0},{"damage":56,"enemies":"The Heart","floor":56,"turns":9}],"seed_played":"2814621712072918017","potions_obtained":[{"floor":3.0,"key":"FocusPotion"},{"floor":4.0,"key":"SteroidPotion"},{"floor":6.0,"key":"EssenceOfSteel"},{"floor":12.0,"key":"Fire Potion"}],"is_trial":true,"path_per_floor":["M","?","M","M","?","E","M","E","T","?","E","M","R","M","R","B",null,"M","M","?","$","?","E","R","E","T","M","M","$","?","?","R","B",null,"M","?","?","M","$","E","R","M","T","M","$","M","M","E","R","B","B",null,"R","$","E","B",null],"character_chosen":"DEFECT","items_purchased":["Hologram+1","Beam Cell"],"campfire_rested":0,"item_purchase_floors":[21,45],"current_hp_per_floor":[64,46,46,46,46,22,22,20,20,20,8,8,8,8,8,33,62,60,59,59,59,59,50,50,46,46,43,43,43,43,43,43,58,68,71,71,71,71,71,71,71,71,71,71,71,71,71,71,71,71,53,67,71,71,36,15],"gold":115,"neow_bonus":"","is_prod":false,"is_daily":false,"chose_seed":false,"campfire_upgraded":6,"win_rate":0,"timestamp":1561227549,"path_taken":["M","?","M","M","?","E","M","E","T","?","E","M","R","M","R","BOSS","M","?","?","?","?","E","R","E","T","M","M","$","?","?","R","BOSS","M","?","?","M","$","E","R","M","T","M","$","M","M","E","R","BOSS","BOSS","R","$","E","BOSS"],"build_version":"2019-01-23","purchased_purges":3,"victory":true,"max_hp_per_floor":[71,71,71,71,71,71,71,71,71,71,71,71,71,71,71,71,71,71,71,71,71,71,71,71,71,71,71,71,71,71,71,71,71,71,71,71,71,71,71,71,71,71,71,71,71,71,71,71,71,71,71,71,71,71,71,71],"card_choices":[{"not_picked":["Compile Driver","Barrage"],"picked":"Gash","floor":1.0},{"not_picked":["Stack","Force Field","Coolheaded"],"picked":"SKIP","floor":3.0},{"not_picked":["Turbo","Steam","Barrage"],"picked":"SKIP","floor":4.0},{"not_picked":["Rip and Tear","Meteor Strike"],"picked":"FTL","floor":6.0},{"not_picked":["Coolheaded","Doom and Gloom"],"picked":"Cold Snap","floor":7.0},{"not_picked":["Force Field","Meteor Strike"],"picked":"Genetic Algorithm","floor":8.0},{"not_picked":["Thunder Strike","Lockon"],"picked":"Fusion+1","floor":11.0},{"not_picked":["Ball Lightning","Heatsinks+1"],"picked":"Compile Driver","floor":12.0},{"not_picked":["Lockon","Rip and Tear"],"picked":"Gash","floor":14.0},{"not_picked":["Electrodynamics+1","Multi-Cast+1"],"picked":"All For One","floor":16.0},{"not_picked":["Compile Driver","Rebound","Stack+1"],"picked":"SKIP","floor":18.0},{"not_picked":["Compile Driver","Rebound","Stack+1"],"picked":"SKIP","floor":18.0},{"not_picked":["Conserve Battery+1","Sweeping Beam","Turbo+1"],"picked":"SKIP","floor":19.0},{"not_picked":["Compile Driver","Fusion+1"],"picked":"Go for the Eyes","floor":23.0},{"not_picked":["Double Energy+1","Beam Cell","Leap+1"],"picked":"SKIP","floor":25.0},{"not_picked":["Leap+1","Sweeping Beam","Glacier+1"],"picked":"SKIP","floor":27.0},{"not_picked":["Rip and Tear","Sweeping Beam","Hologram+1"],"picked":"SKIP","floor":28.0},{"not_picked":["Streamline","FTL"],"picked":"Self Repair+1","floor":30.0},{"not_picked":["Hyperbeam","Rainbow+1"],"picked":"Seek+1","floor":33.0},{"not_picked":["Beam Cell","Redo+1"],"picked":"Coolheaded+1","floor":35.0},{"not_picked":["Go for the Eyes","Thunder Strike"],"picked":"Recycle+1","floor":37.0},{"not_picked":["Loop+1","Reprogram+1","Streamline"],"picked":"SKIP","floor":38.0},{"not_picked":["Storm+1","Conserve Battery+1","Turbo+1"],"picked":"SKIP","floor":40.0},{"not_picked":["Force Field+1","Beam Cell"],"picked":"Steam+1","floor":42.0},{"not_picked":["White Noise+1","Storm+1","Leap+1"],"picked":"SKIP","floor":44.0},{"not_picked":["White Noise+1","Storm+1"],"picked":"Leap+1","floor":44.0},{"not_picked":["Hello World+1","Streamline"],"picked":"Steam Power+1","floor":46.0},{"not_picked":["Streamline","Go for the Eyes+1"],"picked":"Machine Learning+1","floor":47.0},{"not_picked":["Leap+1","Beam Cell"],"picked":"Seek+1","floor":48.0},{"not_picked":["Beam Cell+1","Conserve Battery+1"],"picked":"Hologram+1","floor":55.0}],"player_experience":5460563,"relics_obtained":[{"floor":6.0,"key":"Bronze Scales"},{"floor":8.0,"key":"Toxic Egg 2"},{"floor":9.0,"key":"Pantograph"},{"floor":11.0,"key":"Frozen Egg 2"},{"floor":23.0,"key":"Juzu Bracelet"},{"floor":25.0,"key":"Vajra"},{"floor":26.0,"key":"Sundial"},{"floor":30.0,"key":"Red Mask"},{"floor":37.0,"key":"Pocketwatch"},{"floor":40.0,"key":"Boot"},{"floor":48.0,"key":"Molten Egg 2"},{"floor":55.0,"key":"Whetstone"}],"event_choices":[{"damage_healed":0.0,"max_hp_gain":0.0,"max_hp_loss":0.0,"gold_gain":0.0,"event_name":"Scrap Ooze","player_choice":"Success","floor":2.0,"gold_loss":0.0,"damage_taken":18.0,"relics_obtained":["Oddly Smooth Stone"]},{"damage_healed":0.0,"max_hp_gain":0.0,"max_hp_loss":0.0,"gold_gain":0.0,"event_name":"Liars Game","player_choice":"Ignored","floor":5.0,"gold_loss":0.0,"damage_taken":0.0},{"cards_removed":["Strike_B"],"damage_healed":0.0,"max_hp_gain":0.0,"max_hp_loss":0.0,"gold_gain":0.0,"event_name":"Purifier","player_choice":"Purged","floor":10.0,"gold_loss":0.0,"damage_taken":0.0},{"cards_removed":["Strike_B"],"damage_healed":0.0,"max_hp_gain":0.0,"max_hp_loss":0.0,"gold_gain":0.0,"event_name":"Designer","player_choice":"Upgrade and Remove","floor":20.0,"gold_loss":110.0,"damage_taken":0.0,"cards_upgraded":["Strike_B"]},{"cards_removed":["Strike_B"],"damage_healed":0.0,"max_hp_gain":0.0,"max_hp_loss":0.0,"gold_gain":0.0,"event_name":"Beggar","player_choice":"Gave Gold","floor":22.0,"gold_loss":75.0,"damage_taken":0.0},{"damage_healed":0.0,"max_hp_gain":0.0,"max_hp_loss":0.0,"gold_gain":0.0,"event_name":"Masked Bandits","player_choice":"Fought Bandits","floor":30.0,"gold_loss":0.0,"damage_taken":0.0},{"damage_healed":0.0,"max_hp_gain":0.0,"max_hp_loss":0.0,"gold_gain":0.0,"event_name":"Addict","player_choice":"Obtained Relic","floor":31.0,"gold_loss":85.0,"damage_taken":0.0,"relics_obtained":["DataDisk"]},{"damage_healed":0.0,"max_hp_gain":0.0,"max_hp_loss":0.0,"gold_gain":0.0,"cards_transformed":["Feel No Pain"],"event_name":"Transmorgrifier","player_choice":"Transformed","floor":36.0,"gold_loss":0.0,"damage_taken":0.0,"cards_obtained":["Multi-Cast"]},{"damage_healed":0.0,"max_hp_gain":0.0,"max_hp_loss":0.0,"gold_gain":0.0,"event_name":"Mysterious Sphere","player_choice":"Fight","floor":37.0,"gold_loss":0.0,"damage_taken":0.0}],"is_beta":false,"boss_relics":[{"not_picked":["Runic Dome","FrozenCore"],"picked":"Sozu"},{"not_picked":["Velvet Choker","Calling Bell"],"picked":"Eternal Feather"}],"items_purged_floors":[21,29,39],"is_endless":false,"potions_floor_spawned":[3,4,6,12,14,18,25,27,33,37,40,42,48,55],"ascension_level":20}