{"gold_per_floor":[110,129,144,156,176,176,251,263,315,315,375,375,410,424,424,495,495,514,531,531,559,559,559,67,67,67,97,126,138,179,202,214,297,309,332,126,145,157,379,409,409,420,420,420,451,467,467,484,484,484,484],"floor_reached":51,"playtime":3427,"items_purged":["Bludgeon","Twin Strike"],"score":1437,"play_id":"dcc2fd12-7465-4ade-a0fd-4ca351c363c2","local_time":"20190705021140","is_ascension_mode":true,"campfire_choices":[{"data":"Flex","floor":6.0,"key":"SMITH"},{"data":"Battle Trance","floor":12.0,"key":"SMITH"},{"data":"Body Slam","floor":15.0,"key":"SMITH"},{"data":"Double Tap","floor":23.0,"key":"SMITH"},{"data":"Burning Pact","floor":29.0,"key":"SMITH"},{"floor":32.0,"key":"REST"},{"data":"True Grit","floor":44.0,"key":"SMITH"},{"floor":47.0,"key":"RECALL"},{"data":"Dropkick","floor":49.0,"key":"SMITH"}],"neow_cost":"PERCENT_DAMAGE","seed_source_timestamp":181533157342700,"circlet_count":0,"master_deck":["AscendersBane","Bash","Seeing Red","Flex+1","Wild Strike","Battle Trance+1","Uppercut+1","Shrug It Off","Double Tap+1","Body Slam+1","Immolate","Thunderclap","Shockwave","Carnage","Shrug It Off","Dropkick+1","Evolve","Master of Strategy","Burning Pact+1","Bloodletting","Sentinel","Offering","Reaper","True Grit+1","True Grit+1","Doubt"],"special_seed":0,"relics":["Burning Blood","Strawberry","Ancient Tea Set","Bottled Lightning","Pandora\u0027s Box","Red Mask","Membership Card","Centennial Puzzle","MawBank","Pen Nib","Cursed Key","Singing Bowl","Magic Flower","Juzu Bracelet"],"potions_floor_usage":[],"damage_taken":[{"damage":0.0,"enemies":"2 Louse","floor":1.0,"turns":4.0},{"damage":2.0,"enemies":"Small Slimes","floor":2.0,"turns":3.0},{"damage":7.0,"enemies":"Jaw Worm","floor":3.0,"turns":2.0},{"damage":3.0,"enemies":"2 Fungi Beasts","floor":4.0,"turns":4.0},{"damage":6.0,"enemies":"3 Louse","floor":5.0,"turns":3.0},{"damage":0.0,"enemies":"Looter","floor":8.0,"turns":3.0},{"damage":12.0,"enemies":"3 Sentries","floor":11.0,"turns":5.0},{"damage":17.0,"enemies":"Lagavulin","floor":13.0,"turns":4.0},{"damage":0.0,"enemies":"Large Slime","floor":14.0,"turns":4.0},{"damage":44.0,"enemies":"Slime Boss","floor":16.0,"turns":10.0},{"damage":0.0,"enemies":"Chosen","floor":18.0,"turns":2.0},{"damage":2.0,"enemies":"3 Byrds","floor":19.0,"turns":4.0},{"damage":20.0,"enemies":"Masked Bandits","floor":21.0,"turns":3.0},{"damage":8.0,"enemies":"Cultist and Chosen","floor":27.0,"turns":3.0},{"damage":9.0,"enemies":"Centurion and Healer","floor":28.0,"turns":5.0},{"damage":22.0,"enemies":"Slavers","floor":30.0,"turns":3.0},{"damage":21.0,"enemies":"Snake Plant","floor":31.0,"turns":5.0},{"damage":29.0,"enemies":"Champ","floor":33.0,"turns":8.0},{"damage":6.0,"enemies":"Orb Walker","floor":35.0,"turns":1.0},{"damage":12.0,"enemies":"3 Darklings","floor":37.0,"turns":2.0},{"damage":9.0,"enemies":"Writhing Mass","floor":38.0,"turns":5.0},{"damage":30.0,"enemies":"Giant Head","floor":40.0,"turns":6.0},{"damage":0.0,"enemies":"4 Shapes","floor":42.0,"turns":1.0},{"damage":19.0,"enemies":"Reptomancer","floor":45.0,"turns":3.0},{"damage":23.0,"enemies":"Sphere and 2 Shapes","floor":46.0,"turns":11.0},{"damage":6.0,"enemies":"Maw","floor":48.0,"turns":6.0},{"damage":107.0,"enemies":"Time Eater","floor":50.0,"turns":10.0},{"damage":57,"enemies":"Donu and Deca","floor":51,"turns":4}],"seed_played":"-7326995190387811242","potions_obtained":[{"floor":3.0,"key":"FearPotion"},{"floor":4.0,"key":"Fire Potion"},{"floor":8.0,"key":"SteroidPotion"},{"floor":13.0,"key":"PowerPotion"},{"floor":14.0,"key":"Ancient Potion"},{"floor":18.0,"key":"Fire Potion"},{"floor":21.0,"key":"AttackPotion"},{"floor":37.0,"key":"SkillPotion"},{"floor":40.0,"key":"EntropicBrew"}],"is_trial":false,"path_per_floor":["M","M","M","M","M","R","?","M","T","?","?","R","E","M","R","B",null,"M","M","?","?","?","R","$","?","T","M","M","R","E","M","R","B",null,"M","$","M","M","?","E","?","M","T","R","E","M","R","M","R","B","B"],"character_chosen":"IRONCLAD","items_purchased":["Membership Card","Evolve","Master of Strategy","Centennial Puzzle","True Grit","Singing Bowl"],"campfire_rested":1,"item_purchase_floors":[24,24,24,24,36,36],"current_hp_per_floor":[56,60,59,62,62,62,51,57,64,64,58,58,47,53,53,15,65,71,75,75,61,61,61,61,61,61,59,56,56,40,25,49,26,68,68,68,82,81,81,72,72,83,83,83,90,90,90,94,94,21,0],"gold":484,"neow_bonus":"TRANSFORM_TWO_CARDS","is_prod":false,"is_daily":false,"chose_seed":false,"campfire_upgraded":7,"win_rate":0,"timestamp":1562260300,"path_taken":["M","M","M","M","M","R","?","M","T","?","?","R","E","M","R","BOSS","M","M","?","?","?","R","$","?","T","M","M","R","E","M","R","BOSS","M","$","M","M","?","E","?","M","T","R","E","M","R","M","R","BOSS","BOSS"],"build_version":"2019-07-01","purchased_purges":2,"victory":false,"max_hp_per_floor":[75,75,75,75,75,75,75,75,82,82,82,82,82,82,82,82,82,82,82,82,82,82,82,82,82,82,82,82,82,82,82,82,82,82,82,82,82,84,84,86,86,88,88,88,90,92,92,94,94,94,94],"card_choices":[{"not_picked":["Twin Strike","Body Slam"],"picked":"Wild Strike","floor":1.0},{"not_picked":["Fire Breathing","Shockwave"],"picked":"Pummel","floor":2.0},{"not_picked":["Intimidate","Thunderclap"],"picked":"Battle Trance","floor":3.0},{"not_picked":["Iron Wave","Havoc"],"picked":"Clothesline","floor":4.0},{"not_picked":["Body Slam","Rupture"],"picked":"Uppercut","floor":5.0},{"not_picked":["Headbutt","Havoc"],"picked":"Shrug It Off","floor":8.0},{"not_picked":["Shockwave","Rupture"],"picked":"Double Tap","floor":11.0},{"not_picked":["Iron Wave","Warcry","Cleave"],"picked":"SKIP","floor":13.0},{"not_picked":["Thunderclap","Anger"],"picked":"Body Slam","floor":14.0},{"not_picked":["Impervious","Reaper"],"picked":"Immolate","floor":16.0},{"not_picked":["True Grit","Cleave"],"picked":"Dropkick","floor":18.0},{"not_picked":["Havoc","Warcry","Anger"],"picked":"SKIP","floor":19.0},{"not_picked":["Infernal Blade","Double Tap"],"picked":"Bloodletting","floor":27.0},{"not_picked":["Iron Wave","Clothesline","Battle Trance"],"picked":"SKIP","floor":28.0},{"not_picked":["Iron Wave","Clothesline","Battle Trance"],"picked":"SKIP","floor":28.0},{"not_picked":["Uppercut","Sword Boomerang"],"picked":"Sentinel","floor":30.0},{"not_picked":["Havoc","Heavy Blade"],"picked":"Offering","floor":31.0},{"not_picked":["Brutality","Limit Break"],"picked":"Reaper","floor":33.0},{"not_picked":["Wild Strike+1","Armaments","Sword Boomerang"],"picked":"SKIP","floor":35.0},{"not_picked":["Burning Pact","Armaments"],"picked":"True Grit+1","floor":37.0},{"not_picked":["Inflame","Armaments","Uppercut"],"picked":"Singing Bowl","floor":38.0},{"not_picked":["Anger+1","Dual Wield","Whirlwind"],"picked":"Singing Bowl","floor":40.0},{"not_picked":["Disarm","Sentinel","Shrug It Off"],"picked":"Singing Bowl","floor":42.0},{"not_picked":["Pummel+1","Intimidate","Hemokinesis"],"picked":"Singing Bowl","floor":45.0},{"not_picked":["Flex+1","Heavy Blade","Corruption"],"picked":"SKIP","floor":46.0},{"not_picked":["Flex+1","Heavy Blade","Corruption"],"picked":"Singing Bowl","floor":46.0},{"not_picked":["Thunderclap+1","Corruption","Body Slam"],"picked":"Singing Bowl","floor":48.0}],"player_experience":5588349,"relics_obtained":[{"floor":9.0,"key":"Strawberry"},{"floor":11.0,"key":"Ancient Tea Set"},{"floor":13.0,"key":"Bottled Lightning"},{"floor":21.0,"key":"Red Mask"},{"floor":26.0,"key":"MawBank"},{"floor":30.0,"key":"Pen Nib"},{"floor":40.0,"key":"Magic Flower"},{"floor":45.0,"key":"Juzu Bracelet"}],"event_choices":[{"damage_healed":0.0,"max_hp_gain":0.0,"max_hp_loss":0.0,"gold_gain":75.0,"event_name":"World of Goop","player_choice":"Gather Gold","floor":7.0,"gold_loss":0.0,"damage_taken":11.0},{"damage_healed":0.0,"max_hp_gain":0.0,"max_hp_loss":0.0,"gold_gain":0.0,"event_name":"Living Wall","player_choice":"Grow","floor":10.0,"gold_loss":0.0,"damage_taken":0.0,"cards_upgraded":["Uppercut"]},{"damage_healed":0.0,"max_hp_gain":0.0,"max_hp_loss":0.0,"gold_gain":0.0,"event_name":"Dead Adventurer","player_choice":"Searched \u00271\u0027 times","floor":11.0,"gold_loss":0.0,"damage_taken":0.0},{"cards_removed":["Pommel Strike"],"damage_healed":0.0,"max_hp_gain":0.0,"max_hp_loss":0.0,"gold_gain":0.0,"event_name":"Back to Basics","player_choice":"Elegance","floor":20.0,"gold_loss":0.0,"damage_taken":0.0},{"damage_healed":0.0,"max_hp_gain":0.0,"max_hp_loss":0.0,"gold_gain":0.0,"event_name":"Masked Bandits","player_choice":"Fought Bandits","floor":21.0,"gold_loss":0.0,"damage_taken":0.0},{"damage_healed":0.0,"max_hp_gain":0.0,"max_hp_loss":0.0,"gold_gain":0.0,"event_name":"Ghosts","player_choice":"Ignored","floor":22.0,"gold_loss":0.0,"damage_taken":0.0},{"damage_healed":0.0,"max_hp_gain":0.0,"max_hp_loss":0.0,"gold_gain":0.0,"cards_transformed":["Clothesline","Anger"],"event_name":"Drug Dealer","player_choice":"Became Test Subject","floor":25.0,"gold_loss":0.0,"damage_taken":0.0,"cards_obtained":["Burning Pact","Twin Strike"]},{"damage_healed":0.0,"max_hp_gain":0.0,"max_hp_loss":0.0,"gold_gain":222.0,"event_name":"Tomb of Lord Red Mask","player_choice":"Wore Mask","floor":39.0,"gold_loss":0.0,"damage_taken":0.0},{"cards_removed":["Pummel"],"damage_healed":0.0,"max_hp_gain":0.0,"max_hp_loss":0.0,"gold_gain":0.0,"event_name":"Falling","player_choice":"Removed Attack","floor":41.0,"gold_loss":0.0,"damage_taken":0.0}],"is_beta":false,"boss_relics":[{"not_picked":["Calling Bell","Orrery"],"picked":"Pandora\u0027s Box"},{"not_picked":["Busted Crown","Fusion Hammer"],"picked":"Cursed Key"}],"items_purged_floors":[24,36],"is_endless":false,"potions_floor_spawned":[3,4,8,13,14,18,21,37,38,40,45],"killed_by":"Donu and Deca","ascension_level":20}