{"gold_per_floor":[109,109,121,121,140,175,175,185,235,235],"floor_reached":10,"playtime":373,"items_purged":[],"score":92,"play_id":"2f1cb635-dc16-4f15-9520-b171b78a8260","local_time":"20190718144738","is_ascension_mode":true,"campfire_choices":[{"floor":7,"key":"REST"}],"neow_cost":"PERCENT_DAMAGE","seed_source_timestamp":14602890971300,"circlet_count":0,"master_deck":["Strike_R","Strike_R","Strike_R","Strike_R","Defend_R","Defend_R","Defend_R","Defend_R","Bash","Evolve","Inflame","Ghostly Armor","Clothesline","Double Tap"],"relics":["Burning Blood","Bird Faced Urn","Question Card","Red Skull"],"potions_floor_usage":[10],"damage_taken":[{"damage":9,"enemies":"Jaw Worm","floor":1,"turns":5},{"damage":5,"enemies":"Small Slimes","floor":3,"turns":4},{"damage":1,"enemies":"Cultist","floor":5,"turns":3},{"damage":48,"enemies":"Gremlin Nob","floor":6,"turns":5},{"damage":33,"enemies":"Exordium Thugs","floor":8,"turns":8},{"damage":23,"enemies":"Lagavulin","floor":10,"turns":4}],"seed_played":"8621261109564829851","potions_obtained":[{"floor":1,"key":"PowerPotion"},{"floor":5,"key":"Dexterity Potion"},{"floor":8,"key":"PowerPotion"}],"is_trial":false,"path_per_floor":["M","?","M","?","M","E","R","M","T","E"],"character_chosen":"IRONCLAD","items_purchased":[],"campfire_rested":1,"item_purchase_floors":[],"current_hp_per_floor":[48,48,49,49,56,16,40,17,17,0],"gold":235,"neow_bonus":"ONE_RARE_RELIC","is_prod":false,"is_daily":false,"chose_seed":false,"campfire_upgraded":0,"win_rate":0,"timestamp":1563475658,"path_taken":["M","?","M","?","M","E","R","M","T","E"],"build_version":"2019-07-17","purchased_purges":0,"victory":false,"max_hp_per_floor":[80,80,80,80,80,80,80,80,80,80],"card_choices":[{"not_picked":["Corruption","Flex"],"picked":"Evolve","floor":1},{"not_picked":["Rage","Armaments"],"picked":"Inflame","floor":3},{"not_picked":["Clothesline","Shrug It Off"],"picked":"Ghostly Armor","floor":5},{"not_picked":["Havoc","Rampage"],"picked":"Clothesline","floor":6},{"not_picked":["Clothesline","Twin Strike","Feel No Pain"],"picked":"Double Tap","floor":8}],"player_experience":247002,"relics_obtained":[{"floor":6,"key":"Question Card"},{"floor":9,"key":"Red Skull"}],"event_choices":[{"damage_healed":0,"gold_gain":0,"player_choice":"Fled","damage_taken":0,"max_hp_gain":0,"max_hp_loss":0,"event_name":"Scrap Ooze","floor":2,"gold_loss":0},{"cards_removed":["Strike_R"],"damage_healed":0,"gold_gain":0,"player_choice":"Purged","damage_taken":0,"max_hp_gain":0,"max_hp_loss":0,"event_name":"Purifier","floor":4,"gold_loss":0}],"is_beta":false,"boss_relics":[],"items_purged_floors":[],"is_endless":false,"potions_floor_spawned":[1,5,8],"killed_by":"Lagavulin","ascension_level":7}