{"gold_per_floor":[112,122,140,156,156,156,175,191,237,252,267,267,267],"floor_reached":13,"playtime":204,"items_purged":[],"score":162,"play_id":"763b8b36-93a3-4f78-865c-d30499ac097e","local_time":"20190630230411","is_ascension_mode":true,"campfire_choices":[{"data":"Flex","floor":6,"key":"SMITH"},{"floor":12,"key":"REST"}],"neow_cost":"NONE","seed_source_timestamp":1052920139089300,"circlet_count":0,"master_deck":["AscendersBane","Strike_R","Strike_R","Strike_R","Strike_R","Strike_R","Defend_R","Defend_R","Defend_R","Defend_R","Bash","Twin Strike+1","Sword Boomerang+1","Flex+1","Blood for Blood","Shrug It Off","Second Wind"],"relics":["Burning Blood"],"potions_floor_usage":[13],"damage_taken":[{"damage":2,"enemies":"2 Louse","floor":1,"turns":3},{"damage":9,"enemies":"Jaw Worm","floor":2,"turns":4},{"damage":3,"enemies":"Small Slimes","floor":3,"turns":3},{"damage":16,"enemies":"Blue Slaver","floor":4,"turns":4},{"damage":18,"enemies":"Red Slaver","floor":7,"turns":4},{"damage":19,"enemies":"3 Louse","floor":8,"turns":3},{"damage":12,"enemies":"Looter","floor":10,"turns":3},{"damage":6,"enemies":"Red Slaver","floor":11,"turns":2},{"damage":56,"enemies":"Gremlin Nob","floor":13,"turns":4}],"seed_played":"6194670991242953688","potions_obtained":[{"floor":2,"key":"SkillPotion"},{"floor":3,"key":"FearPotion"},{"floor":8,"key":"Dexterity Potion"}],"is_trial":false,"path_per_floor":["M","M","M","M","?","R","M","M","T","M","M","R","E"],"character_chosen":"IRONCLAD","items_purchased":[],"campfire_rested":1,"item_purchase_floors":[],"current_hp_per_floor":[79,76,79,69,44,44,32,19,19,13,13,37,0],"gold":267,"neow_bonus":"TEN_PERCENT_HP_BONUS","is_prod":false,"is_daily":false,"chose_seed":false,"campfire_upgraded":1,"win_rate":0,"timestamp":1561903451,"path_taken":["M","M","M","M","?","R","M","M","T","M","M","R","E"],"build_version":"2019-01-23","purchased_purges":0,"victory":false,"max_hp_per_floor":[82,82,82,82,82,82,82,82,82,82,82,82,82],"card_choices":[{"not_picked":["Shrug It Off","Clash"],"picked":"Twin Strike","floor":1},{"not_picked":["Fire Breathing","Heavy Blade"],"picked":"Sword Boomerang","floor":2},{"not_picked":["True Grit","Iron Wave"],"picked":"Flex","floor":3},{"not_picked":["Searing Blow","Havoc"],"picked":"Blood for Blood","floor":4},{"not_picked":["Thunderclap","Anger"],"picked":"Shrug It Off","floor":7},{"not_picked":["Twin Strike","Sentinel","Entrench"],"picked":"SKIP","floor":8},{"not_picked":["True Grit","Berserk","Rampage"],"picked":"SKIP","floor":10},{"not_picked":["Twin Strike","Wild Strike"],"picked":"Second Wind","floor":11}],"player_experience":5531063,"relics_obtained":[],"event_choices":[{"damage_healed":0,"gold_gain":0,"player_choice":"Entered Light","damage_taken":25,"max_hp_gain":0,"max_hp_loss":0,"event_name":"Shining Light","floor":5,"gold_loss":0,"cards_upgraded":["Twin Strike","Sword Boomerang"]}],"is_beta":false,"boss_relics":[],"items_purged_floors":[],"is_endless":false,"potions_floor_spawned":[2,3,8],"killed_by":"Gremlin Nob","ascension_level":20}