{"gold_per_floor":[110,110,129,129,139,139,166,38,38,38,52,63,83,114,114,191,191,206,256,276,289,309,309,309,309,309,334,345,362,362,10,10,84,84,98,111,126,176,176],"floor_reached":39,"playtime":1283,"items_purged":["Strike_B","Strike_B"],"score":880,"play_id":"7d219715-1a46-45e2-addd-946b1cc6db66","local_time":"20190701023343","is_ascension_mode":true,"campfire_choices":[{"data":"1","floor":6,"key":"LIFT"},{"floor":10,"key":"REST"},{"data":"2","floor":15,"key":"LIFT"},{"data":"3","floor":23,"key":"LIFT"},{"floor":25,"key":"REST"},{"data":"Go for the Eyes","floor":30,"key":"SMITH"},{"data":"Creative AI","floor":32,"key":"SMITH"}],"neow_cost":"TEN_PERCENT_HP_LOSS","seed_source_timestamp":1064413134167800,"circlet_count":0,"master_deck":["AscendersBane","Strike_B","Strike_B","Defend_B","Defend_B+1","Defend_B","Defend_B","Zap","Dualcast+1","Compile Driver","Cold Snap","Sweeping Beam","Self Repair","Leap","Cold Snap","Beam Cell","Go for the Eyes+1","Electrodynamics","Conserve Battery","Cold Snap","Leap+1","Sweeping Beam","Hologram","Coolheaded","Creative AI+1","Reboot","Capacitor","Steam+1","Conserve Battery+1","Hologram+1","Double Energy+1"],"relics":["Cracked Core","Girya","DataDisk","Pantograph","Nuclear Battery","Gremlin Horn","Ornamental Fan","Membership Card","Orrery","Unceasing Top"],"potions_floor_usage":[14,33,38],"damage_taken":[{"damage":4,"enemies":"Jaw Worm","floor":1,"turns":5},{"damage":11,"enemies":"2 Louse","floor":3,"turns":2},{"damage":0,"enemies":"Cultist","floor":5,"turns":3},{"damage":27,"enemies":"3 Sentries","floor":7,"turns":8},{"damage":0,"enemies":"Looter","floor":11,"turns":3},{"damage":7,"enemies":"Lots of Slimes","floor":12,"turns":3},{"damage":0,"enemies":"3 Louse","floor":13,"turns":4},{"damage":21,"enemies":"Gremlin Nob","floor":14,"turns":5},{"damage":3,"enemies":"Slime Boss","floor":16,"turns":9},{"damage":12,"enemies":"Shell Parasite","floor":18,"turns":4},{"damage":10,"enemies":"Spheric Guardian","floor":20,"turns":4},{"damage":11,"enemies":"Shelled Parasite and Fungi","floor":21,"turns":4},{"damage":29,"enemies":"Cultist and Chosen","floor":22,"turns":6},{"damage":0,"enemies":"Gremlin Leader","floor":27,"turns":4},{"damage":3,"enemies":"Centurion and Healer","floor":28,"turns":5},{"damage":19,"enemies":"Snake Plant","floor":29,"turns":5},{"damage":17,"enemies":"Automaton","floor":33,"turns":11},{"damage":23,"enemies":"3 Darklings","floor":35,"turns":4},{"damage":0,"enemies":"Orb Walker","floor":36,"turns":3},{"damage":0,"enemies":"3 Darklings","floor":37,"turns":4},{"damage":38,"enemies":"2 Orb Walkers","floor":38,"turns":4},{"damage":25,"enemies":"Transient","floor":39,"turns":6}],"seed_played":"222719246769907682","potions_obtained":[{"floor":5,"key":"Dexterity Potion"},{"floor":12,"key":"GamblersBrew"},{"floor":14,"key":"LiquidBronze"},{"floor":24,"key":"PowerPotion"},{"floor":37,"key":"AttackPotion"},{"floor":38,"key":"SmokeBomb"}],"is_trial":false,"path_per_floor":["M","?","M","?","M","R","E","$","T","R","M","M","M","E","R","B",null,"M","?","M","M","M","R","?","R","T","E","M","M","R","$","R","B",null,"M","M","M","?","M"],"character_chosen":"DEFECT","items_purchased":["Leap","Membership Card","Creative AI"],"campfire_rested":2,"item_purchase_floors":[8,31,31],"current_hp_per_floor":[60,41,30,30,30,30,3,3,3,22,29,22,29,8,8,37,57,52,52,49,45,23,23,23,42,42,49,53,41,41,41,41,47,60,44,51,58,20,0],"gold":176,"neow_bonus":"ONE_RARE_RELIC","is_prod":false,"is_daily":false,"chose_seed":false,"campfire_upgraded":2,"win_rate":0,"timestamp":1561916023,"path_taken":["M","?","M","?","M","R","E","?","T","R","M","?","M","E","R","BOSS","M","?","M","M","?","R","?","R","T","E","M","M","R","?","R","BOSS","M","M","M","?","M"],"build_version":"2019-01-23","purchased_purges":2,"victory":false,"max_hp_per_floor":[64,64,64,64,64,64,64,64,64,64,64,64,64,64,64,64,64,64,64,64,64,64,64,64,64,64,64,64,64,64,64,64,64,64,64,64,64,64,64],"card_choices":[{"not_picked":["Loop","Turbo"],"picked":"Compile Driver","floor":1},{"not_picked":["Aggregate","Self Repair"],"picked":"Cold Snap","floor":3},{"not_picked":["Hologram","Barrage"],"picked":"Sweeping Beam","floor":5},{"not_picked":["Go for the Eyes","Doom and Gloom"],"picked":"Self Repair","floor":7},{"not_picked":["Leap","Genetic Algorithm"],"picked":"Cold Snap","floor":11},{"not_picked":["Storm","Loop","Leap"],"picked":"SKIP","floor":12},{"not_picked":["Force Field","Hello World"],"picked":"Beam Cell","floor":13},{"not_picked":["Recycle","Creative AI"],"picked":"Go for the Eyes","floor":14},{"not_picked":["Rainbow","Machine Learning"],"picked":"Electrodynamics","floor":16},{"not_picked":["Gash","Steam"],"picked":"Conserve Battery","floor":18},{"not_picked":["Redo","Leap"],"picked":"Cold Snap","floor":20},{"not_picked":["Force Field","Turbo"],"picked":"Leap+1","floor":21},{"not_picked":["Force Field+1","Leap"],"picked":"Sweeping Beam","floor":22},{"not_picked":["Stack","Melter"],"picked":"Hologram","floor":27},{"not_picked":["Recycle","Gash","Go for the Eyes"],"picked":"SKIP","floor":28},{"not_picked":["Lockon","Steam Power"],"picked":"Coolheaded","floor":29},{"not_picked":["Multi-Cast","Amplify"],"picked":"Reboot","floor":33},{"not_picked":["Static Discharge","Coolheaded"],"picked":"Capacitor","floor":34},{"not_picked":["Streamline","Conserve Battery"],"picked":"Steam+1","floor":34},{"not_picked":["Stack","Melter"],"picked":"Conserve Battery+1","floor":35},{"not_picked":["Gash","Turbo"],"picked":"Hologram+1","floor":36},{"not_picked":["Reprogram","Doom and Gloom"],"picked":"Double Energy+1","floor":37}],"player_experience":5541776,"relics_obtained":[{"floor":7,"key":"DataDisk"},{"floor":14,"key":"Pantograph"},{"floor":26,"key":"Gremlin Horn"},{"floor":27,"key":"Ornamental Fan"},{"floor":38,"key":"Unceasing Top"}],"event_choices":[{"damage_healed":0,"gold_gain":0,"player_choice":"Entered Light","damage_taken":19,"max_hp_gain":0,"max_hp_loss":0,"event_name":"Shining Light","floor":2,"gold_loss":0,"cards_upgraded":["Dualcast","Defend_B"]},{"damage_healed":0,"gold_gain":0,"player_choice":"Ignored","damage_taken":0,"max_hp_gain":0,"max_hp_loss":0,"event_name":"Liars Game","floor":4,"gold_loss":0},{"damage_healed":0,"gold_gain":50,"player_choice":"Pray","damage_taken":0,"max_hp_gain":0,"max_hp_loss":0,"event_name":"Golden Shrine","floor":19,"gold_loss":0},{"damage_healed":0,"gold_gain":0,"player_choice":"Got Potions","damage_taken":0,"max_hp_gain":0,"max_hp_loss":0,"event_name":"Lab","floor":24,"gold_loss":0},{"damage_healed":0,"gold_gain":0,"player_choice":"Fight","damage_taken":0,"max_hp_gain":0,"max_hp_loss":0,"event_name":"Mysterious Sphere","floor":38,"gold_loss":0}],"is_beta":false,"boss_relics":[{"not_picked":["FrozenCore","Sozu"],"picked":"Nuclear Battery"},{"not_picked":["Eternal Feather","Snecko Eye"],"picked":"Orrery"}],"items_purged_floors":[8,31],"is_endless":false,"potions_floor_spawned":[5,12,14,16,20,21,29,37,38],"killed_by":"Transient","ascension_level":20}