{"gold_per_floor":[110,125,40,40,72,84,121,133,145,157,204,216,241,268,280,366,428,460,157,157,3,17,17,42,60,90,106,106,140,140,156,156,233,233,243,261,361,361,388,416,35,35,86,99,99,99,0,17,17,17],"floor_reached":51,"playtime":1806,"items_purged":[],"score":1766,"play_id":"f3d30c80-e615-4608-9398-52f4e9d38ca5","local_time":"20190714173647","is_ascension_mode":true,"campfire_choices":[{"data":"Apotheosis","floor":6,"key":"SMITH"},{"data":"Enlightenment","floor":8,"key":"SMITH"},{"data":"Shockwave","floor":10,"key":"SMITH"},{"data":"Bash","floor":12,"key":"SMITH"},{"data":"Uppercut","floor":15,"key":"SMITH"},{"floor":23,"key":"REST"},{"data":"Seeing Red","floor":30,"key":"SMITH"},{"data":"Whirlwind","floor":32,"key":"SMITH"},{"data":"Exhume","floor":42,"key":"SMITH"},{"data":"Double Tap","floor":45,"key":"SMITH"},{"floor":49,"key":"REST"}],"neow_cost":"","seed_source_timestamp":2002779403621217,"circlet_count":0,"master_deck":["AscendersBane","Strike_R","Strike_R","Strike_R","Strike_R","Strike_R","Defend_R","Defend_R","Defend_R","Defend_R","Bash+1","Apotheosis+1","Perfected Strike","Double Tap+1","Enlightenment+1","Dual Wield","Battle Trance+1","Shockwave+1","Perfected Strike","Cleave","Twin Strike","Perfected Strike","Impervious","Uppercut+1","Feed","Whirlwind+1","Twin Strike","Feed","Necronomicurse","Reaper","Twin Strike","Shrug It Off","Uppercut+1","Twin Strike","Seeing Red+1","Shrug It Off","Shrug It Off","Offering","Shockwave+1","Twin Strike","Wild Strike","Exhume+1","Evolve","Rage+1","Whirlwind"],"relics":["Burning Blood","Lee\u0027s Waffle","Mummified Hand","Prayer Wheel","Ancient Tea Set","StoneCalendar","MawBank","Strawberry","Pocketwatch","Kunai","Tiny House","Juzu Bracelet","Necronomicon","Blood Vial","Tiny Chest","Vajra","Sozu","Dead Branch","Bag of Marbles","Pear","Lantern","Pen Nib","Red Mask"],"potions_floor_usage":[16,33],"damage_taken":[{"damage":7,"enemies":"Jaw Worm","floor":1,"turns":2},{"damage":0,"enemies":"Cultist","floor":2,"turns":5},{"damage":0,"enemies":"Small Slimes","floor":5,"turns":3},{"damage":12,"enemies":"Lagavulin","floor":7,"turns":5},{"damage":10,"enemies":"3 Sentries","floor":11,"turns":4},{"damage":0,"enemies":"2 Fungi Beasts","floor":13,"turns":2},{"damage":11,"enemies":"Exordium Thugs","floor":14,"turns":2},{"damage":5,"enemies":"The Guardian","floor":16,"turns":7},{"damage":16,"enemies":"Spheric Guardian","floor":18,"turns":4},{"damage":10,"enemies":"Shell Parasite","floor":22,"turns":2},{"damage":39,"enemies":"Gremlin Leader","floor":24,"turns":4},{"damage":0,"enemies":"3 Cultists","floor":25,"turns":4},{"damage":27,"enemies":"Sentry and Sphere","floor":27,"turns":4},{"damage":48,"enemies":"Slavers","floor":29,"turns":4},{"damage":0,"enemies":"Centurion and Healer","floor":31,"turns":5},{"damage":99,"enemies":"Automaton","floor":33,"turns":7},{"damage":6,"enemies":"Orb Walker","floor":35,"turns":3},{"damage":15,"enemies":"3 Shapes","floor":36,"turns":7},{"damage":37,"enemies":"Mind Bloom Boss Battle","floor":37,"turns":3},{"damage":48,"enemies":"Nemesis","floor":40,"turns":7},{"damage":12,"enemies":"Transient","floor":44,"turns":5},{"damage":0,"enemies":"Jaw Worm Horde","floor":48,"turns":2},{"damage":86,"enemies":"Time Eater","floor":50,"turns":7}],"seed_played":"-6508001804173771596","potions_obtained":[{"floor":1,"key":"AttackPotion"},{"floor":5,"key":"Fire Potion"},{"floor":13,"key":"SkillPotion"},{"floor":16,"key":"SteroidPotion"}],"is_trial":false,"path_per_floor":["M","M","$","?","M","R","E","R","T","R","E","R","M","M","R","B",null,"M","$","?","$","M","R","E","M","T","M","?","E","R","M","R","B",null,"M","M","?","?","T","E","$","R","T","M","R","$","?","M","R","B",null],"character_chosen":"IRONCLAD","items_purchased":["Lee\u0027s Waffle","Apotheosis","Mummified Hand","Perfected Strike","Double Tap","Ancient Tea Set","Enlightenment","Shockwave","Juzu Bracelet","Feed","Reaper","Exhume","Lantern","Evolve"],"campfire_rested":2,"item_purchase_floors":[0,0,0,0,0,0,0,3,19,19,21,41,41,41],"current_hp_per_floor":[81,82,82,82,82,82,83,83,83,83,79,79,85,80,80,81,92,82,82,61,61,57,85,66,87,87,68,68,62,62,92,92,29,87,105,107,78,78,78,66,66,66,66,80,80,80,80,88,124,44],"gold":17,"neow_bonus":"","is_prod":false,"is_daily":false,"chose_seed":false,"campfire_upgraded":9,"win_rate":0,"timestamp":1563122207,"path_taken":["M","M","$","?","M","R","E","R","T","R","E","R","?","M","R","BOSS","M","$","?","$","M","R","E","M","T","M","?","E","R","M","R","BOSS","M","M","?","?","?","E","$","R","T","M","R","?","?","M","R","BOSS"],"build_version":"2019-07-05","purchased_purges":0,"victory":true,"max_hp_per_floor":[82,82,82,82,82,82,89,89,89,89,89,89,89,89,89,89,94,94,94,94,94,94,94,94,98,98,98,98,102,102,106,106,106,106,110,110,110,110,110,124,124,124,124,124,124,124,124,124,124,124],"card_choices":[{"not_picked":["Clothesline","Evolve"],"picked":"Dual Wield","floor":1},{"not_picked":["Heavy Blade","Thunderclap","Warcry"],"picked":"SKIP","floor":1},{"not_picked":["Thunderclap","Anger"],"picked":"Battle Trance","floor":2},{"not_picked":["Flex","Metallicize","Fire Breathing"],"picked":"SKIP","floor":2},{"not_picked":["Flame Barrier","Clothesline"],"picked":"Perfected Strike","floor":5},{"not_picked":["Armaments","Anger"],"picked":"Cleave","floor":5},{"not_picked":["Dark Embrace","Rampage","Flex"],"picked":"SKIP","floor":7},{"not_picked":["Cleave","Disarm"],"picked":"Twin Strike","floor":11},{"not_picked":["Havoc","Ghostly Armor"],"picked":"Perfected Strike","floor":13},{"not_picked":["Bloodletting","Thunderclap","Feel No Pain"],"picked":"SKIP","floor":13},{"not_picked":["Rage","Uppercut"],"picked":"Impervious","floor":14},{"not_picked":["Cleave","Havoc"],"picked":"Uppercut","floor":14},{"not_picked":["Double Tap","Offering"],"picked":"Feed","floor":16},{"not_picked":["Twin Strike","Perfected Strike"],"picked":"Whirlwind","floor":17},{"not_picked":["Combust","True Grit"],"picked":"Twin Strike","floor":18},{"not_picked":["Ghostly Armor","Flex+1"],"picked":"Perfected Strike","floor":18},{"not_picked":["Second Wind","Blood for Blood"],"picked":"Twin Strike","floor":22},{"not_picked":["Anger","Thunderclap","Corruption"],"picked":"SKIP","floor":22},{"not_picked":["Double Tap","Pummel"],"picked":"Shrug It Off","floor":24},{"not_picked":["Clash","Twin Strike"],"picked":"Uppercut+1","floor":25},{"not_picked":["Iron Wave","Cleave","Rupture"],"picked":"SKIP","floor":25},{"not_picked":["Warcry","Juggernaut"],"picked":"Twin Strike","floor":27},{"not_picked":["Iron Wave","Intimidate","Rupture"],"picked":"SKIP","floor":27},{"not_picked":["Searing Blow+1","Clash"],"picked":"Seeing Red","floor":29},{"not_picked":["Clash+1","Flex"],"picked":"Shrug It Off","floor":31},{"not_picked":["Body Slam","Armaments"],"picked":"Shrug It Off","floor":31},{"not_picked":["Double Tap","Barricade"],"picked":"Offering","floor":33},{"not_picked":["Spot Weakness","Pummel"],"picked":"Shockwave+1","floor":35},{"not_picked":["Anger","Armaments+1","Flex"],"picked":"SKIP","floor":35},{"not_picked":["Rupture","Thunderclap","Sentinel+1"],"picked":"SKIP","floor":36},{"not_picked":["Burning Pact","Dropkick+1","Twin Strike"],"picked":"SKIP","floor":36},{"not_picked":["Burning Pact","Dropkick+1"],"picked":"Twin Strike","floor":36},{"not_picked":["Rupture","Thunderclap","Sentinel+1"],"picked":"SKIP","floor":36},{"not_picked":["Sword Boomerang","Entrench"],"picked":"Wild Strike","floor":37},{"not_picked":["Second Wind","Burning Pact","Clothesline+1"],"picked":"SKIP","floor":40},{"not_picked":["Rampage","Power Through"],"picked":"Rage+1","floor":44},{"not_picked":["Iron Wave+1","Havoc","Warcry"],"picked":"SKIP","floor":44},{"not_picked":["Second Wind+1","Blood for Blood"],"picked":"Whirlwind","floor":48},{"not_picked":["Feed","Rage","Body Slam+1"],"picked":"SKIP","floor":48}],"player_experience":418040,"relics_obtained":[{"floor":7,"key":"Strawberry"},{"floor":9,"key":"Pocketwatch"},{"floor":11,"key":"Kunai"},{"floor":20,"key":"Necronomicon"},{"floor":24,"key":"Blood Vial"},{"floor":26,"key":"Tiny Chest"},{"floor":29,"key":"Vajra"},{"floor":37,"key":"Dead Branch"},{"floor":39,"key":"Bag of Marbles"},{"floor":40,"key":"Pear"},{"floor":43,"key":"Pen Nib"}],"event_choices":[{"damage_healed":0,"gold_gain":0,"player_choice":"Gave Potion","damage_taken":0,"relics_obtained":["MawBank"],"max_hp_gain":0,"max_hp_loss":0,"event_name":"WeMeetAgain","floor":4,"gold_loss":0},{"damage_healed":0,"gold_gain":0,"player_choice":"Obtained Book","damage_taken":21,"max_hp_gain":0,"max_hp_loss":0,"event_name":"Cursed Tome","floor":20,"gold_loss":0},{"damage_healed":0,"gold_gain":0,"player_choice":"Ignored","damage_taken":0,"max_hp_gain":0,"max_hp_loss":0,"event_name":"Vampires","floor":28,"gold_loss":0},{"damage_healed":0,"gold_gain":0,"player_choice":"Fight","damage_taken":0,"max_hp_gain":0,"max_hp_loss":0,"event_name":"MindBloom","floor":37,"gold_loss":0},{"cards_removed":["Perfected Strike"],"damage_healed":0,"gold_gain":0,"player_choice":"Removed Attack","damage_taken":0,"max_hp_gain":0,"max_hp_loss":0,"event_name":"Falling","floor":38,"gold_loss":0},{"damage_healed":0,"gold_gain":0,"player_choice":"Paid","damage_taken":0,"relics_obtained":["Red Mask"],"max_hp_gain":0,"max_hp_loss":0,"event_name":"Tomb of Lord Red Mask","floor":47,"gold_loss":99}],"is_beta":false,"boss_relics":[{"not_picked":["Astrolabe","Lizard Tail"],"picked":"Tiny House"},{"not_picked":["Fusion Hammer","Runic Cube"],"picked":"Sozu"}],"items_purged_floors":[],"is_endless":false,"potions_floor_spawned":[1,5,13,16,24,25,27,29,31,36,37,40,48],"ascension_level":16}