{"gold_per_floor":[114,389,399,411,429,429,448,467,467,467],"floor_reached":10,"playtime":390,"items_purged":[],"score":65,"play_id":"72d7e44b-6751-40ab-8033-871e2ca888fa","local_time":"20190724115725","is_ascension_mode":true,"campfire_choices":[{"floor":6,"key":"RECALL"}],"neow_cost":"CURSE","seed_source_timestamp":1187963273768600,"circlet_count":0,"master_deck":["Strike_R","Strike_R","Strike_R","Strike_R","Defend_R","Defend_R","Defend_R","Bash","Regret","Infernal Blade","Rupture","Regret","Fire Breathing","Bludgeon","Flex","Battle Trance","Inflame"],"relics":["Burning Blood","Girya"],"potions_floor_usage":[],"damage_taken":[{"damage":10,"enemies":"Small Slimes","floor":1,"turns":3},{"damage":5,"enemies":"Cultist","floor":3,"turns":3},{"damage":15,"enemies":"Jaw Worm","floor":4,"turns":2},{"damage":23,"enemies":"Large Slime","floor":5,"turns":6},{"damage":22,"enemies":"Red Slaver","floor":7,"turns":4},{"damage":31,"enemies":"Blue Slaver","floor":8,"turns":4},{"damage":10,"enemies":"Lots of Slimes","floor":10,"turns":1}],"seed_played":"779999360122799730","potions_obtained":[{"floor":5,"key":"Dexterity Potion"}],"is_trial":false,"path_per_floor":["M","?","M","M","M","R","M","M","T","M"],"character_chosen":"IRONCLAD","items_purchased":[],"campfire_rested":0,"item_purchase_floors":[],"current_hp_per_floor":[76,76,77,68,51,51,35,10,10,0],"gold":467,"neow_bonus":"TRANSFORM_TWO_CARDS","is_prod":false,"is_daily":false,"chose_seed":false,"campfire_upgraded":0,"win_rate":0,"timestamp":1563987445,"path_taken":["M","?","M","?","M","R","M","M","T","M"],"build_version":"2019-07-17","purchased_purges":0,"victory":false,"max_hp_per_floor":[80,80,80,80,80,80,80,80,80,80],"card_choices":[{"not_picked":["Pommel Strike","Thunderclap","Wild Strike"],"picked":"SKIP","floor":1},{"not_picked":["Cleave","Perfected Strike"],"picked":"Fire Breathing","floor":3},{"not_picked":["Dropkick","Rampage"],"picked":"Bludgeon","floor":4},{"not_picked":["Sword Boomerang","True Grit"],"picked":"Flex","floor":5},{"not_picked":["Corruption","Warcry"],"picked":"Battle Trance","floor":7},{"not_picked":["Metallicize","Spot Weakness"],"picked":"Inflame","floor":8}],"player_experience":154376,"relics_obtained":[{"floor":9,"key":"Girya"}],"event_choices":[{"damage_healed":0,"gold_gain":275,"player_choice":"Desecrate","damage_taken":0,"max_hp_gain":0,"max_hp_loss":0,"event_name":"Golden Shrine","floor":2,"gold_loss":0,"cards_obtained":["Regret"]}],"is_beta":false,"boss_relics":[],"items_purged_floors":[],"is_endless":false,"potions_floor_spawned":[5],"killed_by":"Lots of Slimes","ascension_level":1}