{"gold_per_floor":[116,133,149,224,174,203,203,47,73,73,73,108,108,127,127,246,246,265,265,278,278,278],"floor_reached":22,"playtime":1530,"items_purged":[],"score":192,"play_id":"11f40d77-8d3a-49b6-8e49-6cd92e8713fb","local_time":"20190714131418","is_ascension_mode":false,"campfire_choices":[{"floor":7,"key":"REST"},{"floor":10,"key":"REST"},{"data":"Dualcast","floor":15,"key":"SMITH"}],"neow_cost":"NONE","seed_source_timestamp":327431792928300,"circlet_count":0,"master_deck":["Strike_B","Strike_B","Strike_B","Defend_B","Defend_B","Zap","Dualcast+1","All For One","Steam","Redo","Beam Cell","Defragment","Rainbow","Hello World","Tempest","Gash","Multi-Cast","Defragment","Go for the Eyes","Aggregate","Hologram"],"relics":["Cracked Core","Strawberry","Regal Pillow","Golden Idol","Bag of Marbles","Anchor","Black Star","Nilry\u0027s Codex"],"potions_floor_usage":[16,16,22],"damage_taken":[{"damage":11,"enemies":"Jaw Worm","floor":1,"turns":3},{"damage":12,"enemies":"2 Louse","floor":2,"turns":3},{"damage":0,"enemies":"Small Slimes","floor":3,"turns":3},{"damage":24,"enemies":"Gremlin Nob","floor":6,"turns":4},{"damage":9,"enemies":"Lagavulin","floor":12,"turns":5},{"damage":0,"enemies":"3 Louse","floor":14,"turns":3},{"damage":29,"enemies":"Hexaghost","floor":16,"turns":7},{"damage":15,"enemies":"Spheric Guardian","floor":18,"turns":4},{"damage":23,"enemies":"3 Byrds","floor":20,"turns":4},{"damage":29,"enemies":"Snecko","floor":22,"turns":5}],"seed_played":"4460504768456942783","potions_obtained":[{"floor":3,"key":"Strength Potion"},{"floor":6,"key":"Ancient Potion"},{"floor":14,"key":"Poison Potion"}],"is_trial":false,"path_per_floor":["M","M","M","?","?","E","R","$","T","R","?","E","T","M","R","B",null,"M","?","M","?","M"],"character_chosen":"DEFECT","items_purchased":["Rainbow","Hello World"],"campfire_rested":2,"item_purchase_floors":[8,8],"current_hp_per_floor":[64,52,52,41,41,24,48,48,48,82,62,53,53,53,53,24,82,67,51,28,28,0],"gold":278,"neow_bonus":"ONE_RANDOM_RARE_CARD","is_prod":false,"is_daily":false,"chose_seed":false,"campfire_upgraded":1,"win_rate":0.0,"timestamp":1563128058,"path_taken":["M","M","M","?","?","E","R","$","T","R","?","E","?","M","R","BOSS","M","?","M","?","M"],"build_version":"2019-07-05","purchased_purges":0,"victory":false,"max_hp_per_floor":[75,75,75,75,75,82,82,82,82,82,82,82,82,82,82,82,82,82,82,82,82,82],"card_choices":[{"not_picked":["Compile Driver","Melter"],"picked":"Steam","floor":1},{"not_picked":["Barrage","Skim"],"picked":"Redo","floor":2},{"not_picked":["Go for the Eyes","Leap"],"picked":"Beam Cell","floor":3},{"not_picked":["Sweeping Beam","Cold Snap"],"picked":"Defragment","floor":6},{"not_picked":["Aggregate","Streamline"],"picked":"Tempest","floor":12},{"not_picked":["Fusion","Steam"],"picked":"Gash","floor":14},{"not_picked":["Rainbow","Buffer"],"picked":"Multi-Cast","floor":16},{"not_picked":["Conserve Battery","Compile Driver+1"],"picked":"Defragment","floor":18},{"not_picked":["Conserve Battery","Melter"],"picked":"Go for the Eyes","floor":20}],"player_experience":38126,"relics_obtained":[{"floor":6,"key":"Strawberry"},{"floor":9,"key":"Regal Pillow"},{"floor":12,"key":"Bag of Marbles"},{"floor":13,"key":"Anchor"},{"floor":19,"key":"Nilry\u0027s Codex"}],"event_choices":[{"damage_healed":0,"gold_gain":75,"player_choice":"Gather Gold","damage_taken":11,"max_hp_gain":0,"max_hp_loss":0,"event_name":"World of Goop","floor":4,"gold_loss":0},{"cards_removed":["Defend_B"],"damage_healed":0,"gold_gain":0,"player_choice":"Card Removal","damage_taken":0,"max_hp_gain":0,"max_hp_loss":0,"event_name":"The Cleric","floor":5,"gold_loss":50},{"damage_healed":0,"gold_gain":0,"player_choice":"Take Damage","damage_taken":20,"relics_obtained":["Golden Idol"],"max_hp_gain":0,"max_hp_loss":0,"event_name":"Golden Idol","floor":11,"gold_loss":0},{"damage_healed":0,"gold_gain":0,"player_choice":"Obtained Book","damage_taken":16,"max_hp_gain":0,"max_hp_loss":0,"event_name":"Cursed Tome","floor":19,"gold_loss":0},{"damage_healed":0,"gold_gain":0,"cards_transformed":["Defend_B","Strike_B"],"player_choice":"Became Test Subject","damage_taken":0,"max_hp_gain":0,"max_hp_loss":0,"event_name":"Drug Dealer","floor":21,"gold_loss":0,"cards_obtained":["Aggregate","Hologram"]}],"is_beta":false,"boss_relics":[{"not_picked":["Coffee Dripper","Ectoplasm"],"picked":"Black Star"}],"items_purged_floors":[],"is_endless":false,"potions_floor_spawned":[3,6,14],"killed_by":"Snecko","ascension_level":0}