{"gold_per_floor":[118,134,150,166,241,241,267,267,267,227,227,246,246,264,264,357,357,382,397,420,17,17,17,17,17,17,38,38,38,38,38],"floor_reached":31,"playtime":870,"items_purged":["Defend_G"],"score":470,"play_id":"b01b7636-b984-4117-9436-110bcae254eb","local_time":"20190727014855","is_ascension_mode":true,"campfire_choices":[{"data":"Poisoned Stab","floor":6,"key":"SMITH"},{"data":"Neutralize","floor":11,"key":"SMITH"},{"data":"Tactician","floor":15,"key":"SMITH"},{"data":"Noxious Fumes","floor":23,"key":"SMITH"},{"floor":29,"key":"REST"}],"neow_cost":"NONE","seed_source_timestamp":231275728553000,"circlet_count":0,"master_deck":["AscendersBane","Strike_G","Strike_G","Strike_G","Defend_G","Defend_G","Defend_G","Survivor","Neutralize+1","Caltrops","Poisoned Stab+1","Leg Sweep","Tactician+1","Noxious Fumes+1","Backstab","Calculated Gamble","Burst","Blur+1","Catalyst+1","Finisher+1","Endless Agony","Backflip","Footwork","Escape Plan","Corpse Explosion","Heel Hook"],"relics":["Ring of the Snake","Shuriken","Golden Idol","StoneCalendar","Astrolabe","FaceOfCleric","Art of War"],"potions_floor_usage":[2,16,16,16,19,20],"damage_taken":[{"damage":7,"enemies":"Small Slimes","floor":1,"turns":7},{"damage":3,"enemies":"2 Louse","floor":2,"turns":7},{"damage":0,"enemies":"Cultist","floor":3,"turns":5},{"damage":15,"enemies":"3 Louse","floor":4,"turns":5},{"damage":31,"enemies":"Gremlin Nob","floor":7,"turns":5},{"damage":2,"enemies":"Looter","floor":12,"turns":5},{"damage":0,"enemies":"Blue Slaver","floor":14,"turns":4},{"damage":10,"enemies":"The Guardian","floor":16,"turns":9},{"damage":5,"enemies":"3 Byrds","floor":18,"turns":4},{"damage":0,"enemies":"Shell Parasite","floor":19,"turns":1},{"damage":13,"enemies":"3 Cultists","floor":20,"turns":6},{"damage":21,"enemies":"Cultist and Chosen","floor":27,"turns":7},{"damage":37,"enemies":"Chosen and Byrds","floor":31,"turns":6}],"seed_played":"-3130412890872389791","potions_obtained":[{"floor":1,"key":"Regen Potion"},{"floor":7,"key":"PowerPotion"},{"floor":10,"key":"EntropicBrew"},{"floor":19,"key":"Swift Potion"},{"floor":27,"key":"FearPotion"}],"is_trial":false,"path_per_floor":["M","M","M","M","?","R","E","?","T","?","R","M","?","M","R","B",null,"M","M","M","$","?","R","?","?","T","M","?","R","$","M"],"character_chosen":"THE_SILENT","items_purchased":["Footwork","Escape Plan","Corpse Explosion"],"campfire_rested":1,"item_purchase_floors":[21,21,21],"current_hp_per_floor":[58,70,70,55,44,44,13,13,13,13,13,11,32,32,32,22,54,49,49,36,36,36,36,36,36,36,16,16,35,35,0],"gold":38,"neow_bonus":"TEN_PERCENT_HP_BONUS","is_prod":false,"is_daily":false,"chose_seed":false,"campfire_upgraded":4,"win_rate":0,"timestamp":1564159735,"path_taken":["M","M","M","M","?","R","E","?","T","?","R","?","?","M","R","BOSS","M","M","M","$","?","R","?","?","T","?","?","R","?","M"],"build_version":"2019-07-17","purchased_purges":1,"victory":false,"max_hp_per_floor":[72,72,72,72,72,72,72,65,65,65,65,65,65,65,65,65,65,65,65,65,65,65,65,65,65,65,66,66,66,66,66],"card_choices":[{"not_picked":["Accuracy","Bane"],"picked":"Caltrops","floor":1},{"not_picked":["PiercingWail","Backflip"],"picked":"Poisoned Stab","floor":2},{"not_picked":["Dagger Throw","Calculated Gamble"],"picked":"Leg Sweep","floor":3},{"not_picked":["Acrobatics","Catalyst"],"picked":"Tactician","floor":4},{"not_picked":["Poisoned Stab","Concentrate"],"picked":"Noxious Fumes","floor":7},{"not_picked":["Reflex","Dagger Throw"],"picked":"Backstab","floor":12},{"not_picked":["Endless Agony","Predator"],"picked":"Calculated Gamble","floor":14},{"not_picked":["Bullet Time","Envenom"],"picked":"Burst","floor":16},{"not_picked":["Dodge and Roll","Quick Slash"],"picked":"Endless Agony","floor":18},{"not_picked":["Riddle With Holes","Flying Knee","Skewer"],"picked":"SKIP","floor":19},{"not_picked":["Dagger Throw","Dodge and Roll+1"],"picked":"Backflip","floor":20},{"not_picked":["Dodge and Roll","Riddle With Holes"],"picked":"Heel Hook","floor":27}],"player_experience":5830976,"relics_obtained":[{"floor":7,"key":"Shuriken"},{"floor":9,"key":"StoneCalendar"},{"floor":26,"key":"Art of War"}],"event_choices":[{"damage_healed":0,"gold_gain":75,"player_choice":"Gather Gold","damage_taken":11,"max_hp_gain":0,"max_hp_loss":0,"event_name":"World of Goop","floor":5,"gold_loss":0},{"damage_healed":0,"gold_gain":0,"player_choice":"Lose Max HP","damage_taken":0,"relics_obtained":["Golden Idol"],"max_hp_gain":0,"max_hp_loss":7,"event_name":"Golden Idol","floor":8,"gold_loss":0},{"damage_healed":0,"gold_gain":0,"player_choice":"Bought 3 Potions","damage_taken":0,"max_hp_gain":0,"max_hp_loss":0,"event_name":"The Woman in Blue","floor":10,"gold_loss":0},{"damage_healed":21,"gold_gain":0,"player_choice":"Banana","damage_taken":0,"max_hp_gain":0,"max_hp_loss":0,"event_name":"Big Fish","floor":13,"gold_loss":0},{"damage_healed":0,"gold_gain":0,"player_choice":"Ignored","damage_taken":0,"max_hp_gain":0,"max_hp_loss":0,"event_name":"Ghosts","floor":22,"gold_loss":0},{"damage_healed":0,"gold_gain":0,"player_choice":"Ignored","damage_taken":0,"max_hp_gain":0,"max_hp_loss":0,"event_name":"Cursed Tome","floor":24,"gold_loss":0},{"damage_healed":0,"gold_gain":0,"player_choice":"Trade","damage_taken":0,"relics_obtained":["FaceOfCleric"],"max_hp_gain":0,"max_hp_loss":0,"event_name":"FaceTrader","floor":25,"gold_loss":0},{"damage_healed":0,"gold_gain":0,"player_choice":"Ignored","damage_taken":0,"max_hp_gain":0,"max_hp_loss":0,"event_name":"Vampires","floor":28,"gold_loss":0}],"is_beta":false,"boss_relics":[{"not_picked":["Sozu","Tiny House"],"picked":"Astrolabe"}],"items_purged_floors":[21],"is_endless":false,"potions_floor_spawned":[1,7,12,14,19,27],"killed_by":"Chosen and Byrds","ascension_level":20}