{"gold_per_floor":[114,125,135,285,26,26,59,73,97,97,110,143,43,58,58,130,130,143,162,162,162,179,212,212,231,313,329,342,342,356,356,356,429,429,445,445,141,152,170,202,202,230,230,241,91,108,118,129,129,129,129],"floor_reached":52,"playtime":1862,"items_purged":["Doubt","Strike_R","Strike_R+1","Shame"],"score":2050,"play_id":"ce042f15-437a-42ba-a2d1-1cc2ea9afd6b","local_time":"20190508023931","is_ascension_mode":true,"campfire_choices":[{"data":"Combust","floor":6.0,"key":"SMITH"},{"floor":10.0,"key":"REST"},{"data":"Uppercut","floor":15.0,"key":"SMITH"},{"floor":24.0,"key":"REST"},{"floor":29.0,"key":"REST"},{"data":"Body Slam","floor":32.0,"key":"SMITH"},{"data":"Armaments","floor":49.0,"key":"SMITH"}],"neow_cost":"PERCENT_DAMAGE","seed_source_timestamp":202245085061500,"circlet_count":0,"master_deck":["AscendersBane","Strike_R+1","Strike_R+1","Defend_R+1","Defend_R+1","Defend_R+1","Defend_R+1","Bash","Anger","Clothesline","Combust+1","Bludgeon","Blood for Blood","Flame Barrier","Second Wind","Uppercut+1","Double Tap","Power Through","Clash","Offering","Rage","Rupture+1","Pain","Body Slam+1","Reaper","Immolate","Shrug It Off+1","Impervious","Ghostly Armor+1","Bloodletting","Disarm+1","Heavy Blade","Inflame+1","Armaments+1"],"special_seed":0,"relics":["Burning Blood","Pen Nib","Bag of Preparation","Lantern","Cursed Key","Darkstone Periapt","Blue Candle","Enchiridion","Runic Cube","Pear","Meat on the Bone","Bottled Tornado"],"potions_floor_usage":[],"damage_taken":[{"damage":12.0,"enemies":"2 Louse","floor":1.0,"turns":4.0},{"damage":16.0,"enemies":"Jaw Worm","floor":2.0,"turns":5.0},{"damage":9.0,"enemies":"Cultist","floor":3.0,"turns":4.0},{"damage":24.0,"enemies":"3 Sentries","floor":7.0,"turns":5.0},{"damage":7.0,"enemies":"2 Fungi Beasts","floor":8.0,"turns":3.0},{"damage":6.0,"enemies":"Looter","floor":11.0,"turns":3.0},{"damage":13.0,"enemies":"Lagavulin","floor":12.0,"turns":5.0},{"damage":2.0,"enemies":"Exordium Wildlife","floor":14.0,"turns":2.0},{"damage":23.0,"enemies":"Slime Boss","floor":16.0,"turns":7.0},{"damage":28.0,"enemies":"3 Byrds","floor":18.0,"turns":3.0},{"damage":13.0,"enemies":"2 Thieves","floor":19.0,"turns":4.0},{"damage":8.0,"enemies":"Snecko","floor":22.0,"turns":3.0},{"damage":28.0,"enemies":"Book of Stabbing","floor":23.0,"turns":4.0},{"damage":18.0,"enemies":"Centurion and Healer","floor":25.0,"turns":4.0},{"damage":0.0,"enemies":"3 Cultists","floor":27.0,"turns":3.0},{"damage":21.0,"enemies":"Snake Plant","floor":28.0,"turns":3.0},{"damage":7.0,"enemies":"Centurion and Healer","floor":30.0,"turns":4.0},{"damage":76.0,"enemies":"Automaton","floor":33.0,"turns":7.0},{"damage":1.0,"enemies":"3 Shapes","floor":35.0,"turns":7.0},{"damage":0.0,"enemies":"Orb Walker","floor":38.0,"turns":2.0},{"damage":13.0,"enemies":"4 Shapes","floor":39.0,"turns":5.0},{"damage":36.0,"enemies":"Reptomancer","floor":40.0,"turns":4.0},{"damage":40.0,"enemies":"Giant Head","floor":42.0,"turns":5.0},{"damage":23.0,"enemies":"Writhing Mass","floor":44.0,"turns":8.0},{"damage":21.0,"enemies":"Sphere and 2 Shapes","floor":46.0,"turns":7.0},{"damage":40.0,"enemies":"3 Darklings","floor":47.0,"turns":5.0},{"damage":20.0,"enemies":"Spire Growth","floor":48.0,"turns":1.0},{"damage":44,"enemies":"Time Eater","floor":50,"turns":7},{"damage":84,"enemies":"Donu and Deca","floor":51,"turns":7}],"seed_played":"-3520205265070498305","potions_obtained":[{"floor":2.0,"key":"EssenceOfSteel"},{"floor":8.0,"key":"Dexterity Potion"},{"floor":12.0,"key":"SteroidPotion"},{"floor":16.0,"key":"SteroidPotion"},{"floor":23.0,"key":"FearPotion"},{"floor":27.0,"key":"BloodPotion"},{"floor":28.0,"key":"PowerPotion"},{"floor":38.0,"key":"SpeedPotion"},{"floor":39.0,"key":"SkillPotion"},{"floor":47.0,"key":"SteroidPotion"},{"floor":48.0,"key":"Strength Potion"}],"is_trial":false,"path_per_floor":["M","M","M","?","$","R","E","M","T","R","M","E","$","M","R","B",null,"M","M","?","?","M","E","R","M","T","M","M","R","M","?","R","B",null,"M","?","$","M","M","E","?","E","T","M","$","M","M","M","R","B","B",null],"character_chosen":"IRONCLAD","items_purchased":["Bludgeon","Cleave","Impervious"],"campfire_rested":3,"item_purchase_floors":[5,5,37],"current_hp_per_floor":[58,48,45,45,45,45,27,26,26,52,52,45,45,49,49,32,75,53,46,46,46,44,22,48,36,42,48,33,61,69,48,48,34,80,89,89,89,95,92,78,78,71,77,73,73,79,104,90,90,103,111],"gold":129,"neow_bonus":"TWENTY_PERCENT_HP_BONUS","is_prod":false,"is_daily":false,"chose_seed":false,"campfire_upgraded":4,"win_rate":0,"timestamp":1557250771,"path_taken":["M","M","M","?","$","R","E","M","T","R","M","E","?","M","R","BOSS","M","?","?","?","M","E","R","M","T","M","?","R","M","?","R","BOSS","M","?","$","M","M","E","?","E","T","?","$","M","?","?","R","BOSS","BOSS"],"build_version":"2019-01-23","purchased_purges":4,"victory":true,"max_hp_per_floor":[89,89,89,89,89,89,89,89,89,89,89,89,89,89,89,89,89,89,89,89,89,89,89,89,89,95,95,95,95,95,95,95,95,95,95,95,95,95,95,105,105,105,111,111,111,111,111,111,111,111,111],"card_choices":[{"not_picked":["Clothesline","Rampage"],"picked":"Anger","floor":1.0},{"not_picked":["Headbutt","Iron Wave"],"picked":"Clothesline","floor":2.0},{"not_picked":["Perfected Strike","Warcry"],"picked":"Combust","floor":3.0},{"not_picked":["Double Tap","Wild Strike"],"picked":"Blood for Blood","floor":7.0},{"not_picked":["Sword Boomerang","True Grit"],"picked":"Flame Barrier","floor":8.0},{"not_picked":["Iron Wave","Dropkick"],"picked":"Second Wind","floor":11.0},{"not_picked":["Spot Weakness","Perfected Strike"],"picked":"Uppercut","floor":12.0},{"not_picked":["Warcry","Flex","True Grit"],"picked":"SKIP","floor":14.0},{"not_picked":["Limit Break","Fiend Fire"],"picked":"Double Tap","floor":16.0},{"not_picked":["Body Slam","Sentinel"],"picked":"Power Through","floor":18.0},{"not_picked":["Warcry","Perfected Strike"],"picked":"Clash","floor":19.0},{"not_picked":["Heavy Blade","Wild Strike"],"picked":"Offering","floor":22.0},{"not_picked":["Clash","Warcry"],"picked":"Rage","floor":23.0},{"not_picked":["Reckless Charge","Headbutt"],"picked":"Rupture+1","floor":25.0},{"not_picked":["Intimidate","Sword Boomerang"],"picked":"Body Slam","floor":27.0},{"not_picked":["Dropkick","Heavy Blade","Havoc"],"picked":"SKIP","floor":28.0},{"not_picked":["Headbutt","Rupture"],"picked":"Reaper","floor":30.0},{"not_picked":["Fiend Fire","Exhume"],"picked":"Immolate","floor":33.0},{"not_picked":["Burning Pact","Heavy Blade"],"picked":"Shrug It Off+1","floor":35.0},{"not_picked":["Headbutt","Shockwave"],"picked":"Ghostly Armor+1","floor":38.0},{"not_picked":["Cleave","Reckless Charge","Shrug It Off"],"picked":"SKIP","floor":39.0},{"not_picked":["Perfected Strike+1","Bludgeon","Havoc"],"picked":"SKIP","floor":40.0},{"not_picked":["Metallicize","Clothesline"],"picked":"Disarm+1","floor":42.0},{"not_picked":["Warcry","Infernal Blade","Clash+1"],"picked":"SKIP","floor":44.0},{"not_picked":["Searing Blow","Flex"],"picked":"Heavy Blade","floor":46.0},{"not_picked":["Shrug It Off","Heavy Blade"],"picked":"Inflame+1","floor":47.0},{"not_picked":["Perfected Strike","Havoc"],"picked":"Armaments","floor":48.0}],"player_experience":4944979,"relics_obtained":[{"floor":7.0,"key":"Pen Nib"},{"floor":9.0,"key":"Bag of Preparation"},{"floor":12.0,"key":"Lantern"},{"floor":23.0,"key":"Darkstone Periapt"},{"floor":26.0,"key":"Blue Candle"},{"floor":31.0,"key":"Enchiridion"},{"floor":40.0,"key":"Pear"},{"floor":42.0,"key":"Meat on the Bone"},{"floor":43.0,"key":"Bottled Tornado"}],"event_choices":[{"damage_healed":0.0,"max_hp_gain":0.0,"max_hp_loss":0.0,"gold_gain":150.0,"event_name":"Liars Game","player_choice":"AGREE","floor":4.0,"gold_loss":0.0,"damage_taken":0.0,"cards_obtained":["Doubt"]},{"damage_healed":0.0,"max_hp_gain":0.0,"max_hp_loss":0.0,"gold_gain":0.0,"event_name":"Back to Basics","player_choice":"Simplicity","floor":20.0,"gold_loss":0.0,"damage_taken":0.0,"cards_upgraded":["Strike_R","Strike_R","Strike_R","Strike_R","Defend_R","Defend_R","Defend_R","Defend_R"]},{"damage_healed":0.0,"max_hp_gain":0.0,"max_hp_loss":0.0,"gold_gain":0.0,"event_name":"The Mausoleum","player_choice":"Ignored","floor":21.0,"gold_loss":0.0,"damage_taken":0.0},{"damage_healed":0.0,"max_hp_gain":0.0,"max_hp_loss":0.0,"gold_gain":0.0,"event_name":"Cursed Tome","player_choice":"Obtained Book","floor":31.0,"gold_loss":0.0,"damage_taken":21.0},{"cards_removed":["Strike_R"],"damage_healed":0.0,"max_hp_gain":0.0,"max_hp_loss":0.0,"gold_gain":0.0,"event_name":"Falling","player_choice":"Removed Attack","floor":36.0,"gold_loss":0.0,"damage_taken":0.0},{"damage_healed":0.0,"max_hp_gain":0.0,"max_hp_loss":0.0,"gold_gain":0.0,"cards_transformed":["Cleave"],"event_name":"Transmorgrifier","player_choice":"Transformed","floor":41.0,"gold_loss":0.0,"damage_taken":0.0,"cards_obtained":["Bloodletting"]}],"is_beta":false,"boss_relics":[{"not_picked":["Sozu","Black Star"],"picked":"Cursed Key"},{"not_picked":["Black Blood","Philosopher\u0027s Stone"],"picked":"Runic Cube"}],"items_purged_floors":[5,13,37,45],"is_endless":false,"potions_floor_spawned":[2,8,12,16,23,25,27,28,38,39,44,47,48],"ascension_level":20}