{"gold_per_floor":[20,35,55,74,85,85,10,10,10,10,39,59,94,107,107,184,184,201,47,66,85,85,85,111,111,111,130,130,130],"floor_reached":29,"playtime":948,"items_purged":["Strike_B","Strike_B"],"score":514,"play_id":"54afe03e-cbfc-4fed-ae45-779057661258","local_time":"20190626233103","is_ascension_mode":true,"campfire_choices":[{"data":"Zap","floor":6,"key":"SMITH"},{"floor":8,"key":"REST"},{"data":"Streamline","floor":10,"key":"SMITH"},{"data":"Barrage","floor":15,"key":"SMITH"},{"data":"Dualcast","floor":23,"key":"SMITH"},{"data":"Capacitor","floor":25,"key":"SMITH"},{"data":"Go for the Eyes","floor":28,"key":"SMITH"}],"neow_cost":"NO_GOLD","seed_source_timestamp":708188070119700,"circlet_count":0,"master_deck":["AscendersBane","Strike_B","Defend_B","Defend_B","Defend_B","Zap+1","Dualcast+1","Streamline+1","BootSequence","Echo Form","Cold Snap","Conserve Battery","Barrage+1","Go for the Eyes+1","Compile Driver","Undo","All For One","Barrage+1","Ball Lightning","Capacitor+1","Seek","Self Repair","Chill","Conserve Battery"],"relics":["Cracked Core","Blood Vial","Meat on the Bone","Philosopher\u0027s Stone","Centennial Puzzle","Calipers"],"potions_floor_usage":[11,16,18],"damage_taken":[{"damage":2,"enemies":"Cultist","floor":1,"turns":4},{"damage":5,"enemies":"Small Slimes","floor":2,"turns":3},{"damage":2,"enemies":"Jaw Worm","floor":3,"turns":3},{"damage":26,"enemies":"Exordium Wildlife","floor":4,"turns":4},{"damage":0,"enemies":"3 Louse","floor":5,"turns":2},{"damage":23,"enemies":"Gremlin Nob","floor":11,"turns":4},{"damage":0,"enemies":"Large Slime","floor":12,"turns":4},{"damage":11,"enemies":"3 Sentries","floor":13,"turns":5},{"damage":0,"enemies":"Blue Slaver","floor":14,"turns":2},{"damage":1,"enemies":"Slime Boss","floor":16,"turns":8},{"damage":12,"enemies":"2 Thieves","floor":18,"turns":3},{"damage":0,"enemies":"Chosen","floor":20,"turns":4},{"damage":7,"enemies":"Centurion and Healer","floor":21,"turns":6},{"damage":39,"enemies":"Gremlin Leader","floor":24,"turns":6},{"damage":9,"enemies":"Snake Plant","floor":27,"turns":4},{"damage":48,"enemies":"Book of Stabbing","floor":29,"turns":5}],"seed_played":"6586691334679328004","potions_obtained":[{"floor":2,"key":"FearPotion"},{"floor":4,"key":"FearPotion"},{"floor":13,"key":"Weak Potion"}],"is_trial":false,"path_per_floor":["M","M","M","M","M","R","$","R","T","R","E","M","E","M","R","B",null,"M","$","M","M","?","R","E","R","T","M","R","E"],"character_chosen":"DEFECT","items_purchased":["Ball Lightning"],"campfire_rested":1,"item_purchase_floors":[19],"current_hp_per_floor":[62,57,55,29,29,29,29,50,50,50,27,29,20,34,34,47,65,55,55,57,52,52,52,34,34,34,46,46,0],"gold":130,"neow_bonus":"REMOVE_TWO","is_prod":false,"is_daily":false,"chose_seed":false,"campfire_upgraded":6,"win_rate":0,"timestamp":1561559463,"path_taken":["M","M","M","M","M","R","$","R","T","R","E","M","E","M","R","BOSS","M","$","M","?","?","R","E","R","T","M","R","E"],"build_version":"2019-01-23","purchased_purges":2,"victory":false,"max_hp_per_floor":[71,71,71,71,71,71,71,71,71,71,71,71,71,71,71,71,71,71,71,71,71,71,71,71,71,71,71,71,71],"card_choices":[{"not_picked":["Consume","Coolheaded"],"picked":"Streamline","floor":1},{"not_picked":["Rebound","Turbo"],"picked":"BootSequence","floor":2},{"not_picked":["Redo","Rebound"],"picked":"Echo Form","floor":3},{"not_picked":["Steam","Compile Driver"],"picked":"Cold Snap","floor":4},{"not_picked":["Rip and Tear","Cold Snap"],"picked":"Conserve Battery","floor":5},{"not_picked":["Reinforced Body","Heatsinks"],"picked":"Barrage","floor":11},{"not_picked":["Turbo","Consume"],"picked":"Go for the Eyes","floor":12},{"not_picked":["Chaos","Recycle"],"picked":"Compile Driver","floor":13},{"not_picked":["Redo","Chaos"],"picked":"Undo","floor":14},{"not_picked":["Seek","Creative AI"],"picked":"All For One","floor":16},{"not_picked":["Streamline","Sweeping Beam"],"picked":"Barrage+1","floor":18},{"not_picked":["Redo","Hologram"],"picked":"Capacitor","floor":20},{"not_picked":["Genetic Algorithm","Sweeping Beam"],"picked":"Seek","floor":21},{"not_picked":["Leap","Stack"],"picked":"Chill","floor":24},{"not_picked":["Thunder Strike","Sunder"],"picked":"Conserve Battery","floor":27}],"player_experience":5497141,"relics_obtained":[{"floor":11,"key":"Blood Vial"},{"floor":13,"key":"Meat on the Bone"},{"floor":24,"key":"Centennial Puzzle"},{"floor":26,"key":"Calipers"}],"event_choices":[{"damage_healed":0,"gold_gain":0,"player_choice":"Read","damage_taken":0,"max_hp_gain":0,"max_hp_loss":0,"event_name":"The Library","floor":22,"gold_loss":0,"cards_obtained":["Self Repair"]}],"is_beta":false,"boss_relics":[{"not_picked":["Orrery","Black Star"],"picked":"Philosopher\u0027s Stone"}],"items_purged_floors":[7,19],"is_endless":false,"potions_floor_spawned":[2,4,13,14],"killed_by":"Book of Stabbing","ascension_level":20}