{"gold_per_floor":[110,128,139,139,150,150,177,195,219,237,237,298,326,345,345,417,417,428,428,428],"floor_reached":20,"playtime":724,"items_purged":[],"score":372,"play_id":"b876b1e6-92c8-4a9f-94ee-e6c5185bd5e8","local_time":"20190628014837","is_ascension_mode":true,"campfire_choices":[{"data":"Noxious Fumes","floor":6,"key":"SMITH"},{"data":"Noxious Fumes","floor":11,"key":"SMITH"},{"floor":15,"key":"REST"}],"neow_cost":"NONE","seed_source_timestamp":803069148270500,"circlet_count":0,"master_deck":["AscendersBane","Defend_G","Defend_G","Defend_G","Defend_G","Strike_G","Strike_G","Strike_G","Strike_G","Strike_G","Survivor","Neutralize","Masterful Stab","PiercingWail","Noxious Fumes+1","All Out Attack+1","Backflip+1","Noxious Fumes+1","Blur+1","Dodge and Roll","PiercingWail","Adrenaline","Deadly Poison","Well Laid Plans"],"relics":["Ring of the Snake","Happy Flower","Bronze Scales","Strawberry","War Paint","Black Star"],"potions_floor_usage":[7,10,12,13,18],"damage_taken":[{"damage":0,"enemies":"2 Louse","floor":1,"turns":2},{"damage":4,"enemies":"Cultist","floor":2,"turns":3},{"damage":0,"enemies":"Jaw Worm","floor":3,"turns":4},{"damage":2,"enemies":"2 Fungi Beasts","floor":5,"turns":3},{"damage":8,"enemies":"Gremlin Nob","floor":7,"turns":3},{"damage":3,"enemies":"Large Slime","floor":8,"turns":7},{"damage":2,"enemies":"Exordium Wildlife","floor":10,"turns":4},{"damage":31,"enemies":"Gremlin Nob","floor":12,"turns":4},{"damage":15,"enemies":"3 Sentries","floor":13,"turns":7},{"damage":0,"enemies":"3 Louse","floor":14,"turns":3},{"damage":11,"enemies":"The Guardian","floor":16,"turns":10},{"damage":0,"enemies":"2 Thieves","floor":18,"turns":4},{"damage":13,"enemies":"Colosseum Slavers","floor":20,"turns":5},{"damage":47,"enemies":"Colosseum Nobs","floor":20,"turns":3}],"seed_played":"-1527340243500617027","potions_obtained":[{"floor":3,"key":"SteroidPotion"},{"floor":5,"key":"Block Potion"},{"floor":10,"key":"FearPotion"},{"floor":12,"key":"Dexterity Potion"},{"floor":16,"key":"SkillPotion"}],"is_trial":false,"path_per_floor":["M","M","M","?","M","R","E","M","T","M","R","?","E","M","R","B",null,"M","?","?"],"character_chosen":"THE_SILENT","items_purchased":[],"campfire_rested":1,"item_purchase_floors":[],"current_hp_per_floor":[59,55,55,55,53,53,45,42,42,40,40,16,1,1,22,11,58,58,58,0],"gold":428,"neow_bonus":"TRANSFORM_CARD","is_prod":false,"is_daily":false,"chose_seed":false,"campfire_upgraded":2,"win_rate":0,"timestamp":1561654117,"path_taken":["M","M","M","?","M","R","E","M","T","?","R","?","E","M","R","BOSS","M","?","?"],"build_version":"2019-01-23","purchased_purges":0,"victory":false,"max_hp_per_floor":[66,66,66,66,66,66,66,66,66,66,66,73,73,73,73,73,73,73,73,73],"card_choices":[{"not_picked":["Poisoned Stab","Underhanded Strike"],"picked":"PiercingWail","floor":1},{"not_picked":["Poisoned Stab","Dodge and Roll"],"picked":"Noxious Fumes","floor":2},{"not_picked":["Flying Knee","Terror"],"picked":"All Out Attack","floor":3},{"not_picked":["Underhanded Strike","Outmaneuver","Infinite Blades"],"picked":"SKIP","floor":5},{"not_picked":["Flying Knee","Caltrops"],"picked":"Backflip","floor":7},{"not_picked":["Expertise","Distraction"],"picked":"Noxious Fumes","floor":8},{"not_picked":["Outmaneuver","Sucker Punch"],"picked":"Blur","floor":10},{"not_picked":["Unload","Prepared"],"picked":"Dodge and Roll","floor":12},{"not_picked":["Concentrate","Infinite Blades","Underhanded Strike"],"picked":"SKIP","floor":13},{"not_picked":["Underhanded Strike","Dagger Spray"],"picked":"PiercingWail","floor":14},{"not_picked":["A Thousand Cuts","Die Die Die"],"picked":"Adrenaline","floor":16},{"not_picked":["Infinite Blades","Outmaneuver"],"picked":"Deadly Poison","floor":18}],"player_experience":5513598,"relics_obtained":[{"floor":7,"key":"Happy Flower"},{"floor":9,"key":"Bronze Scales"},{"floor":12,"key":"Strawberry"},{"floor":13,"key":"War Paint"}],"event_choices":[{"damage_healed":0,"gold_gain":0,"player_choice":"Forge","damage_taken":0,"max_hp_gain":0,"max_hp_loss":0,"event_name":"Accursed Blacksmith","floor":4,"gold_loss":0,"cards_upgraded":["All Out Attack"]},{"damage_healed":0,"gold_gain":0,"player_choice":"Searched \u00271\u0027 times","damage_taken":0,"max_hp_gain":0,"max_hp_loss":0,"event_name":"Dead Adventurer","floor":12,"gold_loss":0},{"damage_healed":0,"gold_gain":0,"player_choice":"Read","damage_taken":0,"max_hp_gain":0,"max_hp_loss":0,"event_name":"The Library","floor":19,"gold_loss":0,"cards_obtained":["Well Laid Plans"]},{"damage_healed":0,"gold_gain":0,"player_choice":"Fight","damage_taken":0,"max_hp_gain":0,"max_hp_loss":0,"event_name":"Colosseum","floor":20,"gold_loss":0},{"damage_healed":0,"gold_gain":0,"player_choice":"Fought Nobs","damage_taken":0,"max_hp_gain":0,"max_hp_loss":0,"event_name":"Colosseum","floor":20,"gold_loss":0}],"is_beta":false,"boss_relics":[{"not_picked":["Fusion Hammer","Ectoplasm"],"picked":"Black Star"}],"items_purged_floors":[],"is_endless":false,"potions_floor_spawned":[3,5,10,12,16],"killed_by":"Colosseum Nobs","ascension_level":20}