{"gold_per_floor":[18,28,4,4,79,79,103,103,103,119,119,134,147,163,163,286,286,302,318,336,336,114,114,157,157],"floor_reached":25,"playtime":754,"items_purged":["Dropkick"],"score":215,"play_id":"ecb4868d-0f36-458f-a8f0-edecdb8c2562","local_time":"20190703232629","is_ascension_mode":false,"campfire_choices":[{"data":"Bash","floor":6,"key":"SMITH"},{"data":"Perfected Strike","floor":11,"key":"SMITH"},{"floor":15,"key":"REST"},{"data":"Limit Break","floor":23,"key":"SMITH"}],"neow_cost":"NO_GOLD","seed_source_timestamp":1074411394894392,"circlet_count":0,"master_deck":["Strike_R","Strike_R","Strike_R","Strike_R","Strike_R","Defend_R","Defend_R","Defend_R","Defend_R","Bash+1","Berserk","Twin Strike","Pommel Strike","Heavy Blade","Perfected Strike+1","Wild Strike","Whirlwind","Limit Break+1","Inflame+1"],"relics":["Black Blood","Golden Idol","Orichalcum","Blood Vial","Unceasing Top"],"potions_floor_usage":[13,16,24,25],"damage_taken":[{"damage":14,"enemies":"Jaw Worm","floor":1,"turns":5},{"damage":5,"enemies":"Small Slimes","floor":2,"turns":3},{"damage":0,"enemies":"Cultist","floor":7,"turns":3},{"damage":15,"enemies":"Exordium Wildlife","floor":10,"turns":4},{"damage":11,"enemies":"Lots of Slimes","floor":12,"turns":5},{"damage":7,"enemies":"Exordium Thugs","floor":13,"turns":4},{"damage":5,"enemies":"Red Slaver","floor":14,"turns":3},{"damage":67,"enemies":"The Guardian","floor":16,"turns":10},{"damage":12,"enemies":"Chosen","floor":18,"turns":5},{"damage":18,"enemies":"Spheric Guardian","floor":19,"turns":4},{"damage":19,"enemies":"Snecko","floor":20,"turns":4},{"damage":39,"enemies":"Gremlin Leader","floor":24,"turns":8},{"damage":38,"enemies":"Shelled Parasite and Fungi","floor":25,"turns":5}],"seed_played":"-4532626575573796543","potions_obtained":[{"floor":2,"key":"LiquidBronze"},{"floor":7,"key":"Block Potion"},{"floor":20,"key":"Weak Potion"},{"floor":24,"key":"Fire Potion"}],"is_trial":false,"path_per_floor":["M","M","$","?","?","R","M","?","T","M","R","M","M","M","R","B",null,"M","M","M","?","$","R","E","M"],"character_chosen":"IRONCLAD","items_purchased":["Heavy Blade","Blood Vial"],"campfire_rested":1,"item_purchase_floors":[3,22],"current_hp_per_floor":[72,73,73,73,66,66,72,65,65,56,56,51,50,51,73,12,74,72,64,55,55,55,55,28,0],"gold":157,"neow_bonus":"THREE_RARE_CARDS","is_prod":false,"is_daily":false,"chose_seed":false,"campfire_upgraded":3,"win_rate":0,"timestamp":1562192789,"path_taken":["M","M","$","?","?","R","?","?","T","M","R","M","M","M","R","BOSS","M","?","M","?","$","R","E","?"],"build_version":"2019-07-01","purchased_purges":1,"victory":false,"max_hp_per_floor":[80,80,80,74,74,74,74,74,74,74,74,74,74,74,74,74,74,74,74,74,74,74,74,74,74],"card_choices":[{"not_picked":["Bludgeon","Reaper"],"picked":"Berserk","floor":0},{"not_picked":["Clash","Cleave"],"picked":"Twin Strike","floor":1},{"not_picked":["Twin Strike","Immolate"],"picked":"Pommel Strike","floor":2},{"not_picked":["Clothesline","Evolve","Feel No Pain"],"picked":"SKIP","floor":7},{"not_picked":["Headbutt","Havoc"],"picked":"Perfected Strike","floor":10},{"not_picked":["Fire Breathing","True Grit","Iron Wave"],"picked":"SKIP","floor":12},{"not_picked":["Clash","Flex"],"picked":"Wild Strike","floor":13},{"not_picked":["Second Wind","Body Slam"],"picked":"Whirlwind","floor":14},{"not_picked":["Immolate","Fiend Fire"],"picked":"Limit Break","floor":16},{"not_picked":["Iron Wave","Clash"],"picked":"Dropkick","floor":18},{"not_picked":["Dropkick+1","Thunderclap"],"picked":"Inflame+1","floor":19},{"not_picked":["Metallicize","Clothesline+1","Combust"],"picked":"SKIP","floor":20},{"not_picked":["Headbutt","Blood for Blood","Body Slam"],"picked":"SKIP","floor":24}],"player_experience":113580,"relics_obtained":[{"floor":9,"key":"Orichalcum"},{"floor":24,"key":"Unceasing Top"}],"event_choices":[{"damage_healed":0,"gold_gain":0,"player_choice":"Lose Max HP","damage_taken":0,"relics_obtained":["Golden Idol"],"max_hp_gain":0,"max_hp_loss":6,"event_name":"Golden Idol","floor":4,"gold_loss":0},{"damage_healed":0,"gold_gain":75,"player_choice":"Touch","damage_taken":7,"max_hp_gain":0,"max_hp_loss":0,"event_name":"FaceTrader","floor":5,"gold_loss":0},{"damage_healed":0,"gold_gain":0,"player_choice":"Damaged","damage_taken":7,"max_hp_gain":0,"max_hp_loss":0,"event_name":"Wheel of Change","floor":8,"gold_loss":0},{"damage_healed":0,"gold_gain":0,"player_choice":"Ignored","damage_taken":0,"max_hp_gain":0,"max_hp_loss":0,"event_name":"N\u0027loth","floor":21,"gold_loss":0}],"is_beta":false,"boss_relics":[{"not_picked":["Lizard Tail","Eternal Feather"],"picked":"Black Blood"}],"items_purged_floors":[22],"is_endless":false,"potions_floor_spawned":[2,7,20,24],"killed_by":"Shelled Parasite and Fungi","ascension_level":0}