{"gold_per_floor":[369,69,82,97,97,97,126,145,145,162,110,110,121,146,146,249,249,261,261,274,284,50,50,50,50,50,67,79,79,107,118,118,217,217,237,255,30,48,12,12,41,41,65,65,0,0,13,39,39,39],"floor_reached":50,"playtime":1396,"items_purged":["Doubt"],"score":878,"play_id":"b657c15c-85a1-4fc7-96be-65b42a2a0751","local_time":"20190706224848","is_ascension_mode":true,"campfire_choices":[{"data":"Armaments","floor":6,"key":"SMITH"},{"data":"Perfected Strike","floor":12,"key":"SMITH"},{"floor":15,"key":"REST"},{"data":"Dual Wield","floor":23,"key":"SMITH"},{"data":"Perfected Strike","floor":25,"key":"SMITH"},{"data":"Limit Break","floor":32,"key":"SMITH"},{"data":"Limit Break","floor":40,"key":"SMITH"},{"data":"Demon Form","floor":42,"key":"SMITH"},{"data":"Pommel Strike","floor":44,"key":"SMITH"},{"floor":49,"key":"REST"}],"neow_cost":"CURSE","seed_source_timestamp":1330710245772706,"circlet_count":0,"master_deck":["Strike_R","Strike_R","Strike_R","Strike_R","Strike_R","Defend_R","Defend_R","Defend_R","Defend_R","Bash+1","Perfected Strike+1","Armaments+1","Thunderclap","Perfected Strike+1","Perfected Strike+1","Twin Strike","Battle Trance","Demon Form+1","Pommel Strike","Dual Wield+1","Twin Strike","Twin Strike+1","Pommel Strike+1","Limit Break+1","Spot Weakness+1","Reaper","Cleave+1","Twin Strike+1","Shrug It Off+1","Reaper","Berserk"],"relics":["Burning Blood","Anchor","Orichalcum","Gremlin Horn","Ice Cream","Velvet Choker","Membership Card","Ornamental Fan","Pen Nib","Orrery","Paper Frog","Lee\u0027s Waffle","Bag of Marbles","Centennial Puzzle","Red Mask","Self Forming Clay"],"potions_floor_usage":[7,16,21,31,36,47,50,50],"damage_taken":[{"damage":14,"enemies":"Cultist","floor":1,"turns":5},{"damage":16,"enemies":"Jaw Worm","floor":3,"turns":4},{"damage":4,"enemies":"Small Slimes","floor":4,"turns":3},{"damage":25,"enemies":"3 Sentries","floor":7,"turns":8},{"damage":7,"enemies":"Gremlin Gang","floor":8,"turns":5},{"damage":0,"enemies":"2 Fungi Beasts","floor":10,"turns":4},{"damage":4,"enemies":"Red Slaver","floor":13,"turns":2},{"damage":10,"enemies":"Gremlin Nob","floor":14,"turns":3},{"damage":0,"enemies":"Slime Boss","floor":16,"turns":5},{"damage":8,"enemies":"Shell Parasite","floor":18,"turns":3},{"damage":0,"enemies":"3 Byrds","floor":20,"turns":4},{"damage":25,"enemies":"Shelled Parasite and Fungi","floor":21,"turns":3},{"damage":0,"enemies":"Cultist and Chosen","floor":27,"turns":4},{"damage":12,"enemies":"Snecko","floor":28,"turns":3},{"damage":0,"enemies":"Gremlin Leader","floor":30,"turns":6},{"damage":0,"enemies":"Snake Plant","floor":31,"turns":2},{"damage":34,"enemies":"Automaton","floor":33,"turns":6},{"damage":3,"enemies":"3 Shapes","floor":35,"turns":3},{"damage":0,"enemies":"Orb Walker","floor":36,"turns":2},{"damage":20,"enemies":"Jaw Worm Horde","floor":38,"turns":3},{"damage":27,"enemies":"Nemesis","floor":41,"turns":3},{"damage":0,"enemies":"4 Shapes","floor":47,"turns":2},{"damage":78,"enemies":"Giant Head","floor":48,"turns":7},{"damage":92,"enemies":"Awakened One","floor":50,"turns":8}],"seed_played":"-4990116756357704315","potions_obtained":[{"floor":3,"key":"AttackPotion"},{"floor":7,"key":"GamblersBrew"},{"floor":13,"key":"Ancient Potion"},{"floor":16,"key":"Dexterity Potion"},{"floor":20,"key":"PowerPotion"},{"floor":27,"key":"SkillPotion"},{"floor":31,"key":"Poison Potion"},{"floor":38,"key":"SpeedPotion"},{"floor":41,"key":"Fire Potion"},{"floor":47,"key":"SpeedPotion"}],"is_trial":false,"path_per_floor":["M","$","M","M","?","R","E","M","T","M","$","R","M","E","R","B",null,"M","?","M","M","$","R","?","R","T","M","M","?","E","M","R","B",null,"M","M","$","M","$","R","E","R","T","R","?","?","M","E","R","B"],"character_chosen":"IRONCLAD","items_purchased":["Anchor","Armaments","Thunderclap","Twin Strike","Membership Card","Dual Wield","Paper Frog","Lee\u0027s Waffle","Reaper"],"campfire_rested":2,"item_purchase_floors":[2,2,2,11,22,22,37,37,39],"current_hp_per_floor":[64,64,54,56,56,56,37,36,36,42,42,42,44,40,64,70,78,76,76,80,61,61,61,61,61,61,67,61,61,67,73,73,45,71,74,80,87,73,73,73,56,56,56,56,56,56,62,26,52,0],"gold":39,"neow_bonus":"TWO_FIFTY_GOLD","is_prod":false,"is_daily":false,"chose_seed":false,"campfire_upgraded":8,"win_rate":0,"timestamp":1562449728,"path_taken":["M","$","M","?","?","R","E","M","T","M","$","R","M","E","R","BOSS","M","?","M","M","$","R","?","R","T","M","?","?","E","M","R","BOSS","M","M","$","M","$","R","E","R","T","R","?","?","?","E","R","BOSS"],"build_version":"2019-07-05","purchased_purges":1,"victory":false,"max_hp_per_floor":[80,80,80,80,80,80,80,80,80,80,80,80,80,80,80,80,80,80,80,80,80,80,80,80,80,80,80,80,80,80,80,80,80,80,80,80,87,87,87,87,87,87,87,87,87,87,87,87,87,87],"card_choices":[{"not_picked":["Pummel","Metallicize"],"picked":"Perfected Strike","floor":1},{"not_picked":["Rupture","Infernal Blade","Cleave"],"picked":"SKIP","floor":3},{"not_picked":["Sword Boomerang","Metallicize","Armaments"],"picked":"SKIP","floor":4},{"not_picked":["Rage","Cleave"],"picked":"Perfected Strike","floor":7},{"not_picked":["Hemokinesis","Iron Wave","Thunderclap"],"picked":"SKIP","floor":8},{"not_picked":["Flex","Heavy Blade"],"picked":"Perfected Strike","floor":10},{"not_picked":["Infernal Blade","Disarm"],"picked":"Battle Trance","floor":13},{"not_picked":["Clothesline","Warcry","Headbutt"],"picked":"SKIP","floor":14},{"not_picked":["Juggernaut","Dark Embrace"],"picked":"Demon Form","floor":16},{"not_picked":["Warcry","True Grit"],"picked":"Pommel Strike","floor":18},{"not_picked":["Body Slam","Anger","Heavy Blade+1"],"picked":"SKIP","floor":20},{"not_picked":["Power Through+1","Disarm","Heavy Blade"],"picked":"SKIP","floor":21},{"not_picked":["Second Wind+1","True Grit+1"],"picked":"Twin Strike+1","floor":27},{"not_picked":["Cleave","Infernal Blade+1"],"picked":"Pommel Strike","floor":28},{"not_picked":["Second Wind","Shrug It Off"],"picked":"Limit Break","floor":30},{"not_picked":["Burning Pact+1","Bloodletting+1"],"picked":"Spot Weakness+1","floor":31},{"not_picked":["Juggernaut","Fiend Fire"],"picked":"Reaper","floor":33},{"not_picked":["Flex+1","Thunderclap+1"],"picked":"Cleave+1","floor":34},{"not_picked":["Entrench","Thunderclap"],"picked":"Twin Strike+1","floor":34},{"not_picked":["Wild Strike+1","Pummel+1"],"picked":"Limit Break","floor":35},{"not_picked":["Heavy Blade+1","Intimidate"],"picked":"Shrug It Off+1","floor":36},{"not_picked":["Clash","Anger+1","Sentinel"],"picked":"SKIP","floor":38},{"not_picked":["Headbutt+1","Body Slam","Havoc+1"],"picked":"SKIP","floor":41},{"not_picked":["Clothesline","Havoc+1","Shrug It Off"],"picked":"SKIP","floor":47},{"not_picked":["Demon Form","Havoc+1"],"picked":"Berserk","floor":48}],"player_experience":209540,"relics_obtained":[{"floor":7,"key":"Orichalcum"},{"floor":9,"key":"Gremlin Horn"},{"floor":14,"key":"Ice Cream"},{"floor":26,"key":"Ornamental Fan"},{"floor":30,"key":"Pen Nib"},{"floor":41,"key":"Bag of Marbles"},{"floor":43,"key":"Centennial Puzzle"},{"floor":48,"key":"Self Forming Clay"}],"event_choices":[{"damage_healed":0,"gold_gain":0,"player_choice":"Grow","damage_taken":0,"max_hp_gain":0,"max_hp_loss":0,"event_name":"Living Wall","floor":5,"gold_loss":0,"cards_upgraded":["Bash"]},{"damage_healed":0,"gold_gain":0,"player_choice":"Ignored","damage_taken":0,"max_hp_gain":0,"max_hp_loss":0,"event_name":"Beggar","floor":19,"gold_loss":0},{"damage_healed":0,"gold_gain":0,"player_choice":"1 cards matched","damage_taken":0,"max_hp_gain":0,"max_hp_loss":0,"event_name":"Match and Keep!","floor":24,"gold_loss":0,"cards_obtained":["Twin Strike"]},{"damage_healed":0,"gold_gain":0,"player_choice":"Forge","damage_taken":0,"max_hp_gain":0,"max_hp_loss":0,"event_name":"Accursed Blacksmith","floor":29,"gold_loss":0,"cards_upgraded":["Perfected Strike"]},{"damage_healed":0,"gold_gain":0,"player_choice":"Paid","damage_taken":0,"relics_obtained":["Red Mask"],"max_hp_gain":0,"max_hp_loss":0,"event_name":"Tomb of Lord Red Mask","floor":45,"gold_loss":65},{"cards_removed":["Limit Break"],"damage_healed":0,"gold_gain":0,"player_choice":"Removed Skill","damage_taken":0,"max_hp_gain":0,"max_hp_loss":0,"event_name":"Falling","floor":46,"gold_loss":0}],"is_beta":false,"boss_relics":[{"not_picked":["Runic Dome","Tiny House"],"picked":"Velvet Choker"},{"not_picked":["Runic Pyramid","Runic Cube"],"picked":"Orrery"}],"items_purged_floors":[2],"is_endless":false,"potions_floor_spawned":[3,7,13,16,20,27,30,31,33,38,41,47],"killed_by":"Awakened One","ascension_level":7}