{"gold_per_floor":[110,110,123,123,69,69,102,118,118,35,35,58,122,122,122,122],"floor_reached":16,"playtime":354,"items_purged":[],"score":167,"play_id":"cb68bd9c-9359-41f4-bfed-615974c153db","local_time":"20190714160012","is_ascension_mode":true,"campfire_choices":[{"data":"Perfected Strike","floor":6,"key":"SMITH"},{"data":"Shrug It Off","floor":15,"key":"SMITH"}],"neow_cost":"NONE","seed_source_timestamp":1998444999786715,"circlet_count":0,"master_deck":["AscendersBane","Strike_R","Strike_R","Strike_R","Strike_R","Strike_R","Defend_R","Defend_R","Defend_R","Defend_R","Bash+1","Perfected Strike+1","Armaments+1","Pommel Strike","Ghostly Armor","Twin Strike","Shrug It Off+1","Battle Trance","Pommel Strike"],"relics":["Burning Blood","Golden Idol","Self Forming Clay","Pear","StoneCalendar"],"potions_floor_usage":[12,16],"damage_taken":[{"damage":10,"enemies":"Small Slimes","floor":1,"turns":4},{"damage":6,"enemies":"2 Louse","floor":3,"turns":3},{"damage":32,"enemies":"Gremlin Nob","floor":7,"turns":4},{"damage":0,"enemies":"Jaw Worm","floor":8,"turns":2},{"damage":25,"enemies":"Gremlin Gang","floor":12,"turns":4},{"damage":79,"enemies":"Hexaghost","floor":16,"turns":11}],"seed_played":"5431872501016790670","potions_obtained":[{"floor":7,"key":"BloodPotion"},{"floor":12,"key":"Swift Potion"}],"is_trial":false,"path_per_floor":["M","?","M","?","$","R","E","M","T","$","?","M","?","T","R","B"],"character_chosen":"IRONCLAD","items_purchased":["Pommel Strike","Shrug It Off","Battle Trance"],"campfire_rested":0,"item_purchase_floors":[5,10,10],"current_hp_per_floor":[64,64,64,64,64,64,38,44,54,54,79,79,79,79,79,0],"gold":122,"neow_bonus":"UPGRADE_CARD","is_prod":false,"is_daily":false,"chose_seed":false,"campfire_upgraded":2,"win_rate":0,"timestamp":1563116412,"path_taken":["M","?","M","?","$","R","E","M","T","$","?","M","?","?","R","BOSS"],"build_version":"2019-07-05","purchased_purges":0,"victory":false,"max_hp_per_floor":[75,69,69,69,69,69,69,69,79,79,79,79,79,79,79,79],"card_choices":[{"not_picked":["Shrug It Off","Thunderclap"],"picked":"Perfected Strike","floor":1},{"not_picked":["Thunderclap","Dropkick"],"picked":"Armaments","floor":3},{"not_picked":["Brutality","Cleave"],"picked":"Ghostly Armor","floor":7},{"not_picked":["Heavy Blade","Clothesline"],"picked":"Twin Strike","floor":8},{"not_picked":["True Grit","Blood for Blood"],"picked":"Pommel Strike","floor":12}],"player_experience":413788,"relics_obtained":[{"floor":7,"key":"Self Forming Clay"},{"floor":9,"key":"Pear"},{"floor":14,"key":"StoneCalendar"}],"event_choices":[{"damage_healed":0,"gold_gain":0,"player_choice":"Lose Max HP","damage_taken":0,"relics_obtained":["Golden Idol"],"max_hp_gain":0,"max_hp_loss":6,"event_name":"Golden Idol","floor":2,"gold_loss":0},{"damage_healed":0,"gold_gain":0,"player_choice":"Grow","damage_taken":0,"max_hp_gain":0,"max_hp_loss":0,"event_name":"Living Wall","floor":4,"gold_loss":0,"cards_upgraded":["Armaments"]},{"damage_healed":26,"gold_gain":0,"player_choice":"Banana","damage_taken":0,"max_hp_gain":0,"max_hp_loss":0,"event_name":"Big Fish","floor":11,"gold_loss":0},{"damage_healed":0,"gold_gain":64,"player_choice":"Gained Gold","damage_taken":0,"max_hp_gain":0,"max_hp_loss":0,"event_name":"Golden Wing","floor":13,"gold_loss":0}],"is_beta":false,"boss_relics":[],"items_purged_floors":[],"is_endless":false,"potions_floor_spawned":[7,12],"killed_by":"Hexaghost","ascension_level":14}