{"gold_per_floor":[119,119,194,215,215,246,259,259,283,327,327,352,352,387,387,481,481,501,247,247,2,0,0,24,24,98,112,27,77,77,110,110,208,208,222,243,243,368,368,408,154,154,154,154,29,29,0,13,13,13,13,13,13,13,57,57],"floor_reached":56,"playtime":2062,"items_purged":["Strike_B","Strike_B","Strike_B+1"],"score":2035,"play_id":"21bf471f-02a9-4c54-a4af-6bea1e1277be","local_time":"20190713015323","is_ascension_mode":true,"campfire_choices":[{"floor":8.0,"key":"REST"},{"floor":15.0,"key":"REST"},{"data":"Defragment","floor":23.0,"key":"SMITH"},{"data":"Recycle","floor":25.0,"key":"SMITH"},{"data":"Steam Power","floor":30.0,"key":"SMITH"},{"floor":32.0,"key":"REST"},{"data":"Zap","floor":42.0,"key":"SMITH"},{"floor":44.0,"key":"RECALL"},{"data":"Hologram","floor":49.0,"key":"SMITH"},{"data":"Madness","floor":53,"key":"SMITH"}],"neow_cost":"NONE","seed_source_timestamp":200066657708000,"circlet_count":0,"master_deck":["AscendersBane","Defend_B","Defend_B","Defend_B","Defend_B","Zap+1","Dualcast+1","FTL","Undo","Ball Lightning","Gash","Ball Lightning","Echo Form","Leap","All For One","Gash+1","All For One","Recycle+1","Defragment+1","Steam Power+1","Go for the Eyes+1","Reinforced Body","Reboot","Gash+1","Dark Shackles","Hologram+1","Madness","Madness+1"],"special_seed":0,"relics":["Cracked Core","NeowsBlessing","Golden Idol","Oddly Smooth Stone","Juzu Bracelet","Bird Faced Urn","Inserter","Pear","Orichalcum","Whetstone","Cursed Key","FossilizedHelix","Nunchaku","Potion Belt","Red Mask","StoneCalendar"],"potions_floor_usage":[51,51,56,56],"damage_taken":[{"damage":0.0,"enemies":"Small Slimes","floor":1.0,"turns":1.0},{"damage":0.0,"enemies":"2 Louse","floor":4.0,"turns":1.0},{"damage":0.0,"enemies":"Lagavulin","floor":6.0,"turns":1.0},{"damage":0.0,"enemies":"Jaw Worm","floor":7.0,"turns":4.0},{"damage":12.0,"enemies":"3 Sentries","floor":10.0,"turns":7.0},{"damage":0.0,"enemies":"2 Fungi Beasts","floor":12.0,"turns":2.0},{"damage":0.0,"enemies":"Lagavulin","floor":14.0,"turns":5.0},{"damage":20.0,"enemies":"Slime Boss","floor":16.0,"turns":8.0},{"damage":1.0,"enemies":"Spheric Guardian","floor":18.0,"turns":3.0},{"damage":6.0,"enemies":"Chosen","floor":24.0,"turns":4.0},{"damage":16.0,"enemies":"Snake Plant","floor":27.0,"turns":3.0},{"damage":36.0,"enemies":"Gremlin Leader","floor":31.0,"turns":7.0},{"damage":34.0,"enemies":"Collector","floor":33.0,"turns":7.0},{"damage":2.0,"enemies":"Orb Walker","floor":35.0,"turns":2.0},{"damage":19.0,"enemies":"3 Darklings","floor":36.0,"turns":5.0},{"damage":0.0,"enemies":"Mind Bloom Boss Battle","floor":38.0,"turns":6.0},{"damage":7.0,"enemies":"Nemesis","floor":40.0,"turns":7.0},{"damage":0.0,"enemies":"Spire Growth","floor":48.0,"turns":3.0},{"damage":0.0,"enemies":"Awakened One","floor":50.0,"turns":6.0},{"damage":52,"enemies":"Donu and Deca","floor":51,"turns":6},{"damage":38,"enemies":"Shield and Spear","floor":55,"turns":4},{"damage":21,"enemies":"The Heart","floor":56,"turns":2}],"seed_played":"-3099886132464340633","potions_obtained":[{"floor":1.0,"key":"PowerPotion"},{"floor":6.0,"key":"SpeedPotion"},{"floor":11.0,"key":"Explosive Potion"},{"floor":14.0,"key":"FearPotion"},{"floor":27.0,"key":"SpeedPotion"},{"floor":33.0,"key":"SteroidPotion"},{"floor":36.0,"key":"Swift Potion"},{"floor":48.0,"key":"PowerPotion"},{"floor":55,"key":"PowerPotion"}],"is_trial":false,"path_per_floor":["M","?","?","M","?","E","M","R","T","E","?","M","?","E","R","B",null,"M","$","?","$","?","R","M","R","T","M","?","?","R","E","R","B",null,"M","M","?","?","?","E","$","R","T","R","$","?","?","M","R","B","B",null,"R","$","E","B"],"character_chosen":"DEFECT","items_purchased":["All For One","Defragment","Block Potion","Potion Belt","FocusPotion"],"campfire_rested":3,"item_purchase_floors":[19,21,21,41,41],"current_hp_per_floor":[64,40,29,29,8,8,8,29,29,17,17,17,10,10,31,13,57,56,56,56,56,56,56,54,54,64,50,50,50,50,18,42,14,64,62,45,35,39,66,63,63,63,63,63,63,51,51,53,53,55,11,52,52,52,18,0],"gold":57,"neow_bonus":"THREE_ENEMY_KILL","is_prod":false,"is_daily":false,"chose_seed":false,"campfire_upgraded":6,"win_rate":0,"timestamp":1562950403,"path_taken":["M","?","?","M","?","E","?","R","T","E","?","M","?","E","R","BOSS","M","$","?","?","?","R","M","R","T","M","?","?","R","E","R","BOSS","M","M","?","?","?","E","$","R","T","R","?","?","?","M","R","BOSS","BOSS","R","$","E","BOSS"],"build_version":"2019-07-05","purchased_purges":3,"victory":false,"max_hp_per_floor":[71,71,71,71,71,71,71,71,71,71,71,71,71,71,71,71,71,71,71,71,71,71,71,71,71,81,81,81,81,81,81,81,81,81,81,81,81,81,66,66,66,66,66,66,66,66,66,66,66,66,66,66,66,66,66,66],"card_choices":[{"not_picked":["Barrage","Force Field"],"picked":"FTL","floor":1.0},{"not_picked":["Barrage","Beam Cell"],"picked":"Undo","floor":4.0},{"not_picked":["Coolheaded","Steam Power"],"picked":"Ball Lightning","floor":6.0},{"not_picked":["Cold Snap","Auto Shields"],"picked":"Gash","floor":7.0},{"not_picked":["Rebound","Leap"],"picked":"Ball Lightning","floor":10.0},{"not_picked":["Beam Cell","Heatsinks"],"picked":"Echo Form","floor":12.0},{"not_picked":["Compile Driver","Auto Shields"],"picked":"Leap","floor":14.0},{"not_picked":["Machine Learning","Meteor Strike"],"picked":"All For One","floor":16.0},{"not_picked":["Loop","Ball Lightning"],"picked":"Gash","floor":18.0},{"not_picked":["Compile Driver","Turbo"],"picked":"Steam Power","floor":24.0},{"not_picked":["Aggregate","Coolheaded"],"picked":"Go for the Eyes","floor":27.0},{"not_picked":["Coolheaded","Compile Driver"],"picked":"Reinforced Body","floor":31.0},{"not_picked":["Rainbow","Core Surge"],"picked":"Reboot","floor":33.0},{"not_picked":["Hello World","Beam Cell","Barrage"],"picked":"SKIP","floor":35.0},{"not_picked":["Compile Driver","Auto Shields+1"],"picked":"Gash+1","floor":36.0},{"not_picked":["Deep Breath","Good Instincts"],"picked":"Dark Shackles","floor":37.0},{"not_picked":["Barrage","Cold Snap"],"picked":"Hologram","floor":38.0},{"not_picked":["Stack","Self Repair","Sweeping Beam"],"picked":"SKIP","floor":40.0},{"not_picked":["Stack","Genetic Algorithm","Machine Learning"],"picked":"SKIP","floor":48.0},{"not_picked":["White Noise","Rebound","Cold Snap"],"picked":"SKIP","floor":55}],"player_experience":5663043,"relics_obtained":[{"floor":6.0,"key":"Oddly Smooth Stone"},{"floor":10.0,"key":"Juzu Bracelet"},{"floor":14.0,"key":"Bird Faced Urn"},{"floor":26.0,"key":"Pear"},{"floor":31.0,"key":"Whetstone"},{"floor":38.0,"key":"FossilizedHelix"},{"floor":40.0,"key":"Nunchaku"},{"floor":55,"key":"StoneCalendar"}],"event_choices":[{"damage_healed":0.0,"max_hp_gain":0.0,"max_hp_loss":0.0,"gold_gain":0.0,"event_name":"Golden Idol","player_choice":"Take Damage","floor":2.0,"gold_loss":0.0,"damage_taken":24.0,"relics_obtained":["Golden Idol"]},{"damage_healed":0.0,"max_hp_gain":0.0,"max_hp_loss":0.0,"gold_gain":75.0,"event_name":"World of Goop","player_choice":"Gather Gold","floor":3.0,"gold_loss":0.0,"damage_taken":11.0},{"damage_healed":0.0,"max_hp_gain":0.0,"max_hp_loss":0.0,"gold_gain":0.0,"event_name":"Shining Light","player_choice":"Entered Light","floor":5.0,"gold_loss":0.0,"damage_taken":21.0,"cards_upgraded":["Strike_B","Dualcast"]},{"damage_healed":0.0,"max_hp_gain":0.0,"max_hp_loss":0.0,"gold_gain":0.0,"event_name":"Lab","player_choice":"Got Potions","floor":11.0,"gold_loss":0.0,"damage_taken":0.0},{"cards_removed":["Strike_B"],"damage_healed":0.0,"max_hp_gain":0.0,"max_hp_loss":0.0,"gold_gain":0.0,"event_name":"Golden Wing","player_choice":"Card Removal","floor":13.0,"gold_loss":0.0,"damage_taken":7.0},{"damage_healed":0.0,"max_hp_gain":0.0,"max_hp_loss":0.0,"gold_gain":0.0,"event_name":"Match and Keep!","player_choice":"1 cards matched","floor":20.0,"gold_loss":0.0,"damage_taken":0.0,"cards_obtained":["Recycle"]},{"damage_healed":0.0,"max_hp_gain":0.0,"max_hp_loss":0.0,"gold_gain":0.0,"event_name":"Masked Bandits","player_choice":"Paid Fearfully","floor":22.0,"gold_loss":2.0,"damage_taken":0.0},{"damage_healed":0.0,"max_hp_gain":0.0,"max_hp_loss":0.0,"gold_gain":0.0,"event_name":"Addict","player_choice":"Obtained Relic","floor":28.0,"gold_loss":85.0,"damage_taken":0.0,"relics_obtained":["Orichalcum"]},{"damage_healed":0.0,"max_hp_gain":0.0,"max_hp_loss":0.0,"gold_gain":50.0,"event_name":"Nest","player_choice":"Stole From Cult","floor":29.0,"gold_loss":0.0,"damage_taken":0.0},{"damage_healed":0.0,"max_hp_gain":0.0,"max_hp_loss":0.0,"gold_gain":0.0,"event_name":"SensoryStone","player_choice":"Memory 3","floor":37.0,"gold_loss":0.0,"damage_taken":10.0},{"damage_healed":0.0,"max_hp_gain":0.0,"max_hp_loss":0.0,"gold_gain":0.0,"event_name":"MindBloom","player_choice":"Fight","floor":38.0,"gold_loss":0.0,"damage_taken":0.0},{"damage_healed":66.0,"max_hp_gain":0.0,"max_hp_loss":15.0,"gold_gain":0.0,"event_name":"The Moai Head","player_choice":"Heal","floor":39.0,"gold_loss":0.0,"damage_taken":0.0},{"damage_healed":0.0,"max_hp_gain":0.0,"max_hp_loss":0.0,"gold_gain":0.0,"event_name":"Winding Halls","player_choice":"Embrace Madness","floor":46.0,"gold_loss":0.0,"damage_taken":12.0,"cards_obtained":["Madness","Madness"]},{"damage_healed":0.0,"max_hp_gain":0.0,"max_hp_loss":0.0,"gold_gain":0.0,"event_name":"Tomb of Lord Red Mask","player_choice":"Paid","floor":47.0,"gold_loss":29.0,"damage_taken":0.0,"relics_obtained":["Red Mask"]}],"is_beta":false,"boss_relics":[{"not_picked":["Velvet Choker","Ectoplasm"],"picked":"Inserter"},{"not_picked":["Black Star","Fusion Hammer"],"picked":"Cursed Key"}],"items_purged_floors":[19,21,45],"is_endless":false,"potions_floor_spawned":[1,6,14,27,33,36,38,48,55],"killed_by":"The Heart","ascension_level":20}