{"gold_per_floor":[115,190,201,201,217,217,231,241,268,284,300,300,300,14,14,88,88,98,98,115,126,136,136,136],"floor_reached":24,"playtime":841,"items_purged":[],"score":384,"play_id":"12c8bd5e-b7ec-4ef5-affc-fdce99dc6494","local_time":"20190420034555","is_ascension_mode":true,"campfire_choices":[{"floor":6.0,"key":"REST"},{"data":"Bouncing Flask","floor":13.0,"key":"SMITH"},{"floor":15.0,"key":"REST"},{"floor":23,"key":"REST"}],"neow_cost":"PERCENT_DAMAGE","seed_source_timestamp":271757754412100,"circlet_count":0,"master_deck":["AscendersBane","Defend_G","Defend_G","Defend_G","Defend_G","Strike_G","Strike_G","Strike_G","Strike_G","Survivor","Neutralize","Infinite Blades","PiercingWail","Backflip","Underhanded Strike","Prepared","Malaise","Dagger Throw","Bouncing Flask+1","Backstab","Backstab","Glass Knife","Outmaneuver+1","Dodge and Roll","Tactician","Well Laid Plans"],"special_seed":0,"relics":["Ring of the Snake","Dream Catcher","Smiling Mask","Paper Crane","Eternal Feather","MutagenicStrength"],"potions_floor_usage":[22,22],"damage_taken":[{"damage":9.0,"enemies":"Small Slimes","floor":1.0,"turns":6.0},{"damage":0.0,"enemies":"2 Louse","floor":3.0,"turns":4.0},{"damage":2.0,"enemies":"Cultist","floor":5.0,"turns":5.0},{"damage":3.0,"enemies":"Blue Slaver","floor":7.0,"turns":7.0},{"damage":16.0,"enemies":"Large Slime","floor":8.0,"turns":10.0},{"damage":9.0,"enemies":"3 Louse","floor":10.0,"turns":5.0},{"damage":6.0,"enemies":"2 Fungi Beasts","floor":11.0,"turns":4.0},{"damage":6.0,"enemies":"Hexaghost","floor":16.0,"turns":10.0},{"damage":21.0,"enemies":"Chosen","floor":18.0,"turns":5.0},{"damage":0.0,"enemies":"Spheric Guardian","floor":20.0,"turns":1.0},{"damage":21.0,"enemies":"3 Cultists","floor":21.0,"turns":7.0},{"damage":10,"enemies":"Chosen and Byrds","floor":22,"turns":6},{"damage":37,"enemies":"Gremlin Leader","floor":24,"turns":7}],"seed_played":"-7276635655988495162","potions_obtained":[{"floor":3.0,"key":"LiquidBronze"},{"floor":5.0,"key":"Swift Potion"},{"floor":11.0,"key":"Block Potion"},{"floor":20.0,"key":"FearPotion"},{"floor":21.0,"key":"Energy Potion"}],"is_trial":false,"path_per_floor":["M","?","M","?","M","R","M","M","T","M","M","?","R","$","R","B",null,"M","?","M","M","M","R","E"],"character_chosen":"THE_SILENT","items_purchased":["Paper Crane"],"campfire_rested":3,"item_purchase_floors":[14],"current_hp_per_floor":[35,24,24,24,22,41,38,22,22,13,7,7,7,7,26,20,55,34,34,34,13,3,37,0],"gold":136,"neow_bonus":"TRANSFORM_TWO_CARDS","is_prod":false,"is_daily":false,"chose_seed":false,"campfire_upgraded":1,"win_rate":0,"timestamp":1555699555,"path_taken":["M","?","M","?","M","R","M","M","T","M","?","?","R","$","R","BOSS","M","?","M","M","M","R","E"],"build_version":"2019-01-23","purchased_purges":0,"victory":false,"max_hp_per_floor":[66,66,66,66,66,66,66,66,66,66,66,66,66,66,66,66,66,66,66,66,66,66,66,66],"card_choices":[{"not_picked":["Blade Dance","Dagger Spray"],"picked":"PiercingWail","floor":1.0},{"not_picked":["Prepared","Escape Plan"],"picked":"Backflip","floor":3.0},{"not_picked":["Bane","Acrobatics"],"picked":"Underhanded Strike","floor":5.0},{"not_picked":["Calculated Gamble","Bane"],"picked":"Prepared","floor":6.0},{"not_picked":["Flechettes","Outmaneuver"],"picked":"Malaise","floor":7.0},{"not_picked":["Catalyst","Accuracy"],"picked":"Dagger Throw","floor":8.0},{"not_picked":["Eviscerate","Acrobatics"],"picked":"Bouncing Flask","floor":10.0},{"not_picked":["Sucker Punch","Leg Sweep"],"picked":"Backstab","floor":11.0},{"not_picked":["After Image","Acrobatics"],"picked":"Backstab","floor":15.0},{"not_picked":["Phantasmal Killer","A Thousand Cuts"],"picked":"Glass Knife","floor":16.0},{"not_picked":["Deadly Poison+1","Well Laid Plans"],"picked":"Outmaneuver+1","floor":18.0},{"not_picked":["Riddle With Holes","Eviscerate"],"picked":"Dodge and Roll","floor":20.0},{"not_picked":["Eviscerate","PiercingWail"],"picked":"Tactician","floor":21.0},{"not_picked":["Prepared","Blade Dance","Bane"],"picked":"SKIP","floor":22},{"not_picked":["Underhanded Strike+1","Flying Knee"],"picked":"Well Laid Plans","floor":23}],"player_experience":4850774,"relics_obtained":[{"floor":9.0,"key":"Smiling Mask"}],"event_choices":[{"damage_healed":0.0,"max_hp_gain":0.0,"max_hp_loss":0.0,"gold_gain":75.0,"event_name":"World of Goop","player_choice":"Gather Gold","floor":2.0,"gold_loss":0.0,"damage_taken":11.0},{"cards_removed":["Tools of the Trade"],"damage_healed":0.0,"max_hp_gain":0.0,"max_hp_loss":0.0,"gold_gain":0.0,"event_name":"WeMeetAgain","player_choice":"Gave Card","floor":4.0,"gold_loss":0.0,"damage_taken":0.0,"relics_obtained":["Dream Catcher"]},{"damage_healed":0.0,"max_hp_gain":0.0,"max_hp_loss":0.0,"gold_gain":0.0,"event_name":"Liars Game","player_choice":"Ignored","floor":12.0,"gold_loss":0.0,"damage_taken":0.0},{"damage_healed":0.0,"max_hp_gain":0.0,"max_hp_loss":0.0,"gold_gain":0.0,"event_name":"Drug Dealer","player_choice":"Inject Mutagens","floor":19.0,"gold_loss":0.0,"damage_taken":0.0,"relics_obtained":["MutagenicStrength"]}],"is_beta":false,"boss_relics":[{"not_picked":["HoveringKite","Velvet Choker"],"picked":"Eternal Feather"}],"items_purged_floors":[],"is_endless":false,"potions_floor_spawned":[3,5,10,11,20,21],"killed_by":"Gremlin Leader","ascension_level":20}