{"gold_per_floor":[110,127,142,48,67,67,102,102,102,102,120,120,149,149,149,250,250,262,262,262,272,272,272,285,304,330,345,345,361,361,375,375,375],"floor_reached":33,"playtime":861,"items_purged":[],"score":324,"play_id":"fea02596-6f39-4193-ae58-cdfad09744d4","local_time":"20190705042014","is_ascension_mode":true,"campfire_choices":[{"data":"True Grit","floor":6,"key":"SMITH"},{"data":"Perfected Strike","floor":10,"key":"SMITH"},{"data":"Perfected Strike","floor":12,"key":"SMITH"},{"floor":15,"key":"REST"},{"data":"Intimidate","floor":23,"key":"SMITH"},{"data":"Perfected Strike","floor":28,"key":"SMITH"},{"data":"True Grit","floor":30,"key":"SMITH"},{"floor":32,"key":"REST"}],"neow_cost":"TEN_PERCENT_HP_LOSS","seed_source_timestamp":1178328384184809,"circlet_count":0,"master_deck":["Strike_R+1","Strike_R","Strike_R","Strike_R","Strike_R","Defend_R","Defend_R","Defend_R","Defend_R+1","Bash","Perfected Strike+1","True Grit+1","Perfected Strike+1","Wild Strike","Shrug It Off+1","Disarm+1","Perfected Strike+1","Reaper","Spot Weakness","Intimidate+1","Writhe","Wild Strike","Thunderclap+1","Feed","True Grit+1"],"relics":["Burning Blood","Charon\u0027s Ashes","Boot","The Courier","Shuriken","War Paint","Philosopher\u0027s Stone","Omamori","Strawberry"],"potions_floor_usage":[16,29,31,31,33,33],"damage_taken":[{"damage":1,"enemies":"Cultist","floor":1,"turns":4},{"damage":5,"enemies":"Small Slimes","floor":2,"turns":3},{"damage":9,"enemies":"Jaw Worm","floor":3,"turns":3},{"damage":3,"enemies":"Looter","floor":5,"turns":3},{"damage":10,"enemies":"Gremlin Nob","floor":7,"turns":3},{"damage":0,"enemies":"Large Slime","floor":11,"turns":4},{"damage":19,"enemies":"Lagavulin","floor":13,"turns":6},{"damage":38,"enemies":"Slime Boss","floor":16,"turns":11},{"damage":14,"enemies":"2 Thieves","floor":18,"turns":4},{"damage":4,"enemies":"Chosen","floor":21,"turns":3},{"damage":0,"enemies":"Snecko","floor":24,"turns":3},{"damage":27,"enemies":"Sentry and Sphere","floor":25,"turns":4},{"damage":7,"enemies":"Snake Plant","floor":27,"turns":3},{"damage":23,"enemies":"Shelled Parasite and Fungi","floor":29,"turns":3},{"damage":7,"enemies":"Centurion and Healer","floor":31,"turns":3},{"damage":94,"enemies":"Champ","floor":33,"turns":11}],"seed_played":"-1044330239533696461","potions_obtained":[{"floor":3,"key":"PowerPotion"},{"floor":5,"key":"BloodPotion"},{"floor":11,"key":"Weak Potion"},{"floor":21,"key":"Energy Potion"},{"floor":29,"key":"AttackPotion"},{"floor":31,"key":"Explosive Potion"}],"is_trial":false,"path_per_floor":["M","M","M","$","M","R","E","?","T","R","M","R","E","?","R","B",null,"M","?","?","M","?","R","M","M","T","M","R","M","R","M","R","B"],"character_chosen":"IRONCLAD","items_purchased":["Wild Strike","Shrug It Off"],"campfire_rested":2,"item_purchase_floors":[4,4],"current_hp_per_floor":[72,72,69,69,72,72,68,56,56,56,62,62,49,35,56,24,60,62,62,62,70,70,70,72,51,58,57,57,40,40,42,66,0],"gold":375,"neow_bonus":"ONE_RARE_RELIC","is_prod":false,"is_daily":false,"chose_seed":false,"campfire_upgraded":6,"win_rate":0,"timestamp":1562296814,"path_taken":["M","M","?","$","M","R","E","?","T","R","M","R","E","?","R","BOSS","M","?","?","M","?","R","M","M","T","M","R","M","R","M","R","BOSS"],"build_version":"2019-07-01","purchased_purges":0,"victory":false,"max_hp_per_floor":[72,72,72,72,72,72,72,72,72,72,72,72,72,72,72,72,72,72,72,72,72,72,72,72,72,79,79,79,79,79,82,82,82],"card_choices":[{"not_picked":["Headbutt","Sword Boomerang"],"picked":"Perfected Strike","floor":1},{"not_picked":["Clash","Fire Breathing"],"picked":"True Grit","floor":2},{"not_picked":["Twin Strike","Wild Strike"],"picked":"Perfected Strike","floor":3},{"not_picked":["Clash","Iron Wave"],"picked":"Disarm","floor":5},{"not_picked":["Heavy Blade","Clothesline","Immolate"],"picked":"SKIP","floor":7},{"not_picked":["Rage","Thunderclap"],"picked":"Perfected Strike","floor":11},{"not_picked":["Heavy Blade","Clothesline","Evolve"],"picked":"SKIP","floor":13},{"not_picked":["Impervious","Limit Break"],"picked":"Reaper","floor":16},{"not_picked":["Shrug It Off","Infernal Blade+1"],"picked":"Spot Weakness","floor":18},{"not_picked":["Rupture","Shrug It Off"],"picked":"Intimidate","floor":21},{"not_picked":["Rage","Anger"],"picked":"Wild Strike","floor":24},{"not_picked":["Blood for Blood","Heavy Blade"],"picked":"Thunderclap+1","floor":25},{"not_picked":["Disarm+1","Spot Weakness+1"],"picked":"Feed","floor":27},{"not_picked":["Headbutt","Clash"],"picked":"True Grit","floor":29},{"not_picked":["Warcry","Iron Wave","Bloodletting"],"picked":"SKIP","floor":31}],"player_experience":177744,"relics_obtained":[{"floor":7,"key":"Boot"},{"floor":9,"key":"Shuriken"},{"floor":13,"key":"War Paint"},{"floor":26,"key":"Strawberry"}],"event_choices":[{"damage_healed":0,"gold_gain":0,"player_choice":"Success","damage_taken":12,"relics_obtained":["The Courier"],"max_hp_gain":0,"max_hp_loss":0,"event_name":"Scrap Ooze","floor":8,"gold_loss":0},{"damage_healed":0,"gold_gain":0,"player_choice":"Entered Light","damage_taken":14,"max_hp_gain":0,"max_hp_loss":0,"event_name":"Shining Light","floor":14,"gold_loss":0,"cards_upgraded":["Defend_R","Strike_R"]},{"damage_healed":0,"gold_gain":0,"player_choice":"Ignored","damage_taken":0,"max_hp_gain":0,"max_hp_loss":0,"event_name":"Ghosts","floor":19,"gold_loss":0},{"damage_healed":0,"gold_gain":0,"player_choice":"Ignored","damage_taken":0,"max_hp_gain":0,"max_hp_loss":0,"event_name":"Vampires","floor":20,"gold_loss":0},{"damage_healed":0,"gold_gain":0,"player_choice":"Opened","damage_taken":0,"relics_obtained":["Omamori"],"max_hp_gain":0,"max_hp_loss":0,"event_name":"The Mausoleum","floor":22,"gold_loss":0,"cards_obtained":["Writhe"]}],"is_beta":false,"boss_relics":[{"not_picked":["Astrolabe","Coffee Dripper"],"picked":"Philosopher\u0027s Stone"}],"items_purged_floors":[],"is_endless":false,"potions_floor_spawned":[3,5,11,21,29,31],"killed_by":"Champ","ascension_level":5}