{"gold_per_floor":[369,26,37,37,11,11,36,36,36,36,55,55,9,26,26,127,127,142,154,174,174],"floor_reached":21,"playtime":541,"items_purged":[],"score":224,"play_id":"233835fd-ac6c-4823-9df6-ea005123e99e","local_time":"20190706190129","is_ascension_mode":true,"campfire_choices":[{"data":"Whirlwind","floor":6,"key":"SMITH"},{"data":"Dual Wield","floor":8,"key":"SMITH"},{"floor":15,"key":"REST"}],"neow_cost":"CURSE","seed_source_timestamp":1317926254150493,"circlet_count":0,"master_deck":["Strike_R","Strike_R+1","Strike_R","Strike_R","Strike_R","Defend_R","Defend_R","Defend_R","Defend_R","Bash+1","Cleave","Whirlwind+1","Thunderclap+1","Rage","Pommel Strike","Dual Wield+1","Spot Weakness","Armaments","Twin Strike","Feed","Heavy Blade"],"relics":["Burning Blood","Question Card","Unceasing Top","Paper Frog","Velvet Choker"],"potions_floor_usage":[19,21],"damage_taken":[{"damage":4,"enemies":"Jaw Worm","floor":1,"turns":5},{"damage":1,"enemies":"Cultist","floor":3,"turns":3},{"damage":32,"enemies":"Gremlin Nob","floor":7,"turns":4},{"damage":0,"enemies":"2 Louse","floor":11,"turns":2},{"damage":21,"enemies":"Large Slime","floor":14,"turns":5},{"damage":37,"enemies":"The Guardian","floor":16,"turns":9},{"damage":19,"enemies":"2 Thieves","floor":18,"turns":3},{"damage":6,"enemies":"3 Byrds","floor":19,"turns":3},{"damage":32,"enemies":"Snecko","floor":20,"turns":4},{"damage":37,"enemies":"Shelled Parasite and Fungi","floor":21,"turns":3}],"seed_played":"-7839181283383239197","potions_obtained":[{"floor":3,"key":"LiquidBronze"},{"floor":11,"key":"Poison Potion"},{"floor":18,"key":"PowerPotion"}],"is_trial":false,"path_per_floor":["M","$","M","?","$","R","E","R","T","?","M","?","$","M","R","B",null,"M","M","M","M"],"character_chosen":"IRONCLAD","items_purchased":["Question Card","Whirlwind","Thunderclap","Pommel Strike","Armaments"],"campfire_rested":1,"item_purchase_floors":[2,2,2,5,13],"current_hp_per_floor":[80,80,80,80,80,80,54,54,54,54,60,44,44,29,53,22,66,56,56,33,0],"gold":174,"neow_bonus":"TWO_FIFTY_GOLD","is_prod":false,"is_daily":false,"chose_seed":false,"campfire_upgraded":2,"win_rate":0,"timestamp":1562436089,"path_taken":["M","$","M","?","$","R","E","R","T","?","?","?","$","M","R","BOSS","M","M","M","M"],"build_version":"2019-07-05","purchased_purges":0,"victory":false,"max_hp_per_floor":[80,80,80,80,80,80,80,80,80,80,80,80,80,80,80,80,80,83,83,86,86],"card_choices":[{"not_picked":["True Grit","Iron Wave"],"picked":"Cleave","floor":1},{"not_picked":["Wild Strike","Feel No Pain","Armaments"],"picked":"Rage","floor":3},{"not_picked":["Cleave","Dark Embrace","Fire Breathing"],"picked":"Dual Wield","floor":7},{"not_picked":["Armaments","Fire Breathing","Disarm"],"picked":"Spot Weakness","floor":11},{"not_picked":["Cleave","Armaments","Ghostly Armor"],"picked":"Twin Strike","floor":14},{"not_picked":["Brutality","Reaper","Dark Embrace"],"picked":"Feed","floor":16},{"not_picked":["Wild Strike","Armaments+1","Inflame","Entrench+1"],"picked":"SKIP","floor":18},{"not_picked":["Thunderclap","Rampage","Havoc","True Grit"],"picked":"SKIP","floor":19},{"not_picked":["Warcry+1","Body Slam+1","Bloodletting+1"],"picked":"Heavy Blade","floor":20}],"player_experience":197031,"relics_obtained":[{"floor":7,"key":"Unceasing Top"},{"floor":9,"key":"Paper Frog"}],"event_choices":[{"damage_healed":0,"gold_gain":0,"player_choice":"Grow","damage_taken":0,"max_hp_gain":0,"max_hp_loss":0,"event_name":"Living Wall","floor":4,"gold_loss":0,"cards_upgraded":["Bash"]},{"cards_removed":["Writhe"],"damage_healed":0,"gold_gain":0,"player_choice":"Purged","damage_taken":0,"max_hp_gain":0,"max_hp_loss":0,"event_name":"Purifier","floor":10,"gold_loss":0},{"damage_healed":0,"gold_gain":0,"player_choice":"Entered Light","damage_taken":16,"max_hp_gain":0,"max_hp_loss":0,"event_name":"Shining Light","floor":12,"gold_loss":0,"cards_upgraded":["Thunderclap","Strike_R"]}],"is_beta":false,"boss_relics":[{"not_picked":["Lizard Tail","White Beast Statue"],"picked":"Velvet Choker"}],"items_purged_floors":[],"is_endless":false,"potions_floor_spawned":[3,11,18],"killed_by":"Shelled Parasite and Fungi","ascension_level":5}