{"gold_per_floor":[119,134,151,162,173,173,192,212,236,236,161,161,189,38,38,113,113,132,112,123,23,23,23,51,51,51,51,51,51,51,77,77,148,148,159,174,191,201,201,226,226,258,258,275,275,292,292,292,292,292,292,292,292,7,40,40],"floor_reached":57,"playtime":2634,"items_purged":["Strike_B","Strike_B","Strike_B"],"score":2800,"play_id":"ba8f5859-3dcf-4cc6-ab00-4b6a1f1fb6b0","local_time":"20190627002238","is_ascension_mode":true,"campfire_choices":[{"data":"Recycle","floor":6.0,"key":"SMITH"},{"data":"Skim","floor":12.0,"key":"SMITH"},{"data":"Skim","floor":15.0,"key":"SMITH"},{"data":"Recycle","floor":23.0,"key":"SMITH"},{"floor":25.0,"key":"REST"},{"floor":27.0,"key":"REST"},{"data":"Reboot","floor":30.0,"key":"SMITH"},{"data":"Conserve Battery","floor":32.0,"key":"SMITH"},{"floor":49,"key":"RECALL"},{"data":"Double Energy","floor":53,"key":"SMITH"}],"neow_cost":"PERCENT_DAMAGE","seed_source_timestamp":709528274754000,"circlet_count":0,"master_deck":["AscendersBane","Defend_B","Defend_B","Defend_B","Defend_B","Zap","Dualcast","Recycle+1","BootSequence","Ball Lightning","Ball Lightning","Sunder","White Noise","Double Energy+1","All For One","Skim+1","Conserve Battery+1","Genetic Algorithm","Skim+1","Reboot+1","Recycle+1","Gash","Genetic Algorithm+1","Finesse+1"],"special_seed":0,"relics":["Cracked Core","Prayer Wheel","Ancient Tea Set","Sundial","StoneCalendar","Busted Crown","Gremlin Horn","Toxic Egg 2","Bag of Preparation","Runic Pyramid","Centennial Puzzle","Anchor","Pantograph","Cables"],"potions_floor_usage":[44,56,56],"damage_taken":[{"damage":1.0,"enemies":"Cultist","floor":1.0,"turns":3.0},{"damage":3.0,"enemies":"2 Louse","floor":2.0,"turns":5.0},{"damage":0.0,"enemies":"Jaw Worm","floor":3.0,"turns":3.0},{"damage":6.0,"enemies":"Lots of Slimes","floor":4.0,"turns":4.0},{"damage":3.0,"enemies":"3 Louse","floor":5.0,"turns":4.0},{"damage":1.0,"enemies":"Looter","floor":7.0,"turns":3.0},{"damage":8.0,"enemies":"Blue Slaver","floor":8.0,"turns":3.0},{"damage":0.0,"enemies":"Lagavulin","floor":13.0,"turns":6.0},{"damage":6.0,"enemies":"Hexaghost","floor":16.0,"turns":8.0},{"damage":4.0,"enemies":"Spheric Guardian","floor":18.0,"turns":4.0},{"damage":5.0,"enemies":"Chosen","floor":20.0,"turns":3.0},{"damage":33.0,"enemies":"Gremlin Leader","floor":24.0,"turns":5.0},{"damage":0.0,"enemies":"Slavers","floor":29.0,"turns":1.0},{"damage":15.0,"enemies":"Collector","floor":33.0,"turns":4.0},{"damage":11.0,"enemies":"Orb Walker","floor":35.0,"turns":4.0},{"damage":0.0,"enemies":"3 Shapes","floor":36.0,"turns":6.0},{"damage":16.0,"enemies":"Jaw Worm Horde","floor":37.0,"turns":5.0},{"damage":4.0,"enemies":"4 Shapes","floor":38.0,"turns":5.0},{"damage":0,"enemies":"Giant Head","floor":40,"turns":3},{"damage":21,"enemies":"Nemesis","floor":42,"turns":5},{"damage":0,"enemies":"Writhing Mass","floor":44,"turns":5},{"damage":0,"enemies":"3 Darklings","floor":46,"turns":3},{"damage":9,"enemies":"Awakened One","floor":50,"turns":5},{"damage":43,"enemies":"Time Eater","floor":51,"turns":9},{"damage":26,"enemies":"Shield and Spear","floor":55,"turns":5},{"damage":14,"enemies":"The Heart","floor":56,"turns":7}],"seed_played":"-1718860221434868528","potions_obtained":[{"floor":1.0,"key":"Block Potion"},{"floor":3.0,"key":"EssenceOfSteel"},{"floor":4.0,"key":"Weak Potion"},{"floor":18.0,"key":"LiquidBronze"},{"floor":19.0,"key":"SmokeBomb"},{"floor":35.0,"key":"Regen Potion"},{"floor":36.0,"key":"Explosive Potion"},{"floor":38.0,"key":"Regen Potion"},{"floor":55,"key":"Dexterity Potion"}],"is_trial":false,"path_per_floor":["M","M","M","M","M","R","M","M","T","T","?","R","E","$","R","B",null,"M","?","M","$","?","R","E","R","T","R","?","E","R","T","R","B",null,"M","M","M","M","?","E","T","E","T","M","$","M","$","?","R","B","B",null,"R","$","E","B",null],"character_chosen":"DEFECT","items_purchased":["Skim","Finesse+1","PowerPotion"],"campfire_rested":2,"item_purchase_floors":[14,54,54],"current_hp_per_floor":[45,42,42,36,33,33,32,24,24,24,24,24,24,24,24,18,58,54,54,49,49,49,49,16,37,37,58,58,58,58,58,58,43,64,53,68,52,48,48,48,48,27,27,41,41,41,41,41,41,57,24,56,56,56,30,41],"gold":40,"neow_bonus":"ONE_RARE_RELIC","is_prod":false,"is_daily":false,"chose_seed":false,"campfire_upgraded":7,"win_rate":0,"timestamp":1561562558,"path_taken":["M","M","M","M","M","R","M","M","T","?","?","R","E","$","R","BOSS","M","?","?","$","?","R","E","R","T","R","?","E","R","?","R","BOSS","M","M","?","M","?","E","?","E","T","M","$","M","$","?","R","BOSS","BOSS","R","$","E","BOSS"],"build_version":"2019-01-23","purchased_purges":3,"victory":true,"max_hp_per_floor":[71,71,71,71,71,71,71,71,71,71,71,71,71,71,71,71,71,71,71,71,71,71,71,71,71,71,71,71,71,71,71,71,71,71,71,71,71,71,71,71,71,71,71,71,71,71,71,67,67,67,67,67,67,67,67,67],"card_choices":[{"not_picked":["Go for the Eyes","Barrage"],"picked":"Recycle","floor":1.0},{"not_picked":["Steam Power","Cold Snap","Leap"],"picked":"SKIP","floor":1.0},{"not_picked":["Reinforced Body","Tempest"],"picked":"BootSequence","floor":2.0},{"not_picked":["Hologram","Chaos"],"picked":"Ball Lightning","floor":2.0},{"not_picked":["Stack","Coolheaded"],"picked":"Ball Lightning","floor":3.0},{"not_picked":["Stack","Turbo","Steam"],"picked":"SKIP","floor":3.0},{"not_picked":["Gash","Conserve Battery"],"picked":"Sunder","floor":4.0},{"not_picked":["Leap","Redo"],"picked":"White Noise","floor":4.0},{"not_picked":["Rebound","Steam"],"picked":"Double Energy","floor":5.0},{"not_picked":["Rebound","Amplify","Stack"],"picked":"SKIP","floor":5.0},{"not_picked":["Blizzard","Storm"],"picked":"All For One","floor":7.0},{"not_picked":["Cold Snap","Lockon","Rebound"],"picked":"SKIP","floor":7.0},{"not_picked":["White Noise","Reinforced Body"],"picked":"Skim","floor":8.0},{"not_picked":["Turbo","Heatsinks"],"picked":"Conserve Battery","floor":8.0},{"not_picked":["Heatsinks","Steam"],"picked":"Genetic Algorithm","floor":13.0},{"not_picked":["Amplify","Rainbow"],"picked":"Reboot","floor":16.0},{"not_picked":[],"picked":"Recycle","floor":18.0},{"not_picked":["Static Discharge"],"picked":"SKIP","floor":18.0},{"not_picked":["Go for the Eyes"],"picked":"SKIP","floor":20.0},{"not_picked":["Melter+1"],"picked":"SKIP","floor":20.0},{"not_picked":[],"picked":"Genetic Algorithm+1","floor":24.0},{"not_picked":["Compile Driver"],"picked":"SKIP","floor":35.0},{"not_picked":["Gash"],"picked":"SKIP","floor":35.0},{"not_picked":["Sunder"],"picked":"SKIP","floor":36.0},{"not_picked":["Go for the Eyes+1"],"picked":"SKIP","floor":36.0},{"not_picked":["Compile Driver"],"picked":"SKIP","floor":37.0},{"not_picked":["Lockon+1"],"picked":"SKIP","floor":37.0},{"not_picked":["Cold Snap"],"picked":"SKIP","floor":38.0},{"not_picked":["Tempest+1"],"picked":"SKIP","floor":38.0},{"not_picked":["Loop"],"picked":"SKIP","floor":40},{"not_picked":["Compile Driver"],"picked":"SKIP","floor":42},{"not_picked":["Conserve Battery+1"],"picked":"SKIP","floor":44},{"not_picked":["Gash+1"],"picked":"SKIP","floor":44},{"not_picked":["Rebound+1"],"picked":"SKIP","floor":46},{"not_picked":["Rebound"],"picked":"SKIP","floor":46},{"not_picked":["Reprogram+1"],"picked":"SKIP","floor":55}],"player_experience":5498435,"relics_obtained":[{"floor":9.0,"key":"Ancient Tea Set"},{"floor":10.0,"key":"Sundial"},{"floor":13.0,"key":"StoneCalendar"},{"floor":24.0,"key":"Gremlin Horn"},{"floor":26.0,"key":"Toxic Egg 2"},{"floor":31.0,"key":"Bag of Preparation"},{"floor":40,"key":"Centennial Puzzle"},{"floor":42,"key":"Anchor"},{"floor":43,"key":"Pantograph"},{"floor":55,"key":"Cables"}],"event_choices":[{"cards_removed":["Strike_B"],"damage_healed":0.0,"max_hp_gain":0.0,"max_hp_loss":0.0,"gold_gain":0.0,"event_name":"The Cleric","player_choice":"Card Removal","floor":11.0,"gold_loss":75.0,"damage_taken":0.0},{"damage_healed":0.0,"max_hp_gain":0.0,"max_hp_loss":0.0,"gold_gain":0.0,"event_name":"The Woman in Blue","player_choice":"Bought 1 Potion","floor":19.0,"gold_loss":0.0,"damage_taken":0.0},{"damage_healed":0.0,"max_hp_gain":0.0,"max_hp_loss":0.0,"gold_gain":0.0,"event_name":"The Library","player_choice":"Read","floor":22.0,"gold_loss":0.0,"damage_taken":0.0,"cards_obtained":["Gash"]},{"damage_healed":0,"gold_gain":0,"player_choice":"Ignored","damage_taken":0,"max_hp_gain":0,"max_hp_loss":0,"event_name":"Mysterious Sphere","floor":39,"gold_loss":0},{"damage_healed":0,"gold_gain":0,"player_choice":"Max HP","damage_taken":0,"max_hp_gain":0,"max_hp_loss":4,"event_name":"Winding Halls","floor":48,"gold_loss":0}],"is_beta":false,"boss_relics":[{"not_picked":["White Beast Statue","Fusion Hammer"],"picked":"Busted Crown"},{"not_picked":["Lizard Tail","Nuclear Battery"],"picked":"Runic Pyramid"}],"items_purged_floors":[14,21,54],"is_endless":false,"potions_floor_spawned":[1,3,4,8,18,29,35,36,37,38,55],"ascension_level":20}