{"gold_per_floor":[115,169,169,181,181,181,215,215,215,215],"floor_reached":10,"playtime":275,"items_purged":[],"score":125,"play_id":"73d01b7e-c68e-42f6-9d2d-0fedb0b52290","local_time":"20190717010536","is_ascension_mode":true,"campfire_choices":[{"data":"Armaments","floor":6,"key":"SMITH"}],"neow_cost":"","seed_source_timestamp":2200451955238596,"circlet_count":0,"master_deck":["AscendersBane","Strike_R","Strike_R","Strike_R","Strike_R","Defend_R","Defend_R","Defend_R","Defend_R","Bash","Whirlwind","Clothesline","Armaments+1","Sword Boomerang"],"relics":["Burning Blood","Juzu Bracelet","Bag of Preparation","Shovel","Golden Idol","Bottled Flame"],"potions_floor_usage":[7],"damage_taken":[{"damage":6,"enemies":"Jaw Worm","floor":1,"turns":4},{"damage":4,"enemies":"Cultist","floor":4,"turns":4},{"damage":36,"enemies":"3 Sentries","floor":7,"turns":9},{"damage":37,"enemies":"Lagavulin","floor":10,"turns":7}],"seed_played":"6188535983907016509","potions_obtained":[{"floor":1,"key":"Explosive Potion"}],"is_trial":false,"path_per_floor":["M","?","?","M","?","R","E","?","T","E"],"character_chosen":"IRONCLAD","items_purchased":["Juzu Bracelet","Whirlwind","Clothesline"],"campfire_rested":0,"item_purchase_floors":[0,0,0],"current_hp_per_floor":[59,59,59,61,50,50,20,20,20,0],"gold":215,"neow_bonus":"","is_prod":false,"is_daily":false,"chose_seed":false,"campfire_upgraded":1,"win_rate":0,"timestamp":1563318336,"path_taken":["M","?","?","M","?","R","E","?","T","E"],"build_version":"2019-07-05","purchased_purges":0,"victory":false,"max_hp_per_floor":[75,75,75,75,75,75,75,68,68,68],"card_choices":[{"not_picked":["Iron Wave","Inflame"],"picked":"Armaments","floor":1},{"not_picked":["Twin Strike","Evolve","Body Slam"],"picked":"SKIP","floor":4},{"not_picked":["Brutality","Armaments"],"picked":"Sword Boomerang","floor":7}],"player_experience":459349,"relics_obtained":[{"floor":7,"key":"Shovel"},{"floor":9,"key":"Bottled Flame"}],"event_choices":[{"damage_healed":0,"gold_gain":54,"player_choice":"Gained Gold","damage_taken":0,"max_hp_gain":0,"max_hp_loss":0,"event_name":"Golden Wing","floor":2,"gold_loss":0},{"cards_removed":["Strike_R"],"damage_healed":0,"gold_gain":0,"player_choice":"Purged","damage_taken":0,"max_hp_gain":0,"max_hp_loss":0,"event_name":"Purifier","floor":3,"gold_loss":0},{"damage_healed":0,"gold_gain":0,"player_choice":"Success","damage_taken":11,"relics_obtained":["Bag of Preparation"],"max_hp_gain":0,"max_hp_loss":0,"event_name":"Scrap Ooze","floor":5,"gold_loss":0},{"damage_healed":0,"gold_gain":0,"player_choice":"Lose Max HP","damage_taken":0,"relics_obtained":["Golden Idol"],"max_hp_gain":0,"max_hp_loss":7,"event_name":"Golden Idol","floor":8,"gold_loss":0}],"is_beta":false,"boss_relics":[],"items_purged_floors":[],"is_endless":false,"potions_floor_spawned":[1],"killed_by":"Lagavulin","ascension_level":19}