{"gold_per_floor":[111,111,111,61,74,74,103,103,103,123,151,76,92,110,110,207,207,223,239,61,61,76,110,110,110],"floor_reached":25,"playtime":1102,"items_purged":["Strike_R","Strike_R"],"score":282,"play_id":"d95b96ea-8972-47bc-8d23-f4fb3ae692ac","local_time":"20190724164924","is_ascension_mode":true,"campfire_choices":[{"floor":6,"key":"RECALL"},{"floor":8,"key":"REST"},{"floor":15,"key":"REST"},{"floor":24,"key":"REST"}],"neow_cost":"NONE","seed_source_timestamp":1204768973698600,"circlet_count":0,"master_deck":["Strike_R","Defend_R","Bash","Sword Boomerang","Juggernaut","Armaments","Heavy Blade","Inflame","Shrug It Off","Seeing Red","Berserk","Shrug It Off+1","Headbutt+1","Battle Trance+1","Heavy Blade","Rupture","Body Slam+1","Reaper"],"relics":["Lizard Tail","PreservedInsect","Lantern","Ginger","Astrolabe","Letter Opener"],"potions_floor_usage":[11,13,19,22,22,22,22,22,23],"damage_taken":[{"damage":12,"enemies":"Jaw Worm","floor":1,"turns":2},{"damage":15,"enemies":"2 Louse","floor":5,"turns":3},{"damage":16,"enemies":"Lagavulin","floor":7,"turns":6},{"damage":0,"enemies":"Small Slimes","floor":10,"turns":3},{"damage":18,"enemies":"Gremlin Nob","floor":11,"turns":4},{"damage":18,"enemies":"Gremlin Gang","floor":13,"turns":4},{"damage":6,"enemies":"Red Slaver","floor":14,"turns":4},{"damage":51,"enemies":"The Guardian","floor":16,"turns":12},{"damage":13,"enemies":"Chosen","floor":18,"turns":3},{"damage":32,"enemies":"3 Byrds","floor":19,"turns":6},{"damage":39,"enemies":"Shelled Parasite and Fungi","floor":22,"turns":5},{"damage":0,"enemies":"Gremlin Leader","floor":23,"turns":5},{"damage":51,"enemies":"Chosen and Byrds","floor":25,"turns":3}],"seed_played":"3585124417653041284","potions_obtained":[{"floor":1,"key":"Swift Potion"},{"floor":5,"key":"EssenceOfSteel"},{"floor":11,"key":"Fire Potion"},{"floor":16,"key":"Regen Potion"},{"floor":19,"key":"EntropicBrew"},{"floor":22,"key":"Dexterity Potion"}],"is_trial":false,"path_per_floor":["M","?","?","?","M","R","E","R","T","M","E","$","M","M","R","B",null,"M","M","$","?","M","E","R","M"],"character_chosen":"IRONCLAD","items_purchased":["Rupture"],"campfire_rested":3,"item_purchase_floors":[20],"current_hp_per_floor":[68,56,56,56,41,41,25,49,49,49,31,31,13,7,31,20,80,67,50,50,50,11,11,35,0],"gold":110,"neow_bonus":"BOSS_RELIC","is_prod":false,"is_daily":false,"chose_seed":false,"campfire_upgraded":0,"win_rate":0,"timestamp":1564004964,"path_taken":["M","?","?","?","M","R","E","R","T","M","E","$","M","M","R","BOSS","M","M","$","?","M","E","R","M"],"build_version":"2019-07-17","purchased_purges":2,"victory":false,"max_hp_per_floor":[80,80,80,80,80,80,80,80,80,80,80,80,80,80,80,80,80,80,80,80,80,80,80,80,80],"card_choices":[{"not_picked":["Clash","True Grit"],"picked":"Sword Boomerang","floor":1},{"not_picked":["Sword Boomerang","Power Through"],"picked":"Armaments","floor":5},{"not_picked":["Entrench","Warcry"],"picked":"Heavy Blade","floor":7},{"not_picked":["Twin Strike","Searing Blow"],"picked":"Inflame","floor":10},{"not_picked":["True Grit","Warcry"],"picked":"Shrug It Off","floor":11},{"not_picked":["Body Slam","Thunderclap","Dual Wield"],"picked":"SKIP","floor":13},{"not_picked":["Iron Wave","Wild Strike"],"picked":"Seeing Red","floor":14},{"not_picked":["Brutality","Dark Embrace"],"picked":"Berserk","floor":16},{"not_picked":["Perfected Strike","Sever Soul+1","Corruption"],"picked":"SKIP","floor":18},{"not_picked":["Sword Boomerang","True Grit+1"],"picked":"Heavy Blade","floor":19},{"not_picked":["Wild Strike","Clothesline+1"],"picked":"Body Slam+1","floor":22},{"not_picked":["Body Slam+1","Perfected Strike"],"picked":"Reaper","floor":23}],"player_experience":161226,"relics_obtained":[{"floor":7,"key":"Lantern"},{"floor":11,"key":"Ginger"},{"floor":23,"key":"Letter Opener"}],"event_choices":[{"damage_healed":0,"gold_gain":0,"player_choice":"Success","damage_taken":12,"relics_obtained":["PreservedInsect"],"max_hp_gain":0,"max_hp_loss":0,"event_name":"Scrap Ooze","floor":2,"gold_loss":0},{"damage_healed":0,"gold_gain":0,"cards_transformed":["Defend_R"],"player_choice":"Change","damage_taken":0,"max_hp_gain":0,"max_hp_loss":0,"event_name":"Living Wall","floor":3,"gold_loss":0,"cards_obtained":["Juggernaut"]},{"cards_removed":["Strike_R"],"damage_healed":0,"gold_gain":0,"player_choice":"Card Removal","damage_taken":0,"max_hp_gain":0,"max_hp_loss":0,"event_name":"The Cleric","floor":4,"gold_loss":50},{"damage_healed":0,"gold_gain":0,"player_choice":"Ignored","damage_taken":0,"max_hp_gain":0,"max_hp_loss":0,"event_name":"Vampires","floor":21,"gold_loss":0}],"is_beta":false,"boss_relics":[{"not_picked":["Cursed Key","Orrery"],"picked":"Astrolabe"}],"items_purged_floors":[12,20],"is_endless":false,"potions_floor_spawned":[1,5,11,16,19,22],"killed_by":"Chosen and Byrds","ascension_level":2}