{"gold_per_floor":[115,128,78,78,89,116,128,140],"floor_reached":8,"playtime":290,"items_purged":[],"score":59,"play_id":"e71d0acb-d59a-4869-8975-310db8c28f54","local_time":"20190724171339","is_ascension_mode":true,"campfire_choices":[],"neow_cost":"NONE","seed_source_timestamp":1207037611835200,"circlet_count":0,"master_deck":["Strike_R","Strike_R","Strike_R","Strike_R","Defend_R","Defend_R","Defend_R","Bash","Spot Weakness","Iron Wave","Regret","Shrug It Off","Metallicize","Anger"],"relics":["Black Star","Matryoshka","MawBank","Potion Belt"],"potions_floor_usage":[6,6],"damage_taken":[{"damage":7,"enemies":"2 Louse","floor":1,"turns":4},{"damage":17,"enemies":"Small Slimes","floor":2,"turns":4},{"damage":9,"enemies":"Jaw Worm","floor":5,"turns":4},{"damage":38,"enemies":"3 Sentries","floor":6,"turns":8},{"damage":35,"enemies":"Gremlin Nob","floor":8,"turns":5}],"seed_played":"5633877173098164563","potions_obtained":[{"floor":2,"key":"Poison Potion"},{"floor":5,"key":"BloodPotion"}],"is_trial":false,"path_per_floor":["M","M","?","?","M","E","?","E"],"character_chosen":"IRONCLAD","items_purchased":[],"campfire_rested":0,"item_purchase_floors":[],"current_hp_per_floor":[73,56,56,56,47,29,29,0],"gold":140,"neow_bonus":"BOSS_RELIC","is_prod":false,"is_daily":false,"chose_seed":false,"campfire_upgraded":0,"win_rate":0,"timestamp":1564006419,"path_taken":["M","M","?","?","M","E","?","E"],"build_version":"2019-07-17","purchased_purges":0,"victory":false,"max_hp_per_floor":[80,80,80,80,80,80,80,80],"card_choices":[{"not_picked":["True Grit","Twin Strike"],"picked":"Spot Weakness","floor":1},{"not_picked":["Thunderclap","Power Through"],"picked":"Iron Wave","floor":2},{"not_picked":["Clash","True Grit"],"picked":"Shrug It Off","floor":5},{"not_picked":["Clothesline","Warcry"],"picked":"Metallicize","floor":6}],"player_experience":163459,"relics_obtained":[{"floor":6,"key":"MawBank"},{"floor":6,"key":"Potion Belt"}],"event_choices":[{"cards_removed":["Defend_R"],"damage_healed":0,"gold_gain":0,"player_choice":"Card Removal","damage_taken":0,"max_hp_gain":0,"max_hp_loss":0,"event_name":"The Cleric","floor":3,"gold_loss":50},{"damage_healed":0,"gold_gain":0,"player_choice":"Box","damage_taken":0,"relics_obtained":["Matryoshka"],"max_hp_gain":0,"max_hp_loss":0,"event_name":"Big Fish","floor":4,"gold_loss":0,"cards_obtained":["Regret"]},{"damage_healed":0,"gold_gain":0,"cards_transformed":["Strike_R"],"player_choice":"Change","damage_taken":0,"max_hp_gain":0,"max_hp_loss":0,"event_name":"Living Wall","floor":7,"gold_loss":0,"cards_obtained":["Anger"]}],"is_beta":false,"boss_relics":[],"items_purged_floors":[],"is_endless":false,"potions_floor_spawned":[2,5],"killed_by":"Gremlin Nob","ascension_level":1}