{"gold_per_floor":[363,313,488,488,508,540,260,277,304,111,111,386,405,415,415,415],"floor_reached":16,"playtime":600,"items_purged":["Doubt"],"score":135,"play_id":"9a797989-96f0-4fa8-94f6-105a90b76441","local_time":"20190718151708","is_ascension_mode":true,"campfire_choices":[{"data":"Inflame","floor":11,"key":"SMITH"},{"data":"Corruption","floor":15,"key":"SMITH"}],"neow_cost":"TEN_PERCENT_HP_LOSS","seed_source_timestamp":16147063260300,"circlet_count":0,"master_deck":["Strike_R","Strike_R","Strike_R","Strike_R","Defend_R","Defend_R","Defend_R","Defend_R","Bash","Sword Boomerang","Disarm","Pummel","Corruption+1","Pommel Strike","Inflame+1","Sword Boomerang","Regret","Immolate","Twin Strike"],"relics":["Burning Blood","Strawberry","Blood Vial","Lantern"],"potions_floor_usage":[6,13,14],"damage_taken":[{"damage":6,"enemies":"2 Louse","floor":1,"turns":4},{"damage":5,"enemies":"Small Slimes","floor":5,"turns":3},{"damage":36,"enemies":"Gremlin Nob","floor":6,"turns":5},{"damage":12,"enemies":"Jaw Worm","floor":8,"turns":5},{"damage":1,"enemies":"Looter","floor":13,"turns":2},{"damage":33,"enemies":"Lots of Slimes","floor":14,"turns":4},{"damage":40,"enemies":"The Guardian","floor":16,"turns":7}],"seed_played":"-2805224885213629451","potions_obtained":[{"floor":5,"key":"SteroidPotion"},{"floor":6,"key":"Energy Potion"},{"floor":13,"key":"Fruit Juice"}],"is_trial":false,"path_per_floor":["M","?","?","?","M","E","$","M","T","$","R","?","M","M","R","B"],"character_chosen":"IRONCLAD","items_purchased":["Corruption","Blood Vial","Block Potion","Inflame","Sword Boomerang"],"campfire_rested":0,"item_purchase_floors":[7,7,7,10,10],"current_hp_per_floor":[72,72,72,77,77,54,54,50,50,50,50,50,62,37,37,0],"gold":415,"neow_bonus":"TWO_FIFTY_GOLD","is_prod":false,"is_daily":false,"chose_seed":false,"campfire_upgraded":2,"win_rate":0,"timestamp":1563477428,"path_taken":["M","?","?","?","?","E","$","M","T","$","R","?","?","M","R","BOSS"],"build_version":"2019-07-17","purchased_purges":1,"victory":false,"max_hp_per_floor":[72,72,72,77,77,84,84,84,84,84,84,84,89,89,89,89],"card_choices":[{"not_picked":["Iron Wave","Fire Breathing"],"picked":"Sword Boomerang","floor":1},{"not_picked":["Twin Strike","Warcry"],"picked":"Disarm","floor":5},{"not_picked":["Burning Pact","Clothesline"],"picked":"Pummel","floor":6},{"not_picked":["Anger","Whirlwind"],"picked":"Pommel Strike","floor":8},{"not_picked":["Shrug It Off","Entrench"],"picked":"Immolate","floor":13},{"not_picked":["Rupture","Sentinel"],"picked":"Twin Strike","floor":14}],"player_experience":248505,"relics_obtained":[{"floor":6,"key":"Strawberry"},{"floor":9,"key":"Lantern"}],"event_choices":[{"cards_removed":["Strike_R"],"damage_healed":0,"gold_gain":0,"player_choice":"Card Removal","damage_taken":0,"max_hp_gain":0,"max_hp_loss":0,"event_name":"The Cleric","floor":2,"gold_loss":50},{"damage_healed":0,"gold_gain":175,"player_choice":"AGREE","damage_taken":0,"max_hp_gain":0,"max_hp_loss":0,"event_name":"Liars Game","floor":3,"gold_loss":0,"cards_obtained":["Doubt"]},{"damage_healed":0,"gold_gain":0,"player_choice":"Donut","damage_taken":0,"max_hp_gain":5,"max_hp_loss":0,"event_name":"Big Fish","floor":4,"gold_loss":0},{"damage_healed":0,"gold_gain":275,"player_choice":"Desecrate","damage_taken":0,"max_hp_gain":0,"max_hp_loss":0,"event_name":"Golden Shrine","floor":12,"gold_loss":0,"cards_obtained":["Regret"]}],"is_beta":false,"boss_relics":[],"items_purged_floors":[10],"is_endless":false,"potions_floor_spawned":[5,6,13],"killed_by":"The Guardian","ascension_level":7}