{"gold_per_floor":[117,61,61,61,73,73,105,119,188,188,188,188,288,298,298,373,373,383,57,67,38,50,50,50],"floor_reached":24,"playtime":1024,"items_purged":[],"score":588,"play_id":"9f786e97-0782-4c16-b017-d6114e8787dd","local_time":"20190723015410","is_ascension_mode":true,"campfire_choices":[{"data":"Bash","floor":6.0,"key":"SMITH"},{"data":"Defend_R","floor":11.0,"key":"SMITH"},{"floor":15.0,"key":"REST"},{"floor":23,"key":"REST"}],"neow_cost":"","seed_source_timestamp":2720984438085271,"circlet_count":0,"master_deck":["AscendersBane","Strike_R+1","Strike_R","Strike_R","Strike_R","Strike_R","Defend_R","Defend_R+1","Defend_R","Defend_R+1","Bash+1","Armaments+1","Warcry+1","Flame Barrier+1","Shrug It Off+1","True Grit+1","Corruption+1","Infernal Blade+1","Reaper","Havoc+1","Panacea+1","True Grit+1","Wild Strike","Flame Barrier+1"],"special_seed":0,"relics":["Burning Blood","Lee\u0027s Waffle","Toxic Egg 2","Art of War","Mercury Hourglass","Question Card","Mark of Pain","Medical Kit"],"potions_floor_usage":[],"damage_taken":[{"damage":1.0,"enemies":"Small Slimes","floor":1.0,"turns":4.0},{"damage":0.0,"enemies":"2 Louse","floor":5.0,"turns":4.0},{"damage":34.0,"enemies":"3 Sentries","floor":7.0,"turns":16.0},{"damage":3.0,"enemies":"Jaw Worm","floor":8.0,"turns":5.0},{"damage":0.0,"enemies":"Looter","floor":14.0,"turns":3.0},{"damage":75.0,"enemies":"Slime Boss","floor":16.0,"turns":14.0},{"damage":17.0,"enemies":"Spheric Guardian","floor":18.0,"turns":6.0},{"damage":11,"enemies":"2 Thieves","floor":20,"turns":4},{"damage":19,"enemies":"Centurion and Healer","floor":22,"turns":8},{"damage":86,"enemies":"Book of Stabbing","floor":24,"turns":7}],"seed_played":"-4442804332276145802","potions_obtained":[{"floor":14.0,"key":"Ancient Potion"},{"floor":20,"key":"Explosive Potion"}],"is_trial":false,"path_per_floor":["M","$","?","?","M","R","E","M","T","?","R","?","?","M","R","B",null,"M","$","M","$","M","R","E"],"character_chosen":"IRONCLAD","items_purchased":["Lee\u0027s Waffle","Toxic Egg 2","Armaments+1","Block Potion","Warcry+1","Strength Potion","Shrug It Off+1","Medical Kit","Panacea+1","Wild Strike"],"campfire_rested":2,"item_purchase_floors":[0,0,0,0,0,0,2,19,19,21],"current_hp_per_floor":[82,82,57,82,82,82,54,57,57,57,57,52,52,58,82,13,65,57,57,56,56,53,77,0],"gold":50,"neow_bonus":"","is_prod":false,"is_daily":false,"chose_seed":false,"campfire_upgraded":2,"win_rate":0,"timestamp":1563839650,"path_taken":["M","$","?","?","?","R","E","M","T","?","R","?","?","M","R","BOSS","M","$","M","?","M","R","E"],"build_version":"2019-07-17","purchased_purges":0,"victory":false,"max_hp_per_floor":[82,82,82,82,82,82,82,82,82,82,82,82,82,82,82,82,82,82,82,82,82,82,82,82],"card_choices":[{"not_picked":["Twin Strike","Clothesline"],"picked":"Flame Barrier+1","floor":1.0},{"not_picked":["Evolve","Power Through+1"],"picked":"True Grit+1","floor":5.0},{"not_picked":["Hemokinesis","Havoc+1"],"picked":"Corruption","floor":7.0},{"not_picked":["Iron Wave","Wild Strike","Clash"],"picked":"SKIP","floor":8.0},{"not_picked":["Second Wind+1","Headbutt","Anger"],"picked":"Infernal Blade+1","floor":14.0},{"not_picked":["Berserk","Exhume+1","Juggernaut"],"picked":"Reaper","floor":16.0},{"not_picked":["Warcry+1","Flex+1","Wild Strike"],"picked":"Havoc+1","floor":18.0},{"not_picked":["Wild Strike","Limit Break+1","Headbutt"],"picked":"True Grit+1","floor":20},{"not_picked":["Bloodletting+1","Heavy Blade","Thunderclap"],"picked":"Flame Barrier+1","floor":22}],"player_experience":549647,"relics_obtained":[{"floor":7.0,"key":"Art of War"},{"floor":9.0,"key":"Mercury Hourglass"}],"event_choices":[{"damage_healed":0.0,"max_hp_gain":0.0,"max_hp_loss":0.0,"gold_gain":0.0,"event_name":"Shining Light","player_choice":"Entered Light","floor":3.0,"gold_loss":0.0,"damage_taken":25.0,"cards_upgraded":["Strike_R","Defend_R"]},{"damage_healed":27.0,"max_hp_gain":0.0,"max_hp_loss":0.0,"gold_gain":0.0,"event_name":"Big Fish","player_choice":"Banana","floor":4.0,"gold_loss":0.0,"damage_taken":0.0},{"damage_healed":0.0,"max_hp_gain":0.0,"max_hp_loss":0.0,"gold_gain":0.0,"event_name":"Living Wall","player_choice":"Grow","floor":10.0,"gold_loss":0.0,"damage_taken":0.0,"cards_upgraded":["Corruption"]},{"damage_healed":0.0,"max_hp_gain":0.0,"max_hp_loss":0.0,"gold_gain":0.0,"event_name":"Scrap Ooze","player_choice":"Success","floor":12.0,"gold_loss":0.0,"damage_taken":5.0,"relics_obtained":["Question Card"]},{"damage_healed":0.0,"max_hp_gain":0.0,"max_hp_loss":0.0,"gold_gain":100.0,"event_name":"Wheel of Change","player_choice":"Gold","floor":13.0,"gold_loss":0.0,"damage_taken":0.0}],"is_beta":false,"boss_relics":[{"not_picked":["Philosopher\u0027s Stone","Velvet Choker"],"picked":"Mark of Pain"}],"items_purged_floors":[],"is_endless":false,"potions_floor_spawned":[5,14,20],"killed_by":"Book of Stabbing","ascension_level":20}