{"gold_per_floor":[110,70,70,85,85,120,138,38,61,80,80],"floor_reached":11,"playtime":571,"items_purged":["Creative AI+1","Strike_R"],"score":88,"play_id":"5501d48e-39a0-4961-9f43-0338217adbfb","local_time":"20190704183805","is_ascension_mode":true,"campfire_choices":[],"neow_cost":"","seed_source_timestamp":1143689802258477,"circlet_count":0,"master_deck":["Creative AI+1","Strike_R","Strike_R","Strike_R","Strike_R","Defend_R","Defend_R","Defend_R","Defend_R","Bash","Armaments","strawberrySpire:ZonePlayer","Shrug It Off","strawberrySpire:Incursion"],"relics":["Burning Blood","conspire:Dentures","hubris:SlimyHat"],"potions_floor_usage":[4,4,6,7,10,11],"damage_taken":[{"damage":7,"enemies":"Cultist","floor":1,"turns":6},{"damage":2,"enemies":"2 Louse","floor":4,"turns":3},{"damage":73,"enemies":"Erikyupuro","floor":6,"turns":11},{"damage":2,"enemies":"conspire:RoseBush","floor":7,"turns":5},{"damage":16,"enemies":"Gremlin Gang","floor":10,"turns":8},{"damage":7,"enemies":"Red Slaver","floor":11,"turns":4}],"seed_played":"-7393583366946957082","potions_obtained":[{"floor":2,"key":"AttackPotion"},{"floor":2,"key":"Cursed Concoction"},{"floor":2,"key":"conspire:EchoDraught"},{"floor":4,"key":"Swift Potion"},{"floor":6,"key":"GamblersBrew"},{"floor":10,"key":"Reflective Coating"}],"is_trial":false,"path_per_floor":["M","?","$","M","$","E","M","$","T","M","M"],"character_chosen":"IRONCLAD","items_purchased":["Armaments"],"campfire_rested":0,"item_purchase_floors":[0],"current_hp_per_floor":[79,79,79,80,80,13,17,17,17,7,0],"gold":80,"neow_bonus":"","is_prod":false,"is_daily":false,"chose_seed":false,"campfire_upgraded":0,"win_rate":0,"timestamp":1562261885,"path_taken":["M","?","$","M","$","E","?","?","T","M","M"],"build_version":"2019-07-01","purchased_purges":2,"victory":false,"max_hp_per_floor":[80,80,80,80,80,80,80,80,80,80,80],"card_choices":[{"not_picked":["True Grit","Armaments"],"picked":"strawberrySpire:ZonePlayer","floor":1},{"not_picked":["Intimidate","Havoc"],"picked":"Shrug It Off","floor":4},{"not_picked":["hubris:SharpeningStone","Metallicize","Twin Strike"],"picked":"SKIP","floor":6},{"not_picked":["hubris:SharpeningStone","Replay:Undeath\u0027s Touch","strawberrySpire:JustAWound"],"picked":"SKIP","floor":7},{"not_picked":["Massacre","strawberrySpire:Taunt"],"picked":"strawberrySpire:Incursion","floor":10}],"player_experience":143630,"relics_obtained":[{"floor":6,"key":"conspire:Dentures"},{"floor":9,"key":"hubris:SlimyHat"}],"event_choices":[{"damage_healed":0,"gold_gain":0,"player_choice":"Bought 3 Potions","damage_taken":0,"max_hp_gain":0,"max_hp_loss":0,"event_name":"The Woman in Blue","floor":2,"gold_loss":0}],"is_beta":false,"boss_relics":[],"items_purged_floors":[0,8],"is_endless":false,"potions_floor_spawned":[4,6,10],"killed_by":"Red Slaver","ascension_level":4}