{"gold_per_floor":[115,75,0,15,27,27,57,57,57,57,88,40,52,72,72,147,147,161,172,87,87,186,186,201,235,235,235,268,268,18,18,18,18],"floor_reached":33,"playtime":1025,"items_purged":[],"score":495,"play_id":"54736786-0d92-4699-a50f-a3bbeadcb1d6","local_time":"20190713125006","is_ascension_mode":true,"campfire_choices":[{"data":"Bash","floor":6,"key":"SMITH"},{"data":"Rampage","floor":8,"key":"SMITH"},{"data":"Spot Weakness","floor":10,"key":"SMITH"},{"floor":15,"key":"REST"},{"floor":23,"key":"REST"},{"floor":27,"key":"REST"},{"floor":32,"key":"REST"}],"neow_cost":"PERCENT_DAMAGE","seed_source_timestamp":1899966740933426,"circlet_count":0,"master_deck":["AscendersBane","Strike_R","Strike_R","Strike_R","Strike_R","Strike_R","Defend_R","Defend_R","Defend_R","Defend_R","Bash+1","Reaper","Shrug It Off","Rampage+1","Clothesline","Spot Weakness+1","Whirlwind","Thunderclap","Double Tap","Flame Barrier","Rage+1","Battle Trance","Flex"],"relics":["Burning Blood","Pear","Ornamental Fan","Red Skull","Mark of Pain","Blood Vial","Singing Bowl","Gremlin Horn","Pocketwatch","Omamori"],"potions_floor_usage":[7,11,16,16,25,25,28,33],"damage_taken":[{"damage":3,"enemies":"2 Louse","floor":1,"turns":4},{"damage":1,"enemies":"Cultist","floor":4,"turns":4},{"damage":2,"enemies":"Jaw Worm","floor":5,"turns":5},{"damage":37,"enemies":"3 Sentries","floor":7,"turns":8},{"damage":44,"enemies":"Gremlin Nob","floor":11,"turns":5},{"damage":9,"enemies":"Blue Slaver","floor":13,"turns":3},{"damage":14,"enemies":"Looter","floor":14,"turns":3},{"damage":27,"enemies":"Slime Boss","floor":16,"turns":9},{"damage":32,"enemies":"3 Byrds","floor":18,"turns":5},{"damage":34,"enemies":"Spheric Guardian","floor":19,"turns":6},{"damage":29,"enemies":"Snake Plant","floor":24,"turns":3},{"damage":33,"enemies":"Slavers","floor":25,"turns":5},{"damage":36,"enemies":"Book of Stabbing","floor":28,"turns":5},{"damage":115,"enemies":"Collector","floor":33,"turns":9}],"seed_played":"-8607177027975519634","potions_obtained":[{"floor":2,"key":"PowerPotion"},{"floor":2,"key":"PowerPotion"},{"floor":7,"key":"Swift Potion"},{"floor":16,"key":"EssenceOfSteel"},{"floor":18,"key":"Ancient Potion"},{"floor":25,"key":"FearPotion"}],"is_trial":false,"path_per_floor":["M","?","$","M","M","R","E","R","T","R","E","$","M","M","R","B",null,"M","M","?","$","?","R","M","E","T","R","E","?","$","?","R","B"],"character_chosen":"IRONCLAD","items_purchased":["Rampage","Strength Potion","Omamori","Weak Potion","Flex"],"campfire_rested":4,"item_purchase_floors":[3,12,30,30,30],"current_hp_per_floor":[61,61,61,72,75,75,72,72,72,72,34,34,31,39,64,48,76,62,34,34,34,34,59,47,35,35,61,35,35,35,18,46,0],"gold":18,"neow_bonus":"THREE_RARE_CARDS","is_prod":false,"is_daily":false,"chose_seed":false,"campfire_upgraded":3,"win_rate":0,"timestamp":1563018606,"path_taken":["M","?","$","M","?","R","E","R","T","R","E","$","M","M","R","BOSS","M","M","?","$","?","R","M","E","T","R","E","?","$","?","R","BOSS"],"build_version":"2019-07-05","purchased_purges":0,"victory":false,"max_hp_per_floor":[75,75,75,75,75,75,85,85,85,85,85,85,85,85,85,85,85,85,85,85,85,85,85,85,87,87,87,89,89,89,94,94,94],"card_choices":[{"not_picked":["Offering","Immolate"],"picked":"Reaper","floor":0},{"not_picked":["Clothesline","Heavy Blade"],"picked":"Shrug It Off","floor":1},{"not_picked":["Inflame","Sever Soul"],"picked":"Clothesline","floor":4},{"not_picked":["Havoc","Twin Strike"],"picked":"Spot Weakness","floor":5},{"not_picked":["Corruption","Body Slam","Wild Strike"],"picked":"SKIP","floor":7},{"not_picked":["True Grit","Searing Blow","Twin Strike"],"picked":"SKIP","floor":11},{"not_picked":["Heavy Blade","Power Through"],"picked":"Whirlwind","floor":13},{"not_picked":["Barricade","True Grit"],"picked":"Thunderclap","floor":14},{"not_picked":["Exhume","Immolate"],"picked":"Double Tap","floor":16},{"not_picked":["Cleave","Inflame"],"picked":"Flame Barrier","floor":18},{"not_picked":["Pommel Strike","Flex"],"picked":"Rage+1","floor":19},{"not_picked":["Clash","Cleave"],"picked":"Battle Trance","floor":24},{"not_picked":["True Grit","Cleave","Body Slam+1"],"picked":"Singing Bowl","floor":25},{"not_picked":["Shrug It Off","Wild Strike","Intimidate"],"picked":"Singing Bowl","floor":28}],"player_experience":395016,"relics_obtained":[{"floor":7,"key":"Pear"},{"floor":9,"key":"Ornamental Fan"},{"floor":11,"key":"Red Skull"},{"floor":25,"key":"Singing Bowl"},{"floor":26,"key":"Gremlin Horn"},{"floor":28,"key":"Pocketwatch"}],"event_choices":[{"damage_healed":0,"gold_gain":0,"player_choice":"Bought 3 Potions","damage_taken":0,"max_hp_gain":0,"max_hp_loss":0,"event_name":"The Woman in Blue","floor":2,"gold_loss":0},{"damage_healed":0,"gold_gain":0,"player_choice":"Obtained Relic","damage_taken":0,"relics_obtained":["Blood Vial"],"max_hp_gain":0,"max_hp_loss":0,"event_name":"Addict","floor":20,"gold_loss":85},{"damage_healed":0,"gold_gain":99,"player_choice":"Stole From Cult","damage_taken":0,"max_hp_gain":0,"max_hp_loss":0,"event_name":"Nest","floor":22,"gold_loss":0},{"damage_healed":0,"gold_gain":0,"player_choice":"Ignored","damage_taken":0,"max_hp_gain":0,"max_hp_loss":0,"event_name":"Ghosts","floor":29,"gold_loss":0},{"damage_healed":0,"gold_gain":0,"player_choice":"Shed Blood","damage_taken":22,"max_hp_gain":5,"max_hp_loss":0,"event_name":"Forgotten Altar","floor":31,"gold_loss":0}],"is_beta":false,"boss_relics":[{"not_picked":["Fusion Hammer","Black Blood"],"picked":"Mark of Pain"}],"items_purged_floors":[],"is_endless":false,"potions_floor_spawned":[5,7,16,18,25],"killed_by":"Collector","ascension_level":14}