{"gold_per_floor":[113,130,180,190,190,190,206,220,220,237,254,283,283,283,283,356,356,375,224,124,136,136,136,146,146,219,238,238,255,255,280,280,351,351,369,469,469,481,497,497,497],"floor_reached":41,"playtime":1296,"items_purged":["Strike_B","Strike_B"],"score":790,"play_id":"add0328c-3254-4498-aa5d-e461cce30012","local_time":"20190616025803","is_ascension_mode":true,"campfire_choices":[{"data":"Blizzard","floor":6.0,"key":"SMITH"},{"data":"Redo","floor":13.0,"key":"SMITH"},{"data":"Beam Cell","floor":15.0,"key":"SMITH"},{"data":"Dualcast","floor":23.0,"key":"SMITH"},{"data":"Capacitor","floor":25.0,"key":"SMITH"},{"data":"Blizzard","floor":28.0,"key":"SMITH"},{"floor":30.0,"key":"REST"},{"floor":32.0,"key":"REST"},{"floor":40.0,"key":"REST"}],"neow_cost":"NONE","seed_source_timestamp":118701732874600,"circlet_count":0,"master_deck":["AscendersBane","Defend_B","Defend_B","Defend_B","Dualcast+1","Cold Snap","Blizzard+1","Coolheaded","Coolheaded","Redo+1","Beam Cell+1","Rebound","Echo Form","Capacitor+1","Skim+1","Blizzard+1","Biased Cognition","FTL+1","Beam Cell+1","Steam Power+1","Steam+1","Cold Snap","Capacitor"],"special_seed":0,"relics":["Cracked Core","NeowsBlessing","Matryoshka","Gremlin Horn","Eternal Feather","Lantern","Mercury Hourglass","Red Mask","Astrolabe","Incense Burner"],"potions_floor_usage":[41],"damage_taken":[{"damage":0.0,"enemies":"Cultist","floor":1.0,"turns":1.0},{"damage":0.0,"enemies":"Jaw Worm","floor":2.0,"turns":1.0},{"damage":0.0,"enemies":"2 Louse","floor":4.0,"turns":1.0},{"damage":14.0,"enemies":"Lots of Slimes","floor":7.0,"turns":5.0},{"damage":3.0,"enemies":"Large Slime","floor":8.0,"turns":7.0},{"damage":16.0,"enemies":"2 Fungi Beasts","floor":10.0,"turns":5.0},{"damage":5.0,"enemies":"3 Louse","floor":11.0,"turns":4.0},{"damage":8.0,"enemies":"3 Sentries","floor":12.0,"turns":6.0},{"damage":11.0,"enemies":"Hexaghost","floor":16.0,"turns":9.0},{"damage":22.0,"enemies":"3 Byrds","floor":18.0,"turns":5.0},{"damage":11.0,"enemies":"Spheric Guardian","floor":21.0,"turns":6.0},{"damage":14.0,"enemies":"Centurion and Healer","floor":24.0,"turns":7.0},{"damage":33.0,"enemies":"Shelled Parasite and Fungi","floor":27.0,"turns":7.0},{"damage":26.0,"enemies":"Snecko","floor":29.0,"turns":7.0},{"damage":1.0,"enemies":"Masked Bandits","floor":31.0,"turns":2.0},{"damage":56.0,"enemies":"Collector","floor":33.0,"turns":8.0},{"damage":16.0,"enemies":"3 Darklings","floor":35.0,"turns":5.0},{"damage":0.0,"enemies":"Mind Bloom Boss Battle","floor":36.0,"turns":7.0},{"damage":17.0,"enemies":"Orb Walker","floor":38.0,"turns":4.0},{"damage":23.0,"enemies":"Writhing Mass","floor":39.0,"turns":10.0},{"damage":44,"enemies":"Nemesis","floor":41,"turns":8}],"seed_played":"3608115978438314920","potions_obtained":[{"floor":4.0,"key":"PowerPotion"},{"floor":10.0,"key":"Fruit Juice"},{"floor":11.0,"key":"Swift Potion"},{"floor":12.0,"key":"Fire Potion"},{"floor":18.0,"key":"Ancient Potion"},{"floor":22.0,"key":"FairyPotion"},{"floor":22.0,"key":"Fire Potion"},{"floor":27.0,"key":"Regen Potion"},{"floor":31.0,"key":"LiquidBronze"},{"floor":33.0,"key":"SteroidPotion"},{"floor":36.0,"key":"Poison Potion"},{"floor":39.0,"key":"SkillPotion"}],"is_trial":false,"path_per_floor":["M","M","?","M","?","R","M","M","T","M","M","E","R","?","R","B",null,"M","$","$","M","?","R","M","R","T","M","R","M","R","?","R","B",null,"M","?","?","M","M","R","E"],"character_chosen":"DEFECT","items_purchased":["Capacitor"],"campfire_rested":3,"item_purchase_floors":[19],"current_hp_per_floor":[64,64,64,64,69,69,55,52,52,41,36,28,28,28,28,17,65,43,43,43,32,32,41,27,36,36,3,12,1,34,33,66,10,63,47,47,47,30,7,43,0],"gold":497,"neow_bonus":"THREE_ENEMY_KILL","is_prod":false,"is_daily":false,"chose_seed":false,"campfire_upgraded":6,"win_rate":0,"timestamp":1560621483,"path_taken":["M","M","?","?","?","R","M","M","T","M","M","E","R","?","R","BOSS","M","?","$","M","?","R","?","R","T","M","R","M","R","?","R","BOSS","M","?","?","M","M","R","E"],"build_version":"2019-01-23","purchased_purges":2,"victory":false,"max_hp_per_floor":[71,71,71,71,76,76,76,76,76,81,81,81,81,81,81,81,81,81,81,81,81,81,81,81,81,81,81,81,81,81,81,81,81,81,81,81,81,81,81,81,81],"card_choices":[{"not_picked":["Hologram","Coolheaded"],"picked":"Cold Snap","floor":1.0},{"not_picked":["Recycle","Conserve Battery"],"picked":"Blizzard","floor":2.0},{"not_picked":["Beam Cell","Steam Power"],"picked":"Coolheaded","floor":4.0},{"not_picked":["Stack","Leap"],"picked":"Coolheaded","floor":7.0},{"not_picked":["Self Repair","Thunder Strike"],"picked":"Redo","floor":8.0},{"not_picked":["Steam","Genetic Algorithm"],"picked":"Beam Cell","floor":10.0},{"not_picked":["Turbo","Go for the Eyes","Melter"],"picked":"SKIP","floor":11.0},{"not_picked":["Streamline","Leap"],"picked":"Rebound","floor":12.0},{"not_picked":["Reboot","Machine Learning"],"picked":"Echo Form","floor":16.0},{"not_picked":["Compile Driver","Gash","Hello World"],"picked":"SKIP","floor":18.0},{"not_picked":["White Noise","Redo","Sweeping Beam"],"picked":"SKIP","floor":21.0},{"not_picked":["Chaos","Ball Lightning"],"picked":"Skim+1","floor":24.0},{"not_picked":["Ball Lightning","Go for the Eyes"],"picked":"Blizzard","floor":27.0},{"not_picked":["Beam Cell","Compile Driver","Melter"],"picked":"SKIP","floor":29.0},{"not_picked":["Electrodynamics","Rainbow"],"picked":"Biased Cognition","floor":33.0},{"not_picked":["Melter","Leap"],"picked":"Steam+1","floor":35.0},{"not_picked":["Turbo","Cold Snap","Beam Cell"],"picked":"SKIP","floor":38.0},{"not_picked":["Gash+1","Stack","Loop"],"picked":"SKIP","floor":39.0}],"player_experience":5376762,"relics_obtained":[{"floor":9.0,"key":"Matryoshka"},{"floor":12.0,"key":"Gremlin Horn"},{"floor":26.0,"key":"Lantern"},{"floor":26.0,"key":"Mercury Hourglass"},{"floor":31.0,"key":"Red Mask"},{"floor":36.0,"key":"Incense Burner"}],"event_choices":[{"damage_healed":0.0,"max_hp_gain":0.0,"max_hp_loss":0.0,"gold_gain":50.0,"event_name":"Golden Shrine","player_choice":"Pray","floor":3.0,"gold_loss":0.0,"damage_taken":0.0},{"damage_healed":0.0,"max_hp_gain":5.0,"max_hp_loss":0.0,"gold_gain":0.0,"event_name":"Big Fish","player_choice":"Donut","floor":5.0,"gold_loss":0.0,"damage_taken":0.0},{"cards_removed":["Strike_B"],"damage_healed":0.0,"max_hp_gain":0.0,"max_hp_loss":0.0,"gold_gain":0.0,"event_name":"Purifier","player_choice":"Purged","floor":14.0,"gold_loss":0.0,"damage_taken":0.0},{"damage_healed":0.0,"max_hp_gain":0.0,"max_hp_loss":0.0,"gold_gain":0.0,"event_name":"Lab","player_choice":"Got Potions","floor":22.0,"gold_loss":0.0,"damage_taken":0.0},{"damage_healed":0.0,"max_hp_gain":0.0,"max_hp_loss":0.0,"gold_gain":0.0,"event_name":"Masked Bandits","player_choice":"Fought Bandits","floor":31.0,"gold_loss":0.0,"damage_taken":0.0},{"damage_healed":0.0,"max_hp_gain":0.0,"max_hp_loss":0.0,"gold_gain":0.0,"event_name":"MindBloom","player_choice":"Fight","floor":36.0,"gold_loss":0.0,"damage_taken":0.0},{"damage_healed":0.0,"max_hp_gain":0.0,"max_hp_loss":0.0,"gold_gain":0.0,"event_name":"Match and Keep!","player_choice":"2 cards matched","floor":37.0,"gold_loss":0.0,"damage_taken":0.0,"cards_obtained":["Cold Snap","Capacitor"]}],"is_beta":false,"boss_relics":[{"not_picked":["Philosopher\u0027s Stone","Ectoplasm"],"picked":"Eternal Feather"},{"not_picked":["Empty Cage","Snecko Eye"],"picked":"Astrolabe"}],"items_purged_floors":[19,20],"is_endless":false,"potions_floor_spawned":[4,10,11,12,18,27,31,33,36,39],"killed_by":"Nemesis","ascension_level":20}