{"gold_per_floor":[118,137,152,152,167,196,212,16,66,66,97,97,130,130,130,224,224,245,345,34,52,52,52,71,71,71,71,115,115,115,130,130,223,223,244,244,264,264,264,307,307,351,351,394,410,428,475,161,161,161,161,161,161,22,66,66],"floor_reached":57,"playtime":2342,"items_purged":["Strike_R","Wild Strike"],"score":2751,"play_id":"98829953-1644-4d73-87ce-f9e9a1ce60b4","local_time":"20190724005624","is_ascension_mode":true,"campfire_choices":[{"floor":10.0,"key":"REST"},{"data":"1","floor":12.0,"key":"LIFT"},{"data":"2","floor":15.0,"key":"LIFT"},{"data":"3","floor":23.0,"key":"LIFT"},{"floor":25.0,"key":"RECALL"},{"data":"Uppercut","floor":27.0,"key":"SMITH"},{"data":"Metallicize","floor":32.0,"key":"SMITH"},{"data":"Corruption","floor":49,"key":"SMITH"},{"data":"Inflame","floor":53,"key":"SMITH"}],"neow_cost":"NONE","seed_source_timestamp":266656107950499,"circlet_count":0,"master_deck":["AscendersBane","Defend_R+1","Defend_R+1","Bash+1","Uppercut+1","Inflame+1","Whirlwind","Metallicize+1","Seeing Red+1","Shrug It Off+1","Reaper","Disarm+1","Dual Wield+1","Flash of Steel","Intimidate+1","Dropkick+1","Shrug It Off+1","Reaper","Berserk+1","Demon Form+1","Battle Trance+1","Reckless Charge","Warcry+1","Flash of Steel","Good Instincts+1","Metallicize+1","Rage+1","Evolve+1","Corruption+1","Ghostly Armor+1","Second Wind+1"],"special_seed":0,"relics":["Burning Blood","Girya","Vajra","Centennial Puzzle","Toxic Egg 2","Ancient Tea Set","Golden Idol","Coffee Dripper","Ornamental Fan","War Paint","theJungle:SpiritDisease","Astrolabe","Dead Branch","Happy Flower","Spirit Poop","Gremlin Horn","Oddly Smooth Stone"],"potions_floor_usage":[46,55,56,56],"damage_taken":[{"damage":2.0,"enemies":"Jaw Worm","floor":1.0,"turns":4.0},{"damage":4.0,"enemies":"Small Slimes","floor":2.0,"turns":3.0},{"damage":4.0,"enemies":"2 Louse","floor":3.0,"turns":3.0},{"damage":14.0,"enemies":"Red Slaver","floor":5.0,"turns":2.0},{"damage":45.0,"enemies":"3 Sentries","floor":6.0,"turns":9.0},{"damage":10.0,"enemies":"Blue Slaver","floor":7.0,"turns":5.0},{"damage":8.0,"enemies":"Gremlin Nob","floor":11.0,"turns":3.0},{"damage":20.0,"enemies":"3 Sentries","floor":13.0,"turns":4.0},{"damage":3.0,"enemies":"The Guardian","floor":16.0,"turns":8.0},{"damage":28.0,"enemies":"theJungle:Flameango_and_Byrd","floor":18.0,"turns":6.0},{"damage":5.0,"enemies":"theJungle:MUSHROOMGANG","floor":21.0,"turns":3.0},{"damage":4.0,"enemies":"theJungle:JungleHuntersEncounter","floor":24.0,"turns":3.0},{"damage":14.0,"enemies":"theJungle:Cassacara","floor":28.0,"turns":5.0},{"damage":7.0,"enemies":"theJungle:Lyon","floor":31.0,"turns":3.0},{"damage":26.0,"enemies":"theJungle:FunGuy","floor":33.0,"turns":12.0},{"damage":12.0,"enemies":"Orb Walker","floor":35.0,"turns":4.0},{"damage":6.0,"enemies":"3 Shapes","floor":37.0,"turns":3.0},{"damage":52.0,"enemies":"Reptomancer","floor":40.0,"turns":6.0},{"damage":18.0,"enemies":"Giant Head","floor":42.0,"turns":5.0},{"damage":11.0,"enemies":"Nemesis","floor":44.0,"turns":7.0},{"damage":23,"enemies":"Jaw Worm Horde","floor":45,"turns":3},{"damage":11,"enemies":"Transient","floor":46,"turns":6},{"damage":31,"enemies":"Awakened One","floor":50,"turns":8},{"damage":38,"enemies":"Time Eater","floor":51,"turns":9},{"damage":49,"enemies":"Shield and Spear","floor":55,"turns":5},{"damage":5,"enemies":"The Heart","floor":56,"turns":6}],"seed_played":"-74216847166705803","potions_obtained":[{"floor":2.0,"key":"SkillPotion"},{"floor":7.0,"key":"PowerPotion"},{"floor":13.0,"key":"Block Potion"},{"floor":21.0,"key":"Poison Potion"},{"floor":24.0,"key":"Block Potion"},{"floor":35.0,"key":"SkillPotion"},{"floor":45,"key":"Explosive Potion"},{"floor":55,"key":"PowerPotion"}],"is_trial":false,"path_per_floor":["M","M","M","?","M","E","M","$","T","R","E","R","E","?","R","B",null,"M","?","$","M","?","R","M","R","T","R","E","?","?","M","R","B",null,"M","?","M","?","?","E","?","E","T","E","M","M","T","$","R","B","B",null,"R","$","E","B",null],"character_chosen":"IRONCLAD","items_purchased":["Vajra","Metallicize","Dual Wield+1","Flash of Steel","Intimidate+1","Swift Potion","Corruption","Ghostly Armor+1","Second Wind+1","Energy Potion"],"campfire_rested":1,"item_purchase_floors":[8,8,20,20,20,48,48,48,54,54],"current_hp_per_floor":[72,74,75,75,67,28,24,24,24,46,44,44,30,30,30,33,59,37,31,31,32,41,41,43,43,43,43,43,43,43,53,53,54,65,62,62,68,68,68,68,58,56,56,61,68,63,63,63,63,59,60,66,66,66,62,68],"gold":66,"neow_bonus":"UPGRADE_CARD","is_prod":false,"is_daily":false,"chose_seed":false,"campfire_upgraded":4,"win_rate":0,"timestamp":1563897384,"path_taken":["M","M","M","?","M","E","M","$","T","R","E","R","E","?","R","BOSS","M","?","$","M","?","R","M","R","T","R","E","?","?","M","R","BOSS","M","?","?","?","?","E","?","E","T","E","M","M","?","$","R","BOSS","BOSS","R","$","E","BOSS"],"build_version":"2019-07-17","purchased_purges":2,"victory":true,"max_hp_per_floor":[75,75,75,75,75,75,75,75,75,75,75,75,75,68,68,68,68,68,68,68,68,68,68,68,68,68,68,68,68,68,68,68,68,68,68,68,68,68,68,68,68,68,68,68,68,68,68,68,68,68,68,68,68,68,68,68],"card_choices":[{"not_picked":["Havoc","Flex"],"picked":"Perfected Strike","floor":1.0},{"not_picked":["Body Slam","Rupture"],"picked":"Wild Strike","floor":2.0},{"not_picked":["Rupture","Armaments"],"picked":"Uppercut","floor":3.0},{"not_picked":["Heavy Blade","Entrench"],"picked":"Inflame","floor":5.0},{"not_picked":["Bloodletting","Heavy Blade"],"picked":"Whirlwind","floor":6.0},{"not_picked":["Rupture","Inflame","Thunderclap"],"picked":"SKIP","floor":7.0},{"not_picked":["Combust","Brutality"],"picked":"Seeing Red","floor":11.0},{"not_picked":["Infernal Blade+1","Carnage"],"picked":"Shrug It Off+1","floor":13.0},{"not_picked":["Immolate","Demon Form"],"picked":"Reaper","floor":16.0},{"not_picked":["Pommel Strike","True Grit+1"],"picked":"Disarm+1","floor":18.0},{"not_picked":["Intimidate+1","Havoc+1"],"picked":"Dropkick+1","floor":21.0},{"not_picked":["Clothesline","Heavy Blade","Wild Strike"],"picked":"SKIP","floor":24.0},{"not_picked":["Sever Soul","Pommel Strike","Headbutt"],"picked":"SKIP","floor":28.0},{"not_picked":["Perfected Strike+1","Thunderclap"],"picked":"Shrug It Off+1","floor":31.0},{"not_picked":["Brutality","Barricade"],"picked":"Reaper","floor":33.0},{"not_picked":["Headbutt","Iron Wave"],"picked":"Battle Trance+1","floor":35.0},{"not_picked":["Metallicize","Body Slam"],"picked":"Warcry+1","floor":37.0},{"not_picked":["Headbutt","Uppercut","Demon Form"],"picked":"SKIP","floor":40.0},{"not_picked":["Blind+1","Madness+1"],"picked":"Flash of Steel","floor":41.0},{"not_picked":["Transmutation+1","Thinking Ahead+1"],"picked":"Good Instincts+1","floor":41.0},{"not_picked":["Wild Strike+1","Shrug It Off+1"],"picked":"Metallicize+1","floor":42.0},{"not_picked":["True Grit+1","Burning Pact+1"],"picked":"Rage+1","floor":44},{"not_picked":["Iron Wave","Wild Strike","Flex+1"],"picked":"SKIP","floor":45},{"not_picked":["Twin Strike+1","Sword Boomerang"],"picked":"Evolve+1","floor":46},{"not_picked":["Searing Blow+1","Flex+1","Sword Boomerang"],"picked":"SKIP","floor":55}],"player_experience":5794693,"relics_obtained":[{"floor":6.0,"key":"Girya"},{"floor":9.0,"key":"Centennial Puzzle"},{"floor":11.0,"key":"Toxic Egg 2"},{"floor":13.0,"key":"Ancient Tea Set"},{"floor":26.0,"key":"Ornamental Fan"},{"floor":28.0,"key":"War Paint"},{"floor":40.0,"key":"Dead Branch"},{"floor":42.0,"key":"Happy Flower"},{"floor":43.0,"key":"Spirit Poop"},{"floor":44,"key":"Gremlin Horn"},{"floor":55,"key":"Oddly Smooth Stone"}],"event_choices":[{"damage_healed":0.0,"max_hp_gain":0.0,"max_hp_loss":0.0,"gold_gain":0.0,"event_name":"Liars Game","player_choice":"Ignored","floor":4.0,"gold_loss":0.0,"damage_taken":0.0},{"damage_healed":0.0,"max_hp_gain":0.0,"max_hp_loss":7.0,"gold_gain":0.0,"event_name":"Golden Idol","player_choice":"Lose Max HP","floor":14.0,"gold_loss":0.0,"damage_taken":0.0,"relics_obtained":["Golden Idol"]},{"damage_healed":0.0,"max_hp_gain":0.0,"max_hp_loss":0.0,"gold_gain":0.0,"cards_transformed":["Fire Breathing"],"event_name":"Transmorgrifier","player_choice":"Transformed","floor":36.0,"gold_loss":0.0,"damage_taken":0.0,"cards_obtained":["Reckless Charge"]},{"cards_removed":["Defend_R"],"damage_healed":0.0,"max_hp_gain":0.0,"max_hp_loss":0.0,"gold_gain":0.0,"event_name":"Falling","player_choice":"Removed Skill","floor":38.0,"gold_loss":0.0,"damage_taken":0.0},{"damage_healed":0.0,"max_hp_gain":0.0,"max_hp_loss":0.0,"gold_gain":0.0,"event_name":"Tomb of Lord Red Mask","player_choice":"Ignored","floor":39.0,"gold_loss":0.0,"damage_taken":0.0},{"damage_healed":0.0,"max_hp_gain":0.0,"max_hp_loss":0.0,"gold_gain":0.0,"event_name":"SensoryStone","player_choice":"Memory 3","floor":41.0,"gold_loss":0.0,"damage_taken":10.0}],"is_beta":false,"boss_relics":[{"not_picked":["Runic Cube","Philosopher\u0027s Stone"],"picked":"Coffee Dripper"},{"not_picked":["Lizard Tail","Pandora\u0027s Box"],"picked":"Astrolabe"}],"items_purged_floors":[20,48],"is_endless":false,"potions_floor_spawned":[2,7,13,21,24,35,45,55],"ascension_level":20}