{"gold_per_floor":[119,44,60,80,94,94,121,140,216,216,216,230,230,240,240,240],"floor_reached":16,"playtime":261,"items_purged":[],"score":208,"play_id":"0dfab137-d012-4fb7-8c8d-684c0ff0a21a","local_time":"20190420015525","is_ascension_mode":true,"campfire_choices":[{"data":"Skewer","floor":6.0,"key":"SMITH"},{"data":"Skewer","floor":11.0,"key":"SMITH"},{"data":"Outmaneuver","floor":15.0,"key":"SMITH"}],"neow_cost":"NONE","seed_source_timestamp":265697885483300,"circlet_count":0,"master_deck":["AscendersBane","Defend_G","Defend_G","Defend_G","Defend_G","Defend_G","Strike_G","Strike_G","Strike_G","Strike_G","Survivor","Neutralize","Poisoned Stab","Skewer+1","Concentrate","Skewer+1","Tactician","PiercingWail","Outmaneuver+1"],"special_seed":0,"relics":["Ring of the Snake","NeowsBlessing","Shuriken","Thread and Needle"],"potions_floor_usage":[16],"damage_taken":[{"damage":0.0,"enemies":"Jaw Worm","floor":1.0,"turns":1.0},{"damage":0.0,"enemies":"Cultist","floor":3.0,"turns":1.0},{"damage":0.0,"enemies":"Small Slimes","floor":4.0,"turns":1.0},{"damage":9.0,"enemies":"Exordium Wildlife","floor":5.0,"turns":5.0},{"damage":25.0,"enemies":"Lagavulin","floor":7.0,"turns":6.0},{"damage":3.0,"enemies":"Looter","floor":8.0,"turns":2.0},{"damage":3.0,"enemies":"2 Fungi Beasts","floor":12.0,"turns":3.0},{"damage":0.0,"enemies":"Blue Slaver","floor":14.0,"turns":2.0},{"damage":73,"enemies":"Slime Boss","floor":16,"turns":8}],"seed_played":"-717754444435734654","potions_obtained":[{"floor":3.0,"key":"SkillPotion"},{"floor":8.0,"key":"Strength Potion"},{"floor":12.0,"key":"Swift Potion"}],"is_trial":false,"path_per_floor":["M","?","M","M","M","R","E","M","T","?","R","M","?","M","R","B"],"character_chosen":"THE_SILENT","items_purchased":[],"campfire_rested":0,"item_purchase_floors":[],"current_hp_per_floor":[59,59,59,59,50,50,25,22,22,66,66,63,63,63,63,0],"gold":240,"neow_bonus":"THREE_ENEMY_KILL","is_prod":false,"is_daily":false,"chose_seed":false,"campfire_upgraded":3,"win_rate":0,"timestamp":1555692925,"path_taken":["M","?","M","M","M","R","E","M","T","?","R","?","?","M","R","BOSS"],"build_version":"2019-01-23","purchased_purges":0,"victory":false,"max_hp_per_floor":[66,66,66,66,66,66,66,66,66,66,66,66,66,66,66,66],"card_choices":[{"not_picked":["Sucker Punch","Acrobatics"],"picked":"Poisoned Stab","floor":1.0},{"not_picked":["Acrobatics","Backflip"],"picked":"Skewer","floor":3.0},{"not_picked":["Leg Sweep","Unload"],"picked":"Concentrate","floor":4.0},{"not_picked":["Prepared","Flying Knee"],"picked":"Skewer","floor":5.0},{"not_picked":["Dagger Spray","PiercingWail"],"picked":"Skewer","floor":7.0},{"not_picked":["Backflip","Acrobatics"],"picked":"Tactician","floor":8.0},{"not_picked":["Deflect","Blade Dance"],"picked":"PiercingWail","floor":12.0},{"not_picked":["Underhanded Strike","Deflect"],"picked":"Outmaneuver","floor":14.0}],"player_experience":4845744,"relics_obtained":[{"floor":7.0,"key":"Shuriken"}],"event_choices":[{"cards_removed":["Strike_G"],"damage_healed":0.0,"max_hp_gain":0.0,"max_hp_loss":0.0,"gold_gain":0.0,"event_name":"The Cleric","player_choice":"Card Removal","floor":2.0,"gold_loss":75.0,"damage_taken":0.0},{"cards_removed":["Skewer"],"damage_healed":44.0,"max_hp_gain":0.0,"max_hp_loss":0.0,"gold_gain":0.0,"event_name":"Bonfire Elementals","player_choice":"Offered Uncommon","floor":10.0,"gold_loss":0.0,"damage_taken":0.0},{"damage_healed":0.0,"max_hp_gain":0.0,"max_hp_loss":0.0,"gold_gain":0.0,"event_name":"WeMeetAgain","player_choice":"Gave Potion","floor":13.0,"gold_loss":0.0,"damage_taken":0.0,"relics_obtained":["Thread and Needle"]}],"is_beta":false,"boss_relics":[],"items_purged_floors":[],"is_endless":false,"potions_floor_spawned":[3,8,12],"killed_by":"Slime Boss","ascension_level":20}