{"gold_per_floor":[115,190,31,31,49,88,88,121,121,139,64,64,98,33,33,159,159,184,184,208,40,60,95,111,111,141,141,16,31,31,31,31,151,151,170,134,157,282,282],"floor_reached":39,"playtime":1788,"items_purged":["Strike_R","Strike_R","Strike_R"],"score":653,"play_id":"2a696677-3359-44cb-8271-bf6543f31ccb","local_time":"20190718220051","is_ascension_mode":true,"campfire_choices":[{"data":"Immolate","floor":7,"key":"SMITH"},{"data":"Bash","floor":12,"key":"SMITH"},{"data":"Flame Barrier","floor":15,"key":"SMITH"},{"floor":25,"key":"REST"},{"data":"Demon Form","floor":27,"key":"SMITH"},{"data":"Uppercut","floor":30,"key":"SMITH"},{"floor":32,"key":"REST"}],"neow_cost":"NONE","seed_source_timestamp":39180805938800,"circlet_count":0,"master_deck":["Strike_R","Strike_R","Defend_R","Defend_R","Defend_R","Defend_R","Bash+1","Wild Strike","Immolate+1","Shrug It Off","Cleave","Immolate","Shrug It Off","Flame Barrier+1","Shrug It Off","Demon Form+1","True Grit+1","Evolve","Feed","Uppercut+1","Feed","Power Through","Pommel Strike+1","Pommel Strike+1","Shrug It Off","Seeing Red","Spot Weakness","Heavy Blade","Heavy Blade+1"],"relics":["Burning Blood","Golden Idol","Sundial","Anchor","Bag of Marbles","MawBank","Sozu","GremlinMask","Happy Flower","Tiny Chest","MutagenicStrength","Orrery","Magic Flower"],"potions_floor_usage":[6,8,13,16,16,16,33],"damage_taken":[{"damage":4,"enemies":"Jaw Worm","floor":1,"turns":4},{"damage":0,"enemies":"Small Slimes","floor":5,"turns":1},{"damage":27,"enemies":"Lagavulin","floor":6,"turns":5},{"damage":15,"enemies":"3 Sentries","floor":8,"turns":4},{"damage":0,"enemies":"Cultist","floor":10,"turns":3},{"damage":16,"enemies":"Gremlin Nob","floor":13,"turns":3},{"damage":0,"enemies":"Slime Boss","floor":16,"turns":3},{"damage":0,"enemies":"Spheric Guardian","floor":18,"turns":3},{"damage":3,"enemies":"Shell Parasite","floor":20,"turns":6},{"damage":21,"enemies":"Snake Plant","floor":22,"turns":4},{"damage":35,"enemies":"Gremlin Leader","floor":23,"turns":6},{"damage":13,"enemies":"Shelled Parasite and Fungi","floor":24,"turns":4},{"damage":8,"enemies":"3 Cultists","floor":29,"turns":6},{"damage":52,"enemies":"Champ","floor":33,"turns":11},{"damage":0,"enemies":"Orb Walker","floor":35,"turns":4},{"damage":37,"enemies":"3 Darklings","floor":37,"turns":5},{"damage":0,"enemies":"Mind Bloom Boss Battle","floor":38,"turns":9},{"damage":52,"enemies":"Transient","floor":39,"turns":5}],"seed_played":"1093267332005681153","potions_obtained":[{"floor":0,"key":"SmokeBomb"},{"floor":0,"key":"Swift Potion"},{"floor":0,"key":"PowerPotion"},{"floor":1,"key":"SkillPotion"},{"floor":5,"key":"Block Potion"},{"floor":6,"key":"Ancient Potion"},{"floor":8,"key":"SteroidPotion"},{"floor":16,"key":"Poison Potion"}],"is_trial":false,"path_per_floor":["M","?","$","?","M","E","R","E","T","M","$","R","E","$","R","B",null,"M","?","M","$","M","E","M","R","T","R","$","M","R","?","R","B",null,"M","$","M","?","M"],"character_chosen":"IRONCLAD","items_purchased":["Immolate","AttackPotion","Shrug It Off","Evolve","Spot Weakness"],"campfire_rested":2,"item_purchase_floors":[3,14,14,21,36],"current_hp_per_floor":[74,63,63,63,69,48,48,39,39,45,45,45,35,35,35,41,66,72,72,74,74,59,30,23,45,45,45,45,46,46,46,69,23,64,70,70,39,45,0],"gold":282,"neow_bonus":"THREE_SMALL_POTIONS","is_prod":false,"is_daily":false,"chose_seed":false,"campfire_upgraded":5,"win_rate":0,"timestamp":1563501651,"path_taken":["M","?","$","?","M","E","R","E","T","M","?","R","E","?","R","BOSS","M","?","M","$","M","E","M","R","T","R","$","?","R","?","R","BOSS","M","$","M","?","M"],"build_version":"2019-07-17","purchased_purges":3,"victory":false,"max_hp_per_floor":[80,80,80,74,74,74,74,74,74,74,74,74,74,74,74,74,74,74,74,74,74,74,74,74,74,74,74,74,77,77,77,77,77,77,77,77,77,77,77],"card_choices":[{"not_picked":["True Grit","Thunderclap"],"picked":"Wild Strike","floor":1},{"not_picked":["True Grit","Seeing Red"],"picked":"Shrug It Off","floor":5},{"not_picked":["Disarm","Fiend Fire"],"picked":"Cleave","floor":6},{"not_picked":["Intimidate","Entrench"],"picked":"Immolate","floor":8},{"not_picked":["Blood for Blood","Havoc"],"picked":"Shrug It Off","floor":10},{"not_picked":["Spot Weakness","Fiend Fire"],"picked":"Flame Barrier","floor":13},{"not_picked":["Reaper","Impervious"],"picked":"Demon Form","floor":16},{"not_picked":["Reckless Charge","Whirlwind"],"picked":"True Grit+1","floor":18},{"not_picked":["Clash","Thunderclap","Iron Wave"],"picked":"SKIP","floor":20},{"not_picked":["Searing Blow+1","Spot Weakness","Thunderclap"],"picked":"SKIP","floor":22},{"not_picked":["Warcry","Headbutt"],"picked":"Feed","floor":23},{"not_picked":["Warcry","Rage"],"picked":"Uppercut","floor":24},{"not_picked":["Shrug It Off","Thunderclap+1","Cleave"],"picked":"SKIP","floor":29},{"not_picked":["Juggernaut","Exhume"],"picked":"Feed","floor":33},{"not_picked":["Anger","Iron Wave"],"picked":"Power Through","floor":34},{"not_picked":["Warcry","Shrug It Off"],"picked":"Pommel Strike+1","floor":34},{"not_picked":["Headbutt+1","Wild Strike"],"picked":"Pommel Strike+1","floor":34},{"not_picked":["Whirlwind","Barricade"],"picked":"Shrug It Off","floor":34},{"not_picked":["True Grit","Warcry+1"],"picked":"Seeing Red","floor":35},{"not_picked":["Clothesline+1","Dual Wield+1"],"picked":"Heavy Blade","floor":37},{"not_picked":["Body Slam","True Grit"],"picked":"Heavy Blade+1","floor":38}],"player_experience":256963,"relics_obtained":[{"floor":6,"key":"Sundial"},{"floor":8,"key":"Anchor"},{"floor":9,"key":"Bag of Marbles"},{"floor":13,"key":"MawBank"},{"floor":23,"key":"Happy Flower"},{"floor":26,"key":"Tiny Chest"},{"floor":38,"key":"Magic Flower"}],"event_choices":[{"damage_healed":0,"gold_gain":75,"player_choice":"Gather Gold","damage_taken":11,"max_hp_gain":0,"max_hp_loss":0,"event_name":"World of Goop","floor":2,"gold_loss":0},{"damage_healed":0,"gold_gain":0,"player_choice":"Lose Max HP","damage_taken":0,"relics_obtained":["Golden Idol"],"max_hp_gain":0,"max_hp_loss":6,"event_name":"Golden Idol","floor":4,"gold_loss":0},{"damage_healed":0,"gold_gain":0,"player_choice":"Trade","damage_taken":0,"relics_obtained":["GremlinMask"],"max_hp_gain":0,"max_hp_loss":0,"event_name":"FaceTrader","floor":19,"gold_loss":0},{"damage_healed":0,"gold_gain":0,"player_choice":"Inject Mutagens","damage_taken":0,"relics_obtained":["MutagenicStrength"],"max_hp_gain":0,"max_hp_loss":0,"event_name":"Drug Dealer","floor":31,"gold_loss":0},{"damage_healed":0,"gold_gain":0,"player_choice":"Fight","damage_taken":0,"max_hp_gain":0,"max_hp_loss":0,"event_name":"MindBloom","floor":38,"gold_loss":0}],"is_beta":false,"boss_relics":[{"not_picked":["Black Blood","Empty Cage"],"picked":"Sozu"},{"not_picked":["Mark of Pain","White Beast Statue"],"picked":"Orrery"}],"items_purged_floors":[11,21,28],"is_endless":false,"potions_floor_spawned":[1,5,6,8,16,18,20,22,24,29],"killed_by":"Transient","ascension_level":7}