{"gold_per_floor":[114,130,141,155,168,168,203,203,226,238,265,265,276,8,8,82,82,99,99,99,18,33,61,74,74,74,74,87,118,118,144,144,222,222,238,248,268,320,320,353,365,404,416,447,470,494,520,101,101,101,101,101,101,16,50,50],"floor_reached":57,"playtime":2788,"items_purged":["Strike_G","Writhe"],"score":2947,"play_id":"078b819b-e459-411a-b2eb-be4d47a6ef04","local_time":"20190703000606","is_ascension_mode":true,"campfire_choices":[{"data":"Cloak And Dagger","floor":6.0,"key":"SMITH"},{"data":"Apotheosis","floor":15.0,"key":"SMITH"},{"floor":27.0,"key":"RECALL"},{"floor":30.0,"key":"REST"},{"data":"Well Laid Plans","floor":32.0,"key":"SMITH"},{"floor":41,"key":"DIG"},{"floor":49,"key":"DIG"},{"floor":53,"key":"DIG"}],"neow_cost":"NONE","seed_source_timestamp":2043062069100,"circlet_count":0,"master_deck":["AscendersBane","Strike_G","Strike_G","Strike_G","Defend_G","Defend_G","Defend_G","Defend_G","Defend_G","Survivor","Neutralize+1","Deflect","Backstab","Poisoned Stab","Quick Slash","Cloak And Dagger+1","Footwork","Backflip","Poisoned Stab","Caltrops","Apotheosis+1","Malaise","Footwork+1","Well Laid Plans+1","Acrobatics","Deadly Poison","Tactician","Prepared+1","PiercingWail","Catalyst","Corpse Explosion","Escape Plan","Backflip","PiercingWail","Deadly Poison","Leg Sweep+1","Deadly Poison+1","Catalyst","Deflect"],"special_seed":0,"relics":["Ring of the Snake","Paper Crane","Bronze Scales","Strawberry","Cursed Key","Bag of Marbles","Darkstone Periapt","Smiling Mask","Philosopher\u0027s Stone","Shovel","MawBank","Art of War","Bottled Tornado","Lee\u0027s Waffle","Oddly Smooth Stone","Pear","Pantograph","Bottled Lightning"],"potions_floor_usage":[38,42,42,55,55],"damage_taken":[{"damage":6.0,"enemies":"Cultist","floor":1.0,"turns":5.0},{"damage":1.0,"enemies":"Small Slimes","floor":2.0,"turns":3.0},{"damage":0.0,"enemies":"2 Louse","floor":3.0,"turns":4.0},{"damage":0.0,"enemies":"Exordium Wildlife","floor":4.0,"turns":4.0},{"damage":4.0,"enemies":"Blue Slaver","floor":5.0,"turns":4.0},{"damage":10.0,"enemies":"3 Sentries","floor":7.0,"turns":7.0},{"damage":0.0,"enemies":"Lots of Slimes","floor":10.0,"turns":4.0},{"damage":27.0,"enemies":"Gremlin Nob","floor":11.0,"turns":4.0},{"damage":0.0,"enemies":"Looter","floor":13.0,"turns":2.0},{"damage":1.0,"enemies":"Hexaghost","floor":16.0,"turns":8.0},{"damage":0.0,"enemies":"3 Byrds","floor":18.0,"turns":2.0},{"damage":1.0,"enemies":"Chosen","floor":22.0,"turns":7.0},{"damage":9.0,"enemies":"Book of Stabbing","floor":23.0,"turns":5.0},{"damage":9.0,"enemies":"Centurion and Healer","floor":24.0,"turns":7.0},{"damage":1.0,"enemies":"Snake Plant","floor":28.0,"turns":5.0},{"damage":0.0,"enemies":"Gremlin Leader","floor":29.0,"turns":7.0},{"damage":22.0,"enemies":"Book of Stabbing","floor":31.0,"turns":6.0},{"damage":0.0,"enemies":"Automaton","floor":33.0,"turns":11.0},{"damage":2.0,"enemies":"3 Darklings","floor":35.0,"turns":4.0},{"damage":0,"enemies":"3 Shapes","floor":36,"turns":4},{"damage":0,"enemies":"Maw","floor":37,"turns":7},{"damage":5,"enemies":"2 Orb Walkers","floor":38,"turns":2},{"damage":2,"enemies":"Nemesis","floor":40,"turns":7},{"damage":14,"enemies":"Reptomancer","floor":42,"turns":7},{"damage":0,"enemies":"Writhing Mass","floor":44,"turns":6},{"damage":10,"enemies":"3 Darklings","floor":45,"turns":4},{"damage":0,"enemies":"4 Shapes","floor":46,"turns":6},{"damage":0,"enemies":"Sphere and 2 Shapes","floor":47,"turns":6},{"damage":4,"enemies":"Awakened One","floor":50,"turns":18},{"damage":38,"enemies":"Donu and Deca","floor":51,"turns":8},{"damage":16,"enemies":"Shield and Spear","floor":55,"turns":6},{"damage":35,"enemies":"The Heart","floor":56,"turns":7}],"seed_played":"-347422470402093899","potions_obtained":[{"floor":1.0,"key":"FearPotion"},{"floor":3.0,"key":"Strength Potion"},{"floor":4.0,"key":"Fire Potion"},{"floor":8.0,"key":"PowerPotion"},{"floor":16.0,"key":"PowerPotion"},{"floor":22.0,"key":"Strength Potion"},{"floor":24.0,"key":"Explosive Potion"},{"floor":29.0,"key":"Energy Potion"},{"floor":37,"key":"GamblersBrew"},{"floor":38,"key":"Explosive Potion"},{"floor":40,"key":"SteroidPotion"},{"floor":42,"key":"Strength Potion"},{"floor":45,"key":"Ancient Potion"},{"floor":46,"key":"SpeedPotion"}],"is_trial":false,"path_per_floor":["M","M","M","M","M","R","E","?","T","M","E","?","M","$","R","B",null,"M","?","?","$","M","E","M","?","T","R","M","E","R","E","R","B",null,"M","M","M","?","?","E","R","E","T","M","M","M","M","$","R","B","B",null,"R","$","E","B",null],"character_chosen":"THE_SILENT","items_purchased":["Apotheosis","Well Laid Plans","Lee\u0027s Waffle","Oddly Smooth Stone","Catalyst"],"campfire_rested":1,"item_purchase_floors":[14,21,48,48,54],"current_hp_per_floor":[53,52,52,52,48,48,38,38,38,38,18,18,18,18,18,17,59,59,59,59,59,58,49,40,40,40,40,39,39,60,38,38,38,64,62,62,62,57,57,55,55,41,41,41,31,31,31,80,90,86,48,80,80,80,64,54],"gold":50,"neow_bonus":"UPGRADE_CARD","is_prod":false,"is_daily":false,"chose_seed":false,"campfire_upgraded":3,"win_rate":0,"timestamp":1562079966,"path_taken":["M","M","M","M","M","R","E","?","T","?","E","?","M","$","R","BOSS","M","?","?","?","M","E","?","?","T","R","M","E","R","E","R","BOSS","M","M","?","?","?","E","R","E","T","M","M","M","M","$","R","BOSS","BOSS","R","$","E","BOSS"],"build_version":"2019-07-01","purchased_purges":2,"victory":true,"max_hp_per_floor":[66,66,66,66,66,66,66,66,66,66,73,73,73,73,73,73,73,73,73,73,73,73,73,73,73,73,73,73,73,73,73,73,73,73,73,73,73,73,73,73,73,73,73,73,73,73,73,80,90,90,90,90,90,90,90,90],"card_choices":[{"not_picked":["Accuracy","Outmaneuver"],"picked":"Deflect","floor":1.0},{"not_picked":["Bane","Underhanded Strike"],"picked":"Backstab","floor":2.0},{"not_picked":["Deadly Poison","Dodge and Roll"],"picked":"Poisoned Stab","floor":3.0},{"not_picked":["Flechettes","Slice"],"picked":"Quick Slash","floor":4.0},{"not_picked":["Blur","Deflect"],"picked":"Cloak And Dagger","floor":5.0},{"not_picked":["Dagger Throw","Endless Agony"],"picked":"Footwork","floor":7.0},{"not_picked":["Flying Knee","Underhanded Strike"],"picked":"Backflip","floor":10.0},{"not_picked":["Prepared","Quick Slash"],"picked":"Poisoned Stab","floor":11.0},{"not_picked":["Setup","Cloak And Dagger"],"picked":"Caltrops","floor":13.0},{"not_picked":["Die Die Die","Burst"],"picked":"Malaise","floor":16.0},{"not_picked":["Blur+1","Slice"],"picked":"Footwork+1","floor":18.0},{"not_picked":["Deflect","Underhanded Strike"],"picked":"Acrobatics","floor":22.0},{"not_picked":["Dodge and Roll","Flechettes"],"picked":"Deadly Poison","floor":23.0},{"not_picked":["Prepared","Dagger Spray"],"picked":"Tactician","floor":24.0},{"not_picked":["Deadly Poison","Crippling Poison"],"picked":"Prepared+1","floor":28.0},{"not_picked":["Escape Plan","Quick Slash+1"],"picked":"PiercingWail","floor":29.0},{"not_picked":["All Out Attack+1","Accuracy"],"picked":"Catalyst","floor":31.0},{"not_picked":["Glass Knife","Venomology"],"picked":"Corpse Explosion","floor":33.0},{"not_picked":["Slice","Endless Agony"],"picked":"Escape Plan","floor":35.0},{"not_picked":["Infinite Blades","Deadly Poison"],"picked":"Backflip","floor":36},{"not_picked":["Caltrops","Flechettes+1"],"picked":"PiercingWail","floor":37},{"not_picked":["Heel Hook","Dagger Spray","Cloak And Dagger+1"],"picked":"SKIP","floor":40},{"not_picked":["Backstab","Doppelganger","Deadly Poison"],"picked":"SKIP","floor":42},{"not_picked":["Terror","Deflect"],"picked":"Deadly Poison","floor":44},{"not_picked":["Quick Slash","Poisoned Stab"],"picked":"Leg Sweep+1","floor":45},{"not_picked":["Cloak And Dagger","Infinite Blades+1","Masterful Stab"],"picked":"SKIP","floor":46},{"not_picked":["Cloak And Dagger","Infinite Blades+1","Masterful Stab"],"picked":"SKIP","floor":46},{"not_picked":["Tools of the Trade","Predator"],"picked":"Deadly Poison+1","floor":47},{"not_picked":["Outmaneuver","Finisher"],"picked":"Deflect","floor":55}],"player_experience":5557285,"relics_obtained":[{"floor":7.0,"key":"Paper Crane"},{"floor":9.0,"key":"Bronze Scales"},{"floor":11.0,"key":"Strawberry"},{"floor":23.0,"key":"Bag of Marbles"},{"floor":29.0,"key":"Darkstone Periapt"},{"floor":31.0,"key":"Smiling Mask"},{"floor":38,"key":"Shovel"},{"floor":40,"key":"MawBank"},{"floor":41,"key":"Art of War"},{"floor":42,"key":"Bottled Tornado"},{"floor":49,"key":"Pear"},{"floor":53,"key":"Pantograph"},{"floor":55,"key":"Bottled Lightning"}],"event_choices":[{"damage_healed":0.0,"max_hp_gain":0.0,"max_hp_loss":0.0,"gold_gain":0.0,"event_name":"Lab","player_choice":"Got Potions","floor":8.0,"gold_loss":0.0,"damage_taken":0.0},{"cards_removed":["Strike_G"],"damage_healed":0.0,"max_hp_gain":0.0,"max_hp_loss":0.0,"gold_gain":0.0,"event_name":"Purifier","player_choice":"Purged","floor":12.0,"gold_loss":0.0,"damage_taken":0.0},{"damage_healed":0.0,"max_hp_gain":0.0,"max_hp_loss":0.0,"gold_gain":0.0,"event_name":"Ghosts","player_choice":"Ignored","floor":19.0,"gold_loss":0.0,"damage_taken":0.0},{"damage_healed":0.0,"max_hp_gain":0.0,"max_hp_loss":0.0,"gold_gain":0.0,"event_name":"The Mausoleum","player_choice":"Ignored","floor":20.0,"gold_loss":0.0,"damage_taken":0.0},{"damage_healed":0.0,"max_hp_gain":0.0,"max_hp_loss":0.0,"gold_gain":0.0,"event_name":"N\u0027loth","player_choice":"Ignored","floor":25.0,"gold_loss":0.0,"damage_taken":0.0},{"damage_healed":0,"gold_gain":0,"player_choice":"Fight","damage_taken":0,"max_hp_gain":0,"max_hp_loss":0,"event_name":"Mysterious Sphere","floor":38,"gold_loss":0},{"damage_healed":0,"gold_gain":0,"player_choice":"Ignored","damage_taken":0,"max_hp_gain":0,"max_hp_loss":0,"event_name":"Tomb of Lord Red Mask","floor":39,"gold_loss":0}],"is_beta":false,"boss_relics":[{"not_picked":["Runic Dome","Coffee Dripper"],"picked":"Cursed Key"},{"not_picked":["Snecko Eye","Lizard Tail"],"picked":"Philosopher\u0027s Stone"}],"items_purged_floors":[14,48],"is_endless":false,"potions_floor_spawned":[1,3,4,10,16,22,24,29,37,38,40,42,45,46],"ascension_level":20}