{"gold_per_floor":[116,126,145,145,164,197,197,216,216,46,46,62,62,93,93,190,190,207,235,235,250,250,250,262,262,262,57,57,76,93,18,18,120,120,139,151,151],"floor_reached":37,"playtime":2323,"items_purged":["Defend_R"],"score":400,"play_id":"0e8ecd01-be5f-4d84-9ef1-66769156ca5f","local_time":"20190724224507","is_ascension_mode":true,"campfire_choices":[{"floor":7.0,"key":"REST"},{"floor":11.0,"key":"REST"},{"floor":15.0,"key":"REST"},{"floor":23,"key":"RECALL"},{"data":"Flex","floor":28,"key":"SMITH"},{"floor":32,"key":"REST"}],"neow_cost":"NONE","seed_source_timestamp":0,"circlet_count":0,"master_deck":["Strike_R+1","Strike_R","Defend_R+1","Defend_R","Bash","Fire Breathing","Whirlwind","Iron Wave","Searing Blow","Inflame","Flex+1","Barricade","Impervious","Seeing Red","Armaments+1","Reckless Charge","Shrug It Off","Second Wind+1","Offering","Infernal Blade","Seeing Red","Rupture","Bloodletting","Rage","Power Through+1","Metallicize"],"special_seed":0,"relics":["Empty Cage","Red Skull","Tiny Chest","Champion Belt","Velvet Choker","Red Mask","MutagenicStrength","Question Card","Lee\u0027s Waffle","Orrery"],"potions_floor_usage":[19,21,24,30],"damage_taken":[{"damage":1.0,"enemies":"Cultist","floor":1.0,"turns":3.0},{"damage":10.0,"enemies":"Jaw Worm","floor":2.0,"turns":5.0},{"damage":0.0,"enemies":"Small Slimes","floor":3.0,"turns":5.0},{"damage":18.0,"enemies":"2 Fungi Beasts","floor":5.0,"turns":3.0},{"damage":44.0,"enemies":"3 Sentries","floor":6.0,"turns":7.0},{"damage":2.0,"enemies":"3 Louse","floor":8.0,"turns":2.0},{"damage":0.0,"enemies":"Red Slaver","floor":12.0,"turns":3.0},{"damage":33.0,"enemies":"Gremlin Nob","floor":14.0,"turns":5.0},{"damage":20.0,"enemies":"Slime Boss","floor":16.0,"turns":10.0},{"damage":30,"enemies":"Spheric Guardian","floor":18,"turns":4},{"damage":15,"enemies":"Masked Bandits","floor":19,"turns":4},{"damage":0,"enemies":"2 Thieves","floor":21,"turns":5},{"damage":17,"enemies":"Shelled Parasite and Fungi","floor":24,"turns":4},{"damage":46,"enemies":"3 Cultists","floor":29,"turns":7},{"damage":0,"enemies":"Snake Plant","floor":30,"turns":2},{"damage":65,"enemies":"Collector","floor":33,"turns":13},{"damage":55,"enemies":"3 Darklings","floor":35,"turns":6},{"damage":15,"enemies":"Orb Walker","floor":36,"turns":3},{"damage":17,"enemies":"2 Orb Walkers","floor":37,"turns":2}],"seed_played":"3603771474294945392","potions_obtained":[{"floor":2.0,"key":"SpeedPotion"},{"floor":3.0,"key":"BloodPotion"},{"floor":5.0,"key":"Dexterity Potion"},{"floor":12.0,"key":"SpeedPotion"},{"floor":14.0,"key":"Swift Potion"},{"floor":18,"key":"AttackPotion"},{"floor":21,"key":"Block Potion"},{"floor":29,"key":"Weak Potion"}],"is_trial":false,"path_per_floor":["M","M","M","?","M","E","R","M","T","$","R","M","$","E","R","B",null,"M","?","?","M","?","R","M","?","T","$","R","M","M","$","R","B",null,"M","M","?"],"character_chosen":"IRONCLAD","items_purchased":["Flex","Tiny Chest","Lee\u0027s Waffle"],"campfire_rested":4,"item_purchase_floors":[10,10,27],"current_hp_per_floor":[79,69,69,53,35,11,35,33,33,33,57,57,57,24,48,28,80,50,35,35,35,35,35,18,18,18,87,87,41,41,41,67,2,87,32,17,0],"gold":151,"neow_bonus":"BOSS_RELIC","is_prod":false,"is_daily":false,"chose_seed":false,"campfire_upgraded":1,"win_rate":0,"timestamp":1564026307,"path_taken":["M","?","M","?","M","E","R","M","T","$","R","M","?","E","R","BOSS","M","?","?","M","?","R","?","?","T","$","R","M","M","$","R","BOSS","M","M","?"],"build_version":"2019-07-17","purchased_purges":1,"victory":false,"max_hp_per_floor":[80,80,80,80,80,80,80,80,80,80,80,80,80,80,80,80,80,80,80,80,80,80,80,80,80,80,87,87,87,87,87,87,87,87,87,87,87],"card_choices":[{"not_picked":["Wild Strike","Evolve","Headbutt"],"picked":"SKIP","floor":1.0},{"not_picked":["Pummel","Evolve"],"picked":"Fire Breathing","floor":2.0},{"not_picked":["Body Slam","Metallicize"],"picked":"Whirlwind","floor":3.0},{"not_picked":["Hemokinesis","Havoc"],"picked":"Iron Wave","floor":5.0},{"not_picked":["Thunderclap","Havoc"],"picked":"Searing Blow","floor":6.0},{"not_picked":["Rampage","Carnage"],"picked":"Inflame","floor":8.0},{"not_picked":["Clothesline","Wild Strike","Sword Boomerang"],"picked":"SKIP","floor":12.0},{"not_picked":["Pommel Strike","Wild Strike"],"picked":"Barricade","floor":14.0},{"not_picked":["Immolate","Fiend Fire"],"picked":"Impervious","floor":16.0},{"not_picked":["Entrench+1","Twin Strike"],"picked":"Seeing Red","floor":18},{"not_picked":["Twin Strike","Searing Blow+1"],"picked":"Armaments+1","floor":19},{"not_picked":["Burning Pact+1","Armaments","Warcry"],"picked":"SKIP","floor":21},{"not_picked":["Rampage+1","Juggernaut"],"picked":"Shrug It Off","floor":24},{"not_picked":["Burning Pact+1","Headbutt+1","Iron Wave"],"picked":"Second Wind+1","floor":29},{"not_picked":["Battle Trance","Twin Strike","Sentinel","Wild Strike+1"],"picked":"SKIP","floor":30},{"not_picked":["Fiend Fire","Juggernaut","Exhume"],"picked":"Offering","floor":33},{"not_picked":["Blood for Blood+1","Twin Strike","Cleave"],"picked":"Infernal Blade","floor":34},{"not_picked":["Carnage","Spot Weakness","Headbutt"],"picked":"Seeing Red","floor":34},{"not_picked":["Fire Breathing","Corruption","Armaments"],"picked":"Rupture","floor":34},{"not_picked":["Havoc+1","Pommel Strike+1","Armaments"],"picked":"Bloodletting","floor":34},{"not_picked":["Feel No Pain","Pommel Strike+1","Headbutt"],"picked":"Rage","floor":34},{"not_picked":["Cleave","Pommel Strike","Twin Strike"],"picked":"Power Through+1","floor":35},{"not_picked":["Warcry+1","Headbutt+1","Wild Strike"],"picked":"Metallicize","floor":36}],"player_experience":173488,"relics_obtained":[{"floor":6.0,"key":"Red Skull"},{"floor":14.0,"key":"Champion Belt"},{"floor":19,"key":"Red Mask"},{"floor":26,"key":"Question Card"}],"event_choices":[{"damage_healed":0.0,"max_hp_gain":0.0,"max_hp_loss":0.0,"gold_gain":0.0,"event_name":"Shining Light","player_choice":"Entered Light","floor":4.0,"gold_loss":0.0,"damage_taken":16.0,"cards_upgraded":["Strike_R","Defend_R"]},{"damage_healed":0,"gold_gain":0,"player_choice":"Fought Bandits","damage_taken":0,"max_hp_gain":0,"max_hp_loss":0,"event_name":"Masked Bandits","floor":19,"gold_loss":0},{"damage_healed":0,"gold_gain":0,"player_choice":"Inject Mutagens","damage_taken":0,"relics_obtained":["MutagenicStrength"],"max_hp_gain":0,"max_hp_loss":0,"event_name":"Drug Dealer","floor":20,"gold_loss":0},{"damage_healed":0,"gold_gain":0,"cards_transformed":["Defend_R"],"player_choice":"Transformed","damage_taken":0,"max_hp_gain":0,"max_hp_loss":0,"event_name":"Transmorgrifier","floor":22,"gold_loss":0,"cards_obtained":["Reckless Charge"]},{"cards_removed":["Strike_R"],"damage_healed":0,"gold_gain":0,"player_choice":"Elegance","damage_taken":0,"max_hp_gain":0,"max_hp_loss":0,"event_name":"Back to Basics","floor":25,"gold_loss":0},{"damage_healed":0,"gold_gain":0,"player_choice":"Fight","damage_taken":0,"max_hp_gain":0,"max_hp_loss":0,"event_name":"Mysterious Sphere","floor":37,"gold_loss":0}],"is_beta":false,"boss_relics":[{"not_picked":["Runic Pyramid","Sozu"],"picked":"Velvet Choker"},{"not_picked":["White Beast Statue","Cursed Key"],"picked":"Orrery"}],"items_purged_floors":[31],"is_endless":false,"potions_floor_spawned":[2,3,5,12,14,18,21,29],"killed_by":"2 Orb Walkers","ascension_level":1}