{"gold_per_floor":[113,123,123,136,151,151,226,186,186,32,32,45,45,61,61,135,135,153,153,153,153,171,171,185,235,235,235,249,19,51,51,51,128,128,141,141,154,170,170,170,189,216,240,240,259,259,259,278,278,278,278,278,278,74,99,99],"floor_reached":56,"playtime":2280,"items_purged":["Defend_G","Strike_G","Strike_G"],"score":1949,"play_id":"26bf1d5c-e290-4f27-94a4-c3117c270d96","local_time":"20190515032642","is_ascension_mode":true,"campfire_choices":[{"data":"Neutralize","floor":6.0,"key":"SMITH"},{"data":"Grand Finale","floor":11.0,"key":"SMITH"},{"data":"Prepared","floor":13.0,"key":"SMITH"},{"data":"Terror","floor":15.0,"key":"SMITH"},{"floor":23.0,"key":"REST"},{"floor":27.0,"key":"REST"},{"data":"Well Laid Plans","floor":32.0,"key":"SMITH"},{"data":"Tactician","floor":40.0,"key":"SMITH"},{"floor":44.0,"key":"RECALL"},{"data":"Backflip","floor":47.0,"key":"SMITH"},{"data":"Backflip","floor":49.0,"key":"SMITH"},{"data":"Backflip","floor":53,"key":"SMITH"}],"neow_cost":"TEN_PERCENT_HP_LOSS","seed_source_timestamp":808816076481500,"circlet_count":0,"master_deck":["AscendersBane","Defend_G","Defend_G","Strike_G","Survivor","Neutralize+1","Grand Finale+1","Backflip+1","Backflip+1","Backflip+1","Prepared+1","Terror+1","Well Laid Plans+1","Tactician+1","Concentrate+1","Grand Finale+1","PiercingWail"],"special_seed":0,"relics":["Ring of the Snake","Kunai","Orrery","Letter Opener","Calipers","Empty Cage","Vajra","Art of War"],"potions_floor_usage":[55,56],"damage_taken":[{"damage":17.0,"enemies":"Cultist","floor":1.0,"turns":7.0},{"damage":6.0,"enemies":"2 Louse","floor":2.0,"turns":4.0},{"damage":0.0,"enemies":"Small Slimes","floor":4.0,"turns":2.0},{"damage":0.0,"enemies":"Looter","floor":5.0,"turns":3.0},{"damage":1.0,"enemies":"Red Slaver","floor":12.0,"turns":6.0},{"damage":0.0,"enemies":"Blue Slaver","floor":14.0,"turns":2.0},{"damage":3.0,"enemies":"Slime Boss","floor":16.0,"turns":3.0},{"damage":4.0,"enemies":"3 Byrds","floor":18.0,"turns":4.0},{"damage":13.0,"enemies":"Colosseum Slavers","floor":20.0,"turns":4.0},{"damage":19.0,"enemies":"Chosen","floor":22.0,"turns":6.0},{"damage":0.0,"enemies":"Sentry and Sphere","floor":24.0,"turns":3.0},{"damage":6.0,"enemies":"Snecko","floor":28.0,"turns":5.0},{"damage":16.0,"enemies":"Gremlin Leader","floor":30.0,"turns":4.0},{"damage":0.0,"enemies":"Collector","floor":33.0,"turns":4.0},{"damage":0.0,"enemies":"3 Darklings","floor":35.0,"turns":1.0},{"damage":2.0,"enemies":"3 Shapes","floor":37.0,"turns":2.0},{"damage":0.0,"enemies":"Transient","floor":38.0,"turns":6.0},{"damage":0.0,"enemies":"Writhing Mass","floor":41.0,"turns":2.0},{"damage":8.0,"enemies":"Reptomancer","floor":42.0,"turns":5.0},{"damage":0.0,"enemies":"Sphere and 2 Shapes","floor":45.0,"turns":2.0},{"damage":0.0,"enemies":"3 Darklings","floor":48.0,"turns":3.0},{"damage":43.0,"enemies":"Time Eater","floor":50.0,"turns":7.0},{"damage":0,"enemies":"Awakened One","floor":51,"turns":10},{"damage":14,"enemies":"Shield and Spear","floor":55,"turns":4},{"damage":65,"enemies":"The Heart","floor":56,"turns":3}],"seed_played":"178753678498092405","potions_obtained":[{"floor":2.0,"key":"SkillPotion"},{"floor":5.0,"key":"FearPotion"},{"floor":8.0,"key":"Block Potion"},{"floor":8.0,"key":"Explosive Potion"},{"floor":16.0,"key":"LiquidBronze"},{"floor":18.0,"key":"AttackPotion"},{"floor":24.0,"key":"LiquidBronze"},{"floor":30.0,"key":"Regen Potion"},{"floor":41.0,"key":"GhostInAJar"},{"floor":48.0,"key":"AttackPotion"}],"is_trial":false,"path_per_floor":["M","M","?","M","M","R","?","?","T","$","R","M","R","M","R","B",null,"M","?","?","?","M","R","M","?","T","R","M","$","E","$","R","B",null,"M","?","M","M","?","R","M","E","T","R","M","?","R","M","R","B","B",null,"R","$","E","B"],"character_chosen":"THE_SILENT","items_purchased":["GamblersBrew","Well Laid Plans","Swift Potion","SpeedPotion","PiercingWail"],"campfire_rested":2,"item_purchase_floors":[10,29,29,54,54],"current_hp_per_floor":[42,36,36,36,36,36,25,25,25,25,25,24,24,24,24,21,50,46,46,33,33,14,32,32,32,32,50,44,44,28,28,28,40,55,55,60,58,58,57,57,57,49,49,49,49,49,49,49,49,6,6,44,44,44,30,0],"gold":99,"neow_bonus":"THREE_RARE_CARDS","is_prod":false,"is_daily":false,"chose_seed":false,"campfire_upgraded":9,"win_rate":0,"timestamp":1557858402,"path_taken":["M","?","?","M","M","R","?","?","T","$","R","?","R","M","R","BOSS","M","?","?","?","M","R","?","?","T","R","?","$","E","?","R","BOSS","M","?","M","?","?","R","M","E","T","R","M","?","R","?","R","BOSS","BOSS","R","$","E","BOSS"],"build_version":"2019-01-23","purchased_purges":3,"victory":false,"max_hp_per_floor":[60,60,60,60,60,60,60,60,60,60,60,60,60,60,60,60,60,60,60,60,60,60,60,60,60,60,60,60,60,60,60,60,60,60,60,60,60,60,57,57,57,57,57,57,57,57,57,57,57,57,57,57,57,57,57,57],"card_choices":[{"not_picked":["Bullet Time","Storm of Steel"],"picked":"Grand Finale","floor":0.0},{"not_picked":["Dagger Spray","Bane"],"picked":"Backflip","floor":1.0},{"not_picked":["Dagger Spray","Outmaneuver"],"picked":"Backflip","floor":2.0},{"not_picked":["Cloak And Dagger","Reflex"],"picked":"Predator","floor":4.0},{"not_picked":["Infinite Blades","Blur"],"picked":"Backflip","floor":5.0},{"not_picked":["Bane","Dagger Spray"],"picked":"Prepared","floor":12.0},{"not_picked":["Sucker Punch","Choke"],"picked":"Terror","floor":14.0},{"not_picked":["Backflip","Dodge and Roll","Dagger Spray"],"picked":"SKIP","floor":18.0},{"not_picked":["Underhanded Strike","Outmaneuver","Dagger Throw"],"picked":"SKIP","floor":22.0},{"not_picked":["Quick Slash","Crippling Poison","Backflip"],"picked":"SKIP","floor":24.0},{"not_picked":["Caltrops","Terror+1","Deflect"],"picked":"SKIP","floor":30.0},{"not_picked":["Caltrops","Terror+1","Deflect"],"picked":"SKIP","floor":30.0},{"not_picked":["Quick Slash","Blade Dance","Backflip"],"picked":"SKIP","floor":35.0},{"not_picked":["Underhanded Strike","Dagger Spray+1"],"picked":"Tactician","floor":37.0},{"not_picked":["Deadly Poison","Caltrops+1"],"picked":"Concentrate+1","floor":38.0},{"not_picked":["Dash","Blade Dance+1","Deflect"],"picked":"SKIP","floor":41.0},{"not_picked":["Blade Dance","Endless Agony","Heel Hook"],"picked":"SKIP","floor":42.0},{"not_picked":["Blade Dance","Endless Agony","Heel Hook"],"picked":"SKIP","floor":42.0},{"not_picked":["Blade Dance","Endless Agony","Heel Hook"],"picked":"SKIP","floor":42.0},{"not_picked":["Sucker Punch+1","Choke","Prepared"],"picked":"SKIP","floor":45.0},{"not_picked":["Blade Dance+1","Dodge and Roll+1","Corpse Explosion"],"picked":"SKIP","floor":48.0},{"not_picked":["Deflect","Dagger Spray","Catalyst"],"picked":"SKIP","floor":55}],"player_experience":5026150,"relics_obtained":[{"floor":9.0,"key":"Kunai"},{"floor":26.0,"key":"Letter Opener"},{"floor":30.0,"key":"Calipers"},{"floor":42.0,"key":"Vajra"},{"floor":55,"key":"Art of War"}],"event_choices":[{"damage_healed":0.0,"max_hp_gain":0.0,"max_hp_loss":0.0,"gold_gain":0.0,"event_name":"Liars Game","player_choice":"Ignored","floor":3.0,"gold_loss":0.0,"damage_taken":0.0},{"damage_healed":0.0,"max_hp_gain":0.0,"max_hp_loss":0.0,"gold_gain":75.0,"event_name":"World of Goop","player_choice":"Gather Gold","floor":7.0,"gold_loss":0.0,"damage_taken":11.0},{"damage_healed":0.0,"max_hp_gain":0.0,"max_hp_loss":0.0,"gold_gain":0.0,"event_name":"The Woman in Blue","player_choice":"Bought 3 Potions","floor":8.0,"gold_loss":0.0,"damage_taken":0.0},{"cards_removed":["Defend_G"],"damage_healed":0.0,"max_hp_gain":0.0,"max_hp_loss":0.0,"gold_gain":0.0,"event_name":"Back to Basics","player_choice":"Elegance","floor":19.0,"gold_loss":0.0,"damage_taken":0.0},{"damage_healed":0.0,"max_hp_gain":0.0,"max_hp_loss":0.0,"gold_gain":0.0,"event_name":"Colosseum","player_choice":"Fight","floor":20.0,"gold_loss":0.0,"damage_taken":0.0},{"damage_healed":0.0,"max_hp_gain":0.0,"max_hp_loss":0.0,"gold_gain":0.0,"event_name":"Colosseum","player_choice":"Fled From Nobs","floor":20.0,"gold_loss":0.0,"damage_taken":0.0},{"cards_removed":["Strike_G"],"damage_healed":0.0,"max_hp_gain":0.0,"max_hp_loss":0.0,"gold_gain":0.0,"event_name":"Wheel of Change","player_choice":"Card Removal","floor":21.0,"gold_loss":0.0,"damage_taken":0.0},{"damage_healed":0.0,"max_hp_gain":0.0,"max_hp_loss":0.0,"gold_gain":50.0,"event_name":"Golden Shrine","player_choice":"Pray","floor":25.0,"gold_loss":0.0,"damage_taken":0.0},{"cards_removed":["Predator"],"damage_healed":5.0,"max_hp_gain":0.0,"max_hp_loss":0.0,"gold_gain":0.0,"event_name":"Bonfire Elementals","player_choice":"Offered Uncommon","floor":36.0,"gold_loss":0.0,"damage_taken":0.0},{"damage_healed":0.0,"max_hp_gain":0.0,"max_hp_loss":3.0,"gold_gain":0.0,"event_name":"Winding Halls","player_choice":"Max HP","floor":39.0,"gold_loss":0.0,"damage_taken":0.0},{"damage_healed":0.0,"max_hp_gain":0.0,"max_hp_loss":0.0,"gold_gain":0.0,"event_name":"Duplicator","player_choice":"Copied","floor":46.0,"gold_loss":0.0,"damage_taken":0.0,"cards_obtained":["Grand Finale"]}],"is_beta":false,"boss_relics":[{"not_picked":["Velvet Choker","Ring of the Serpent"],"picked":"Orrery"},{"not_picked":["Tiny House","Sozu"],"picked":"Empty Cage"}],"items_purged_floors":[10,29,54],"is_endless":false,"potions_floor_spawned":[2,5,12,16,18,24,30,41,42,48],"killed_by":"The Heart","ascension_level":20}