{"gold_per_floor":[117,134,151,168,185,185,213,213,239,239,269,269,294,317,317,422,422,436,436,436,23,23,23,48,48,75,75,75,86,86,114,114,210,210,222,241,241,241,116,147,171,183,195,227,271,383,413,438,450,462,474,486,38,65,65],"floor_reached":56,"playtime":2304,"items_purged":["Dualcast","Strike_G","Strike_R"],"score":1411,"play_id":"15ee482d-80c0-4265-a686-6fccd73b59fd","local_time":"20190301022308","daily_mods":["Diverse"],"is_ascension_mode":false,"campfire_choices":[{"data":"Crippling Poison","floor":6,"key":"SMITH"},{"data":"Demon Form","floor":8,"key":"SMITH"},{"data":"Combust","floor":12,"key":"SMITH"},{"data":"Force Field","floor":15,"key":"SMITH"},{"floor":23,"key":"REST"},{"data":"Echo Form","floor":25,"key":"SMITH"},{"floor":28,"key":"RECALL"},{"floor":32,"key":"REST"},{"data":"Amplify","floor":42,"key":"SMITH"},{"data":"Acrobatics","floor":49,"key":"SMITH"},{"data":"Burst","floor":52,"key":"SMITH"}],"neow_cost":"","seed_source_timestamp":1248655038489100,"circlet_count":0,"master_deck":["Neutralize","Survivor","Defend_G","Burst+1","Wraith Form v2+1","Demon Form+1","Double Tap","Defend_R","Bash","Zap","Defend_B","Echo Form+1","Amplify+1","BootSequence+1","Crippling Poison+1","Double Energy+1","Combust+1","Force Field+1","Dagger Spray","Riddle With Holes","After Image+1","Necronomicurse","Apotheosis","Whirlwind+1","Impervious","Acrobatics+1","Caltrops+1","Dual Wield+1","Hologram+1","Second Wind","Dash","Fire Breathing+1"],"relics":["Burning Blood","PrismaticShard","War Paint","Bag of Preparation","Juzu Bracelet","Lantern","Odd Mushroom","Snecko Eye","Necronomicon","Omamori","Gambling Chip","Red Skull","Vajra","Bronze Scales","Philosopher\u0027s Stone","MawBank","Orichalcum","Pocketwatch","Happy Flower","Blood Vial"],"potions_floor_usage":[11,24,40,54,55],"damage_taken":[{"damage":10,"enemies":"Small Slimes","floor":1,"turns":5},{"damage":0,"enemies":"2 Louse","floor":2,"turns":3},{"damage":4,"enemies":"Jaw Worm","floor":3,"turns":5},{"damage":12,"enemies":"3 Louse","floor":4,"turns":5},{"damage":2,"enemies":"2 Fungi Beasts","floor":5,"turns":4},{"damage":3,"enemies":"Lagavulin","floor":7,"turns":6},{"damage":16,"enemies":"3 Sentries","floor":11,"turns":5},{"damage":13,"enemies":"Lagavulin","floor":13,"turns":7},{"damage":6,"enemies":"The Mushroom Lair","floor":14,"turns":4},{"damage":6,"enemies":"Slime Boss","floor":16,"turns":8},{"damage":0,"enemies":"Spheric Guardian","floor":18,"turns":4},{"damage":26,"enemies":"Slavers","floor":24,"turns":6},{"damage":0,"enemies":"Chosen","floor":29,"turns":2},{"damage":6,"enemies":"Gremlin Leader","floor":31,"turns":3},{"damage":12,"enemies":"Collector","floor":33,"turns":5},{"damage":0,"enemies":"3 Shapes","floor":35,"turns":1},{"damage":8,"enemies":"3 Darklings","floor":36,"turns":3},{"damage":20,"enemies":"Nemesis","floor":40,"turns":4},{"damage":1,"enemies":"Maw","floor":41,"turns":7},{"damage":0,"enemies":"Jaw Worm Horde","floor":44,"turns":1},{"damage":18,"enemies":"Giant Head","floor":45,"turns":6},{"damage":0,"enemies":"Mind Bloom Boss Battle","floor":46,"turns":6},{"damage":0,"enemies":"3 Darklings","floor":47,"turns":3},{"damage":0,"enemies":"Spire Growth","floor":48,"turns":1},{"damage":4,"enemies":"Time Eater","floor":50,"turns":5},{"damage":0,"enemies":"Shield and Spear","floor":54,"turns":2},{"damage":9,"enemies":"The Heart","floor":55,"turns":8}],"seed_played":"3216053186872558718","potions_obtained":[{"floor":2,"key":"Explosive Potion"},{"floor":3,"key":"SpeedPotion"},{"floor":5,"key":"AttackPotion"},{"floor":7,"key":"Energy Potion"},{"floor":24,"key":"Energy Potion"},{"floor":31,"key":"Dexterity Potion"},{"floor":44,"key":"SneckoOil"},{"floor":47,"key":"Energy Potion"}],"is_trial":true,"path_per_floor":["M","M","M","M","M","R","E","R","T","?","E","R","E","?","R","B",null,"M","?","?","$","?","R","E","R","T","?","R","M","?","E","R","B",null,"M","M","?","?","$","E","M","R","T","M","E","?","M","M","R","B",null,"R","$","E","B",null],"character_chosen":"IRONCLAD","items_purchased":["Apotheosis","Omamori","Acrobatics","Happy Flower","Second Wind","Dash","PowerPotion"],"campfire_rested":2,"item_purchase_floors":[21,21,39,53,53,53,53],"current_hp_per_floor":[76,80,80,74,78,78,80,80,80,80,70,70,63,63,63,63,80,80,64,64,64,49,74,54,54,54,54,54,60,60,60,85,79,85,85,83,85,85,85,71,76,76,76,82,70,76,82,85,85,85,85,85,85,85,82],"gold":65,"neow_bonus":"","is_prod":false,"is_daily":false,"chose_seed":false,"campfire_upgraded":8,"win_rate":0,"timestamp":1551374588,"path_taken":["M","M","M","M","M","R","E","R","T","?","E","R","E","?","R","BOSS","M","?","?","$","?","R","E","R","T","?","R","M","?","E","R","BOSS","M","M","?","?","$","E","M","R","T","M","E","?","M","M","R","BOSS","R","$","E","BOSS"],"build_version":"2019-01-23","purchased_purges":3,"victory":true,"max_hp_per_floor":[80,80,80,80,80,80,80,80,80,80,80,80,80,80,80,80,80,80,80,80,80,85,85,85,85,85,85,85,85,85,85,85,85,85,85,85,85,85,85,85,85,85,85,85,85,85,85,85,85,85,85,85,85,85,85],"card_choices":[{"not_picked":["Cleave","Rupture"],"picked":"BootSequence","floor":1},{"not_picked":["Dropkick","Wild Strike"],"picked":"Crippling Poison","floor":2},{"not_picked":["Reckless Charge","Warcry"],"picked":"Double Energy","floor":3},{"not_picked":["Discovery","Deflect","Reprogram"],"picked":"SKIP","floor":4},{"not_picked":["Redo","Terror"],"picked":"Combust","floor":5},{"not_picked":["Beam Cell","Steam","Heatsinks"],"picked":"SKIP","floor":7},{"not_picked":["Anger","Flame Barrier"],"picked":"Force Field","floor":11},{"not_picked":["Poisoned Stab","Phantasmal Killer"],"picked":"Dagger Spray","floor":13},{"not_picked":["Bandage Up","Stack"],"picked":"Riddle With Holes","floor":14},{"not_picked":["Amplify","Mayhem"],"picked":"After Image","floor":16},{"not_picked":["Lockon+1","Rupture","Clash"],"picked":"SKIP","floor":18},{"not_picked":["Static Discharge","Leap"],"picked":"Whirlwind+1","floor":24},{"not_picked":["Flex","Impatience","Battle Trance"],"picked":"SKIP","floor":29},{"not_picked":["Scrape","Rupture+1","Infernal Blade"],"picked":"SKIP","floor":31},{"not_picked":["Fission","Sadistic Nature"],"picked":"Impervious","floor":33},{"not_picked":["Cleave","Heavy Blade","Aggregate+1"],"picked":"SKIP","floor":35},{"not_picked":["Twin Strike","Sucker Punch+1","Deadly Poison+1"],"picked":"SKIP","floor":36},{"not_picked":["Cleave","Double Energy"],"picked":"Caltrops+1","floor":40},{"not_picked":["Flying Knee","Discovery+1"],"picked":"Dual Wield+1","floor":41},{"not_picked":["Acrobatics","Bane+1","Prepared+1"],"picked":"SKIP","floor":44},{"not_picked":["Go for the Eyes","Cleave"],"picked":"Hologram+1","floor":45},{"not_picked":["Dagger Spray","Stack+1","Sword Boomerang"],"picked":"SKIP","floor":47},{"not_picked":["Prepared+1","Clash+1","Seeing Red+1"],"picked":"SKIP","floor":48},{"not_picked":["Heavy Blade+1","Second Wind"],"picked":"Fire Breathing+1","floor":54}],"player_experience":4431643,"relics_obtained":[{"floor":7,"key":"War Paint"},{"floor":9,"key":"Bag of Preparation"},{"floor":11,"key":"Juzu Bracelet"},{"floor":13,"key":"Lantern"},{"floor":14,"key":"Odd Mushroom"},{"floor":19,"key":"Necronomicon"},{"floor":24,"key":"Gambling Chip"},{"floor":26,"key":"Red Skull"},{"floor":31,"key":"Bronze Scales"},{"floor":40,"key":"MawBank"},{"floor":45,"key":"Orichalcum"},{"floor":46,"key":"Pocketwatch"},{"floor":54,"key":"Blood Vial"}],"event_choices":[{"damage_healed":0,"gold_gain":0,"player_choice":"Grow","damage_taken":0,"max_hp_gain":0,"max_hp_loss":0,"event_name":"Living Wall","floor":10,"gold_loss":0,"cards_upgraded":["Wraith Form v2"]},{"damage_healed":0,"gold_gain":0,"player_choice":"Fought Mushrooms","damage_taken":0,"max_hp_gain":0,"max_hp_loss":0,"event_name":"Mushrooms","floor":14,"gold_loss":0},{"damage_healed":0,"gold_gain":0,"player_choice":"Obtained Book","damage_taken":16,"max_hp_gain":0,"max_hp_loss":0,"event_name":"Cursed Tome","floor":19,"gold_loss":0},{"damage_healed":0,"gold_gain":0,"player_choice":"Ignored","damage_taken":0,"max_hp_gain":0,"max_hp_loss":0,"event_name":"Vampires","floor":20,"gold_loss":0},{"damage_healed":0,"gold_gain":0,"player_choice":"Shed Blood","damage_taken":20,"max_hp_gain":5,"max_hp_loss":0,"event_name":"Forgotten Altar","floor":22,"gold_loss":0},{"damage_healed":0,"gold_gain":0,"player_choice":"Opened","damage_taken":0,"relics_obtained":["Vajra"],"max_hp_gain":0,"max_hp_loss":0,"event_name":"The Mausoleum","floor":27,"gold_loss":0,"cards_obtained":["Writhe"]},{"damage_healed":0,"gold_gain":0,"player_choice":"Upgraded","damage_taken":0,"max_hp_gain":0,"max_hp_loss":0,"event_name":"Upgrade Shrine","floor":30,"gold_loss":0,"cards_upgraded":["After Image"]},{"damage_healed":21,"gold_gain":0,"player_choice":"Writhe","damage_taken":0,"max_hp_gain":0,"max_hp_loss":0,"event_name":"Winding Halls","floor":37,"gold_loss":0,"cards_obtained":["Writhe"]},{"cards_removed":["Strike_B"],"damage_healed":0,"gold_gain":0,"player_choice":"Removed Attack","damage_taken":0,"max_hp_gain":0,"max_hp_loss":0,"event_name":"Falling","floor":38,"gold_loss":0},{"damage_healed":0,"gold_gain":0,"player_choice":"Fight","damage_taken":0,"max_hp_gain":0,"max_hp_loss":0,"event_name":"MindBloom","floor":46,"gold_loss":0}],"is_beta":false,"boss_relics":[{"not_picked":["Fusion Hammer","Velvet Choker"],"picked":"Snecko Eye"},{"not_picked":["Mark of Pain","Busted Crown"],"picked":"Philosopher\u0027s Stone"}],"items_purged_floors":[21,39,53],"is_endless":false,"potions_floor_spawned":[2,3,5,7,24,31,36,44,46,47],"ascension_level":0}