{"gold_per_floor":[119,194,15,26,40,40,92,103,157,157,157],"floor_reached":11,"playtime":251,"items_purged":["Defend_G"],"score":126,"play_id":"46198802-ff29-42d0-8660-d9e573e612a0","local_time":"20190429002227","is_ascension_mode":true,"campfire_choices":[{"data":"Strike_G","floor":6.0,"key":"PURGE"},{"data":"Reflex","floor":10,"key":"SMITH"}],"neow_cost":"","seed_source_timestamp":0,"circlet_count":0,"master_deck":["Defend_G","Defend_G","Defend_G","Defend_G","Survivor","Strike_G","Strike_G","Strike_G","Strike_G","Neutralize","Acrobatics","Quick Slash","Concentrate","Reflex+1"],"special_seed":0,"relics":["Ring of the Snake","Peace Pipe","Smiling Mask","Boot","Bag of Preparation"],"potions_floor_usage":[8],"damage_taken":[{"damage":8.0,"enemies":"Jaw Worm","floor":1.0,"turns":4.0},{"damage":0.0,"enemies":"Cultist","floor":4.0,"turns":3.0},{"damage":4.0,"enemies":"Small Slimes","floor":5.0,"turns":3.0},{"damage":35,"enemies":"Gremlin Gang","floor":8,"turns":6},{"damage":13,"enemies":"Large Slime","floor":11,"turns":1}],"seed_played":"-52036889597978314","potions_obtained":[{"floor":1.0,"key":"Ancient Potion"},{"floor":4.0,"key":"Block Potion"}],"is_trial":true,"path_per_floor":["M","?","$","M","M","R","T","M","T","R","M"],"character_chosen":"THE_SILENT","items_purchased":["Quick Slash","Concentrate"],"campfire_rested":0,"item_purchase_floors":[3,3],"current_hp_per_floor":[51,40,40,40,36,36,36,1,1,1,0],"gold":157,"neow_bonus":"","is_prod":false,"is_daily":false,"chose_seed":false,"campfire_upgraded":1,"win_rate":0,"timestamp":1556464947,"path_taken":["M","?","$","M","M","R","?","?","T","R","M"],"build_version":"2019-01-23","purchased_purges":1,"victory":false,"max_hp_per_floor":[66,66,66,66,66,66,66,66,66,66,66],"card_choices":[{"not_picked":["Backstab","Blur"],"picked":"Acrobatics","floor":1.0},{"not_picked":["Dagger Throw","Flying Knee","Dodge and Roll"],"picked":"SKIP","floor":4.0},{"not_picked":["Terror","Skewer","A Thousand Cuts"],"picked":"SKIP","floor":5.0},{"not_picked":["Cloak And Dagger","Backstab"],"picked":"Reflex","floor":8}],"player_experience":4859494,"relics_obtained":[{"floor":7.0,"key":"Boot"},{"floor":9,"key":"Bag of Preparation"}],"event_choices":[{"damage_healed":0.0,"max_hp_gain":0.0,"max_hp_loss":0.0,"gold_gain":75.0,"event_name":"World of Goop","player_choice":"Gather Gold","floor":2.0,"gold_loss":0.0,"damage_taken":11.0}],"is_beta":false,"boss_relics":[],"items_purged_floors":[3],"is_endless":false,"potions_floor_spawned":[1,4],"killed_by":"Large Slime","ascension_level":20}