{"gold_per_floor":[113,131,131,131,141,141,170,170,170,170,200,220,245,260,260,339,339,350,265,278,278,295,320,320,353,353,363,374,386,411,422,422,497,497,517,349,349,365,2,15,15,30,30,56,89,119,132,143,143,143,143,143,143,9,35,35],"floor_reached":57,"playtime":3142,"items_purged":["PanicButton"],"score":3271,"play_id":"163a26c3-9333-4f49-b976-ac05b309bfdd","local_time":"20190715013643","is_ascension_mode":true,"campfire_choices":[{"data":"Apotheosis","floor":6,"key":"SMITH"},{"data":"Double Energy","floor":8,"key":"SMITH"},{"data":"Night Terror","floor":10,"key":"SMITH"},{"floor":15,"key":"RECALL"},{"data":"Calculated Gamble","floor":32,"key":"SMITH"},{"data":"A Thousand Cuts","floor":41,"key":"SMITH"},{"floor":49,"key":"REST"},{"floor":53,"key":"REST"}],"neow_cost":"","seed_source_timestamp":369921108049300,"circlet_count":0,"master_deck":["Violence","Secret Technique","Metamorphosis","Chrysalis","Apotheosis+1","Secret Weapon","Master of Strategy","Thinking Ahead","Discovery","Madness","Dark Shackles","Bandage Up","Jack Of All Trades","Panacea","Purity","Ghostly","Dramatic Entrance","RitualDagger","Venomology","Night Terror+1","Doppelganger","Adrenaline","Malaise","Crippling Poison","Catalyst","Distraction","Terror","Calculated Gamble+1","PiercingWail","Die Die Die","Endless Agony","Backstab","Impervious","Exhume","Limit Break","Offering","Shockwave","Infernal Blade","Disarm","Seeing Red","Intimidate","Warcry","Reaper","Fiend Fire","Feed","Pummel","Rainbow","Fission","Reboot","Seek","Genetic Algorithm","Double Energy+1","White Noise","Chill","BootSequence","Tempest","Hologram","Core Surge","Leg Sweep","Backflip","Backflip","Adrenaline","Escape Plan","A Thousand Cuts+1","Wraith Form v2","Catalyst","PiercingWail","Acrobatics+1","Caltrops"],"relics":["Ring of the Serpent","Strange Spoon","Gremlin Horn","Pear","Kunai","Snake Skull","Art of War","Eternal Feather","Lantern","Pen Nib","Molten Egg 2","Letter Opener","Mercury Hourglass","Potion Belt","Bottled Lightning","Regal Pillow","Bronze Scales","Bottled Tornado"],"potions_floor_usage":[5,20,22,23,25,29,33,33,47,50,51,55,56,56,56],"damage_taken":[{"damage":6,"enemies":"Cultist","floor":1,"turns":2},{"damage":0,"enemies":"Jaw Worm","floor":2,"turns":1},{"damage":0,"enemies":"Small Slimes","floor":5,"turns":4},{"damage":0,"enemies":"3 Sentries","floor":7,"turns":4},{"damage":1,"enemies":"Lagavulin","floor":11,"turns":4},{"damage":0,"enemies":"Gremlin Gang","floor":12,"turns":1},{"damage":0,"enemies":"3 Sentries","floor":13,"turns":2},{"damage":0,"enemies":"Exordium Wildlife","floor":14,"turns":2},{"damage":2,"enemies":"The Guardian","floor":16,"turns":9},{"damage":0,"enemies":"Spheric Guardian","floor":18,"turns":3},{"damage":7,"enemies":"Shell Parasite","floor":20,"turns":3},{"damage":14,"enemies":"Shelled Parasite and Fungi","floor":22,"turns":4},{"damage":12,"enemies":"Slavers","floor":23,"turns":3},{"damage":0,"enemies":"Gremlin Leader","floor":25,"turns":3},{"damage":0,"enemies":"Snake Plant","floor":27,"turns":4},{"damage":0,"enemies":"Chosen and Byrds","floor":28,"turns":2},{"damage":0,"enemies":"Shelled Parasite and Fungi","floor":29,"turns":3},{"damage":0,"enemies":"Book of Stabbing","floor":30,"turns":4},{"damage":0,"enemies":"Centurion and Healer","floor":31,"turns":2},{"damage":31,"enemies":"Champ","floor":33,"turns":7},{"damage":6,"enemies":"3 Darklings","floor":35,"turns":2},{"damage":1,"enemies":"Orb Walker","floor":38,"turns":2},{"damage":9,"enemies":"Transient","floor":40,"turns":6},{"damage":1,"enemies":"Spire Growth","floor":42,"turns":3},{"damage":0,"enemies":"Reptomancer","floor":44,"turns":2},{"damage":6,"enemies":"4 Shapes","floor":45,"turns":2},{"damage":1,"enemies":"Giant Head","floor":46,"turns":5},{"damage":0,"enemies":"Writhing Mass","floor":47,"turns":3},{"damage":13,"enemies":"Transient","floor":48,"turns":6},{"damage":11,"enemies":"Donu and Deca","floor":50,"turns":6},{"damage":34,"enemies":"Time Eater","floor":51,"turns":13},{"damage":10,"enemies":"Shield and Spear","floor":55,"turns":5},{"damage":37,"enemies":"The Heart","floor":56,"turns":6}],"seed_played":"-7385502296611654442","potions_obtained":[{"floor":2,"key":"Regen Potion"},{"floor":5,"key":"SpeedPotion"},{"floor":24,"key":"Strength Potion"},{"floor":28,"key":"GhostInAJar"},{"floor":35,"key":"Regen Potion"},{"floor":42,"key":"Energy Potion"},{"floor":44,"key":"Ancient Potion"},{"floor":46,"key":"Regen Potion"},{"floor":55,"key":"FearPotion"}],"is_trial":true,"path_per_floor":["M","M","?","?","M","R","E","R","T","R","E","M","E","M","R","B",null,"M","?","M","?","M","E","?","E","T","M","M","M","E","M","R","B",null,"M","$","?","M","$","M","R","M","T","E","M","E","M","M","R","B","B",null,"R","$","E","B",null],"character_chosen":"THE_SILENT","items_purchased":["Potion Belt","Bottled Lightning","Poison Potion","Regen Potion"],"campfire_rested":2,"item_purchase_floors":[36,39,54,54],"current_hp_per_floor":[53,53,18,18,38,38,69,69,69,69,72,72,84,87,87,85,87,91,91,90,90,83,86,86,86,86,99,99,99,103,103,103,87,102,100,100,117,116,116,117,117,121,121,121,119,118,124,125,125,124,117,126,129,129,119,106],"gold":35,"neow_bonus":"","is_prod":false,"is_daily":false,"chose_seed":false,"campfire_upgraded":5,"win_rate":0,"timestamp":1563122203,"path_taken":["M","?","?","?","M","R","E","R","T","R","E","?","E","M","R","BOSS","M","?","M","?","M","E","?","E","T","M","M","?","E","M","R","BOSS","M","$","?","?","$","M","R","M","T","E","M","E","M","M","R","BOSS","BOSS","R","$","E","BOSS"],"build_version":"2019-07-05","purchased_purges":1,"victory":true,"max_hp_per_floor":[66,66,66,66,66,66,76,76,76,76,80,80,84,87,87,87,87,91,91,91,91,91,95,95,95,95,99,99,99,103,103,103,107,107,107,107,117,117,117,117,117,121,121,121,125,125,125,125,125,129,129,129,129,129,129,129],"card_choices":[{"not_picked":["Quick Slash","Cloak And Dagger","Flechettes"],"picked":"SKIP","floor":1},{"not_picked":["Bane","Distraction"],"picked":"Leg Sweep","floor":2},{"not_picked":["Poisoned Stab","Outmaneuver"],"picked":"Backflip","floor":5},{"not_picked":["Deadly Poison","Phantasmal Killer","Acrobatics"],"picked":"SKIP","floor":7},{"not_picked":["Setup","Quick Slash","Cloak And Dagger"],"picked":"SKIP","floor":11},{"not_picked":["Deflect","Dagger Spray"],"picked":"Backflip","floor":12},{"not_picked":["Catalyst","Backstab","Setup"],"picked":"SKIP","floor":13},{"not_picked":["Dodge and Roll","Prepared","Dagger Throw"],"picked":"SKIP","floor":14},{"not_picked":["Venomology","Phantasmal Killer"],"picked":"Adrenaline","floor":16},{"not_picked":["Bane","Flechettes","Endless Agony"],"picked":"SKIP","floor":18},{"not_picked":["Deflect","Bane","Distraction"],"picked":"SKIP","floor":20},{"not_picked":["Infinite Blades","Sucker Punch","Dagger Spray"],"picked":"SKIP","floor":22},{"not_picked":["Setup","Deadly Poison"],"picked":"Escape Plan","floor":23},{"not_picked":["Blade Dance","Dagger Spray"],"picked":"A Thousand Cuts","floor":25},{"not_picked":["Distraction","Endless Agony+1","Blur"],"picked":"SKIP","floor":27},{"not_picked":["Dagger Spray+1","Tactician","Riddle With Holes+1"],"picked":"SKIP","floor":28},{"not_picked":["Flying Knee+1","Dagger Spray+1","Slice+1"],"picked":"SKIP","floor":29},{"not_picked":["Slice+1","Die Die Die+1","Reflex+1"],"picked":"SKIP","floor":30},{"not_picked":["Eviscerate+1","Deadly Poison","All Out Attack+1"],"picked":"SKIP","floor":31},{"not_picked":["Doppelganger","Phantasmal Killer"],"picked":"Wraith Form v2","floor":33},{"not_picked":["Underhanded Strike+1","Poisoned Stab+1","Deadly Poison+1"],"picked":"SKIP","floor":35},{"not_picked":["Poisoned Stab+1","Underhanded Strike+1","Bullet Time"],"picked":"SKIP","floor":38},{"not_picked":["Cloak And Dagger","Accuracy","Flechettes+1"],"picked":"SKIP","floor":40},{"not_picked":["Acrobatics+1","Distraction"],"picked":"Catalyst","floor":42},{"not_picked":["Bane+1","Tactician","Terror"],"picked":"SKIP","floor":44},{"not_picked":["Dagger Throw+1","Poisoned Stab+1","Slice+1"],"picked":"SKIP","floor":45},{"not_picked":["Dodge and Roll","Prepared","Backflip"],"picked":"SKIP","floor":46},{"not_picked":["Dodge and Roll+1","Dagger Spray+1"],"picked":"PiercingWail","floor":47},{"not_picked":["Dagger Spray+1","Escape Plan"],"picked":"Acrobatics+1","floor":48},{"not_picked":["Prepared","Tactician"],"picked":"Caltrops","floor":55}],"player_experience":5689145,"relics_obtained":[{"floor":7,"key":"Pear"},{"floor":9,"key":"Kunai"},{"floor":11,"key":"Snake Skull"},{"floor":13,"key":"Art of War"},{"floor":23,"key":"Pen Nib"},{"floor":25,"key":"Molten Egg 2"},{"floor":26,"key":"Letter Opener"},{"floor":30,"key":"Mercury Hourglass"},{"floor":44,"key":"Regal Pillow"},{"floor":46,"key":"Bronze Scales"},{"floor":55,"key":"Bottled Tornado"}],"event_choices":[{"damage_healed":0,"gold_gain":0,"player_choice":"Success","damage_taken":35,"relics_obtained":["Gremlin Horn"],"max_hp_gain":0,"max_hp_loss":0,"event_name":"Scrap Ooze","floor":3,"gold_loss":0},{"cards_removed":["Shiv"],"damage_healed":0,"gold_gain":0,"player_choice":"Purged","damage_taken":0,"max_hp_gain":0,"max_hp_loss":0,"event_name":"Purifier","floor":4,"gold_loss":0},{"damage_healed":0,"gold_gain":0,"player_choice":"Obtained Relic","damage_taken":0,"relics_obtained":["Lantern"],"max_hp_gain":0,"max_hp_loss":0,"event_name":"Addict","floor":19,"gold_loss":85},{"damage_healed":0,"gold_gain":0,"player_choice":"Ignored","damage_taken":0,"max_hp_gain":0,"max_hp_loss":0,"event_name":"Vampires","floor":21,"gold_loss":0},{"damage_healed":0,"gold_gain":0,"player_choice":"Got Potions","damage_taken":0,"max_hp_gain":0,"max_hp_loss":0,"event_name":"Lab","floor":24,"gold_loss":0},{"cards_removed":["Transmutation"],"damage_healed":7,"gold_gain":0,"player_choice":"Offered Rare","damage_taken":0,"max_hp_gain":10,"max_hp_loss":0,"event_name":"Bonfire Elementals","floor":37,"gold_loss":0}],"is_beta":false,"boss_relics":[{"not_picked":["Runic Pyramid","Cursed Key"],"picked":"Eternal Feather"},{"not_picked":["Velvet Choker","White Beast Statue"],"picked":"Ring of the Serpent"}],"items_purged_floors":[39],"is_endless":false,"potions_floor_spawned":[2,5,11,18,20,28,30,31,35,42,44,46,55],"ascension_level":20}