{"gold_per_floor":[118,130,144,144,160,160,160,195,195,206,206,43,59,59,59,138,138,157,31,43,122,135,161,161,190,190,202,216,216,233,233,233,308,308,328,125,125,125,125,157,157,175,222,238,256,256,281,295,295,295,295,295,295,22,52,52],"floor_reached":57,"playtime":2181,"items_purged":["Defend_B","Strike_B","Defend_B","Lockon"],"score":2958,"play_id":"1e3c9727-6a44-43bd-95eb-df9ef63cc91a","local_time":"20190618022910","is_ascension_mode":true,"campfire_choices":[{"data":"Apotheosis","floor":6,"key":"SMITH"},{"floor":11,"key":"REST"},{"floor":15,"key":"REST"},{"floor":24,"key":"REST"},{"data":"Strike_B","floor":29,"key":"PURGE"},{"data":"Defend_B","floor":32,"key":"PURGE"},{"data":"Strike_B","floor":41,"key":"PURGE"},{"data":"Defend_B","floor":46,"key":"PURGE"},{"floor":49,"key":"RECALL"},{"data":"Zap","floor":53,"key":"PURGE"}],"neow_cost":"","seed_source_timestamp":287839069391200,"circlet_count":0,"master_deck":["Apotheosis+1","Biased Cognition","Core Surge+1","Dualcast","Lockon+1","Coolheaded","Coolheaded","Cold Snap","Loop","Genetic Algorithm","Chill+1","Ball Lightning","Echo Form","Cold Snap","Capacitor","Genetic Algorithm+1","Glacier","Darkness","Fission","Defragment","Self Repair","Capacitor","Skim"],"relics":["Cracked Core","Bottled Flame","Bottled Lightning","Bottled Tornado","Shuriken","Fusion Hammer","Matryoshka","Peace Pipe","Pen Nib","Regal Pillow","Vajra","Busted Crown","Bag of Marbles","Blood Vial","Whetstone","Emotion Chip","Bag of Preparation"],"potions_floor_usage":[8,18,33,56,56],"damage_taken":[{"damage":10,"enemies":"Small Slimes","floor":1,"turns":3},{"damage":0,"enemies":"Cultist","floor":2,"turns":2},{"damage":7,"enemies":"Jaw Worm","floor":3,"turns":2},{"damage":14,"enemies":"3 Louse","floor":5,"turns":3},{"damage":10,"enemies":"3 Sentries","floor":8,"turns":4},{"damage":12,"enemies":"Lots of Slimes","floor":10,"turns":3},{"damage":7,"enemies":"Red Slaver","floor":13,"turns":4},{"damage":0,"enemies":"The Guardian","floor":16,"turns":7},{"damage":17,"enemies":"Shell Parasite","floor":18,"turns":3},{"damage":0,"enemies":"Spheric Guardian","floor":20,"turns":3},{"damage":10,"enemies":"Snake Plant","floor":22,"turns":3},{"damage":10,"enemies":"Gremlin Leader","floor":23,"turns":7},{"damage":5,"enemies":"Slavers","floor":25,"turns":6},{"damage":2,"enemies":"3 Cultists","floor":27,"turns":5},{"damage":0,"enemies":"Sentry and Sphere","floor":28,"turns":7},{"damage":0,"enemies":"Chosen and Byrds","floor":30,"turns":9},{"damage":0,"enemies":"Automaton","floor":33,"turns":9},{"damage":2,"enemies":"3 Darklings","floor":35,"turns":6},{"damage":20,"enemies":"Nemesis","floor":40,"turns":9},{"damage":4,"enemies":"Orb Walker","floor":42,"turns":4},{"damage":3,"enemies":"3 Darklings","floor":44,"turns":7},{"damage":0,"enemies":"4 Shapes","floor":45,"turns":7},{"damage":0,"enemies":"Giant Head","floor":47,"turns":7},{"damage":0,"enemies":"Transient","floor":48,"turns":6},{"damage":17,"enemies":"Time Eater","floor":50,"turns":11},{"damage":10,"enemies":"Donu and Deca","floor":51,"turns":9},{"damage":9,"enemies":"Shield and Spear","floor":55,"turns":11},{"damage":24,"enemies":"The Heart","floor":56,"turns":9}],"seed_played":"-8039027940520992947","potions_obtained":[{"floor":1,"key":"Dexterity Potion"},{"floor":5,"key":"AttackPotion"},{"floor":10,"key":"Poison Potion"},{"floor":16,"key":"AttackPotion"},{"floor":22,"key":"GamblersBrew"},{"floor":27,"key":"PowerPotion"},{"floor":35,"key":"Dexterity Potion"}],"is_trial":true,"path_per_floor":["M","M","M","?","M","R","?","E","T","M","R","$","M","?","R","B",null,"M","$","M","T","M","E","R","E","T","M","M","R","M","?","R","B",null,"M","$","?","$","$","E","R","M","T","M","M","R","E","M","R","B","B",null,"R","$","E","B",null],"character_chosen":"DEFECT","items_purchased":["Chill","Cold Snap","Defragment","Capacitor","Skim"],"campfire_rested":3,"item_purchase_floors":[12,19,36,54,54],"current_hp_per_floor":[54,54,47,47,33,33,33,23,23,11,32,32,25,25,46,46,65,48,48,48,48,38,28,49,44,44,42,42,42,42,42,42,42,64,62,62,62,62,62,62,62,68,68,71,71,71,71,71,71,71,71,71,71,71,71,57],"gold":52,"neow_bonus":"","is_prod":false,"is_daily":false,"chose_seed":false,"campfire_upgraded":1,"win_rate":0,"timestamp":1560792550,"path_taken":["M","M","M","?","?","R","?","E","T","M","R","$","M","?","R","BOSS","M","$","?","?","M","E","R","E","T","?","M","R","M","?","R","BOSS","M","$","?","?","$","E","R","M","T","M","M","R","E","M","R","BOSS","BOSS","R","$","E","BOSS"],"build_version":"2019-01-23","purchased_purges":4,"victory":true,"max_hp_per_floor":[71,71,71,71,71,71,71,71,71,71,71,71,71,71,71,71,71,71,71,71,71,71,71,71,71,71,71,71,71,71,71,71,71,71,71,71,71,71,71,71,71,71,71,71,71,71,71,71,71,71,71,71,71,71,71,71],"card_choices":[{"not_picked":["Fusion","Barrage"],"picked":"Lockon","floor":1},{"not_picked":["Conserve Battery","Steam"],"picked":"Coolheaded","floor":2},{"not_picked":["Conserve Battery","Go for the Eyes"],"picked":"Coolheaded","floor":3},{"not_picked":["Meteor Strike","Hologram"],"picked":"Cold Snap","floor":5},{"not_picked":["Stack","Compile Driver"],"picked":"Loop","floor":8},{"not_picked":["Steam","Beam Cell"],"picked":"Genetic Algorithm","floor":10},{"not_picked":["Sunder","Turbo"],"picked":"Ball Lightning","floor":13},{"not_picked":["Reboot","Core Surge"],"picked":"Echo Form","floor":16},{"not_picked":["Compile Driver","Ball Lightning","Rebound"],"picked":"SKIP","floor":18},{"not_picked":["Go for the Eyes","Redo","Hologram"],"picked":"SKIP","floor":20},{"not_picked":["Rebound","Beam Cell"],"picked":"Capacitor","floor":22},{"not_picked":["Go for the Eyes","Sweeping Beam"],"picked":"Genetic Algorithm+1","floor":23},{"not_picked":["Force Field+1","Doom and Gloom","Coolheaded"],"picked":"SKIP","floor":25},{"not_picked":["Hyperbeam","Beam Cell"],"picked":"Glacier","floor":27},{"not_picked":["Streamline","Steam Power","Leap"],"picked":"SKIP","floor":28},{"not_picked":["Beam Cell","Compile Driver"],"picked":"Darkness","floor":30},{"not_picked":["Hyperbeam","Seek"],"picked":"Fission","floor":33},{"not_picked":["Go for the Eyes"],"picked":"SKIP","floor":35},{"not_picked":["Stack"],"picked":"SKIP","floor":40},{"not_picked":["Stack"],"picked":"SKIP","floor":40},{"not_picked":["Compile Driver"],"picked":"SKIP","floor":42},{"not_picked":["Compile Driver"],"picked":"SKIP","floor":42},{"not_picked":["Conserve Battery"],"picked":"SKIP","floor":44},{"not_picked":["Rebound"],"picked":"SKIP","floor":45},{"not_picked":["Gash"],"picked":"SKIP","floor":47},{"not_picked":["Redo"],"picked":"SKIP","floor":48},{"not_picked":["Redo"],"picked":"SKIP","floor":55}],"player_experience":5402276,"relics_obtained":[{"floor":8,"key":"Shuriken"},{"floor":21,"key":"Matryoshka"},{"floor":23,"key":"Peace Pipe"},{"floor":25,"key":"Pen Nib"},{"floor":26,"key":"Regal Pillow"},{"floor":26,"key":"Vajra"},{"floor":40,"key":"Bag of Marbles"},{"floor":43,"key":"Blood Vial"},{"floor":43,"key":"Whetstone"},{"floor":47,"key":"Emotion Chip"},{"floor":55,"key":"Bag of Preparation"}],"event_choices":[{"damage_healed":0,"gold_gain":0,"cards_transformed":["Strike_B"],"player_choice":"Transformed","damage_taken":0,"max_hp_gain":0,"max_hp_loss":0,"event_name":"Transmorgrifier","floor":4,"gold_loss":0,"cards_obtained":["Lockon"]},{"damage_healed":0,"gold_gain":0,"player_choice":"Ignored","damage_taken":0,"max_hp_gain":0,"max_hp_loss":0,"event_name":"Shining Light","floor":7,"gold_loss":0},{"damage_healed":0,"gold_gain":0,"player_choice":"Upgraded","damage_taken":0,"max_hp_gain":0,"max_hp_loss":0,"event_name":"Upgrade Shrine","floor":14,"gold_loss":0,"cards_upgraded":["Chill"]},{"damage_healed":0,"gold_gain":0,"player_choice":"Ignored","damage_taken":0,"max_hp_gain":0,"max_hp_loss":0,"event_name":"Vampires","floor":31,"gold_loss":0},{"damage_healed":0,"gold_gain":0,"player_choice":"1 cards matched","damage_taken":0,"max_hp_gain":0,"max_hp_loss":0,"event_name":"Match and Keep!","floor":37,"gold_loss":0,"cards_obtained":["Self Repair"]}],"is_beta":false,"boss_relics":[{"not_picked":["Empty Cage","Runic Dome"],"picked":"Fusion Hammer"},{"not_picked":["Coffee Dripper","Velvet Choker"],"picked":"Busted Crown"}],"items_purged_floors":[12,19,36,54],"is_endless":false,"potions_floor_spawned":[1,5,10,16,22,23,27,35,47],"ascension_level":20}