{"gold_per_floor":[117,117,392,402,134,161,176,251,251,279,279,5,40,59,59,134,134,150,150,350,370,370,403,403,436,474,202,236,256,256,269,269,346,346,356,356,0,0,17,17,50,50,50,83,83,95,107,142,142,142,142,142,142,67,93,93],"floor_reached":57,"playtime":2034,"items_purged":["Strike_R+1"],"score":3278,"play_id":"6e99c68d-163d-4a1c-936a-176475b84879","local_time":"20190604013259","is_ascension_mode":true,"campfire_choices":[{"floor":15,"key":"REST"},{"data":"Burning Pact","floor":24,"key":"SMITH"},{"floor":30,"key":"RECALL"},{"data":"Inflame","floor":32,"key":"SMITH"},{"floor":40,"key":"REST"},{"floor":42,"key":"REST"},{"floor":49,"key":"REST"},{"floor":53,"key":"REST"}],"neow_cost":"","seed_source_timestamp":703182244149600,"circlet_count":0,"master_deck":["AscendersBane","Strike_R+1","Strike_R+1","Strike_R+1","Defend_R+1","Defend_R+1","Defend_R+1","Defend_R+1","Bash","Cleave","Regret","Perfected Strike","Inflame+1","Cleave","Corruption+1","Shockwave","Infernal Blade","Heavy Blade","Dramatic Entrance","Burning Pact+1","Metallicize+1","Dark Embrace+1","Second Wind","Ghostly","Ghostly","Ghostly","Armaments+1","Seeing Red","Exhume","Shrug It Off","Writhe","Seeing Red","Brutality+1","Flash of Steel","Shrug It Off+1","Offering"],"relics":["Burning Blood","Du-Vu Doll","Blood Vial","Frozen Egg 2","Ornamental Fan","Oddly Smooth Stone","Letter Opener","Dead Branch","Busted Crown","Kunai","MawBank","Lantern","Pear","Question Card","Fusion Hammer","Red Mask","Vajra","PreservedInsect","Bag of Preparation","Anchor"],"potions_floor_usage":[10,47,56],"damage_taken":[{"damage":1,"enemies":"2 Louse","floor":1,"turns":3},{"damage":3,"enemies":"Cultist","floor":4,"turns":2},{"damage":30,"enemies":"3 Sentries","floor":6,"turns":7},{"damage":7,"enemies":"Small Slimes","floor":7,"turns":2},{"damage":32,"enemies":"Lagavulin","floor":10,"turns":5},{"damage":8,"enemies":"Gremlin Nob","floor":13,"turns":3},{"damage":8,"enemies":"Blue Slaver","floor":14,"turns":2},{"damage":8,"enemies":"Hexaghost","floor":16,"turns":8},{"damage":3,"enemies":"Spheric Guardian","floor":18,"turns":3},{"damage":3,"enemies":"Chosen","floor":21,"turns":4},{"damage":14,"enemies":"Book of Stabbing","floor":23,"turns":6},{"damage":1,"enemies":"Gremlin Leader","floor":25,"turns":4},{"damage":7,"enemies":"Slavers","floor":28,"turns":5},{"damage":1,"enemies":"Snecko","floor":29,"turns":2},{"damage":1,"enemies":"Chosen and Byrds","floor":31,"turns":2},{"damage":15,"enemies":"Collector","floor":33,"turns":7},{"damage":0,"enemies":"3 Darklings","floor":35,"turns":3},{"damage":13,"enemies":"Orb Walker","floor":39,"turns":4},{"damage":3,"enemies":"Giant Head","floor":41,"turns":4},{"damage":1,"enemies":"Nemesis","floor":44,"turns":5},{"damage":9,"enemies":"Transient","floor":46,"turns":6},{"damage":0,"enemies":"4 Shapes","floor":47,"turns":3},{"damage":1,"enemies":"Reptomancer","floor":48,"turns":2},{"damage":3,"enemies":"Awakened One","floor":50,"turns":4},{"damage":21,"enemies":"Donu and Deca","floor":51,"turns":5},{"damage":2,"enemies":"Shield and Spear","floor":55,"turns":2},{"damage":8,"enemies":"The Heart","floor":56,"turns":6}],"seed_played":"-5040861298366375876","potions_obtained":[{"floor":1,"key":"SpeedPotion"},{"floor":4,"key":"EssenceOfSteel"},{"floor":29,"key":"Strength Potion"},{"floor":44,"key":"GamblersBrew"},{"floor":47,"key":"BloodPotion"}],"is_trial":true,"path_per_floor":["M","?","?","M","$","E","M","?","T","E","?","$","E","M","R","B",null,"M","?","?","M","?","E","R","E","T","$","E","M","R","M","R","B",null,"M","?","?","?","M","R","E","R","T","E","?","M","M","E","R","B","B",null,"R","$","E","B",null],"character_chosen":"IRONCLAD","items_purchased":["Anger","Blood Vial","Inflame","Fire Potion","Infernal Blade","Heavy Blade","Dramatic Entrance","Pear"],"campfire_rested":5,"item_purchase_floors":[5,5,5,12,12,12,12,27],"current_hp_per_floor":[73,66,66,69,69,47,48,37,37,13,13,13,13,13,35,35,65,70,37,37,37,37,29,29,36,36,46,46,47,47,47,47,38,45,47,47,47,47,40,47,47,47,47,47,47,44,47,47,47,47,32,43,47,47,47,45],"gold":93,"neow_bonus":"","is_prod":false,"is_daily":false,"chose_seed":false,"campfire_upgraded":2,"win_rate":0,"timestamp":1559579579,"path_taken":["M","?","?","?","$","E","M","?","T","E","?","$","E","M","R","BOSS","M","?","?","?","?","E","R","E","T","$","E","M","R","M","R","BOSS","M","?","?","?","M","R","E","R","T","E","?","M","M","E","R","BOSS","BOSS","R","$","E","BOSS"],"build_version":"2019-01-23","purchased_purges":1,"victory":true,"max_hp_per_floor":[75,75,75,75,75,75,75,75,75,75,75,75,75,75,75,75,75,75,37,37,37,37,37,37,37,37,47,47,47,47,47,47,47,47,47,47,47,47,47,47,47,47,47,47,47,47,47,47,47,47,47,47,47,47,47,47],"card_choices":[{"not_picked":["Feel No Pain","Havoc"],"picked":"Cleave","floor":1},{"not_picked":["Thunderclap","Entrench"],"picked":"Perfected Strike","floor":4},{"not_picked":["Evolve","Feel No Pain"],"picked":"Cleave","floor":6},{"not_picked":["Flame Barrier","Searing Blow"],"picked":"Corruption+1","floor":7},{"not_picked":["Thunderclap","Cleave"],"picked":"Shockwave","floor":10},{"not_picked":["Heavy Blade","Thunderclap"],"picked":"Burning Pact","floor":13},{"not_picked":["Whirlwind","Perfected Strike"],"picked":"Metallicize+1","floor":14},{"not_picked":["Barricade+1","Brutality+1"],"picked":"Dark Embrace+1","floor":16},{"not_picked":[],"picked":"Second Wind","floor":18},{"not_picked":["Body Slam"],"picked":"SKIP","floor":21},{"not_picked":[],"picked":"Armaments+1","floor":23},{"not_picked":["Carnage"],"picked":"SKIP","floor":25},{"not_picked":[],"picked":"Seeing Red","floor":28},{"not_picked":["Twin Strike","Anger"],"picked":"SKIP","floor":29},{"not_picked":["Cleave","Flex"],"picked":"SKIP","floor":31},{"not_picked":["Barricade+1"],"picked":"Exhume","floor":33},{"not_picked":["Body Slam"],"picked":"Shrug It Off","floor":35},{"not_picked":["Dropkick"],"picked":"Seeing Red","floor":39},{"not_picked":["Clothesline+1","Sever Soul+1"],"picked":"SKIP","floor":41},{"not_picked":["Pummel"],"picked":"Brutality+1","floor":44},{"not_picked":["Dramatic Entrance"],"picked":"Flash of Steel","floor":45},{"not_picked":["Sword Boomerang+1","Reckless Charge+1"],"picked":"SKIP","floor":46},{"not_picked":["Heavy Blade"],"picked":"Shrug It Off+1","floor":47},{"not_picked":["Anger","Rupture+1"],"picked":"SKIP","floor":48},{"not_picked":["Headbutt"],"picked":"Offering","floor":55}],"player_experience":5263109,"relics_obtained":[{"floor":6,"key":"Frozen Egg 2"},{"floor":9,"key":"Ornamental Fan"},{"floor":10,"key":"Oddly Smooth Stone"},{"floor":13,"key":"Dead Branch"},{"floor":23,"key":"Kunai"},{"floor":25,"key":"MawBank"},{"floor":26,"key":"Lantern"},{"floor":28,"key":"Question Card"},{"floor":41,"key":"Vajra"},{"floor":44,"key":"PreservedInsect"},{"floor":48,"key":"Bag of Preparation"},{"floor":55,"key":"Anchor"}],"event_choices":[{"cards_removed":["Strike_R"],"damage_healed":0,"gold_gain":0,"player_choice":"Card Removal","damage_taken":7,"max_hp_gain":0,"max_hp_loss":0,"event_name":"Golden Wing","floor":2,"gold_loss":0},{"damage_healed":0,"gold_gain":275,"player_choice":"Desecrate","damage_taken":0,"max_hp_gain":0,"max_hp_loss":0,"event_name":"Golden Shrine","floor":3,"gold_loss":0,"cards_obtained":["Regret"]},{"damage_healed":0,"gold_gain":75,"player_choice":"Gather Gold","damage_taken":11,"max_hp_gain":0,"max_hp_loss":0,"event_name":"World of Goop","floor":8,"gold_loss":0},{"damage_healed":0,"gold_gain":0,"player_choice":"Searched \u00271\u0027 times","damage_taken":0,"relics_obtained":["Letter Opener"],"max_hp_gain":0,"max_hp_loss":0,"event_name":"Dead Adventurer","floor":11,"gold_loss":0},{"damage_healed":0,"gold_gain":0,"player_choice":"Became a Ghost","damage_taken":0,"max_hp_gain":0,"max_hp_loss":38,"event_name":"Ghosts","floor":19,"gold_loss":0,"cards_obtained":["Ghostly","Ghostly","Ghostly"]},{"damage_healed":0,"gold_gain":200,"player_choice":"Gold","damage_taken":0,"max_hp_gain":0,"max_hp_loss":0,"event_name":"Wheel of Change","floor":20,"gold_loss":0},{"damage_healed":0,"gold_gain":0,"player_choice":"Simplicity","damage_taken":0,"max_hp_gain":0,"max_hp_loss":0,"event_name":"Back to Basics","floor":22,"gold_loss":0,"cards_upgraded":["Strike_R","Strike_R","Strike_R","Strike_R","Defend_R","Defend_R","Defend_R","Defend_R"]},{"cards_removed":["Anger"],"damage_healed":0,"gold_gain":0,"player_choice":"Removed Attack","damage_taken":0,"max_hp_gain":0,"max_hp_loss":0,"event_name":"Falling","floor":36,"gold_loss":0},{"damage_healed":0,"gold_gain":0,"player_choice":"Paid","damage_taken":0,"relics_obtained":["Red Mask"],"max_hp_gain":0,"max_hp_loss":0,"event_name":"Tomb of Lord Red Mask","floor":37,"gold_loss":356},{"damage_healed":9,"gold_gain":0,"player_choice":"Writhe","damage_taken":0,"max_hp_gain":0,"max_hp_loss":0,"event_name":"Winding Halls","floor":38,"gold_loss":0,"cards_obtained":["Writhe"]},{"damage_healed":0,"gold_gain":0,"player_choice":"Memory 1","damage_taken":0,"max_hp_gain":0,"max_hp_loss":0,"event_name":"SensoryStone","floor":45,"gold_loss":0}],"is_beta":false,"boss_relics":[{"not_picked":["White Beast Statue","Ectoplasm"],"picked":"Busted Crown"},{"not_picked":["Tiny House","Coffee Dripper"],"picked":"Fusion Hammer"}],"items_purged_floors":[54],"is_endless":false,"potions_floor_spawned":[1,4,6,18,23,28,29,33,41,44,47,48],"ascension_level":20}