{"gold_per_floor":[112,130,144,29,29,360,360,360,360,371,0,0,0,0,0,128,128,149,149,149,164,178,209,134,134,134,153,33,33,49,90,90,219,219,237,237,237,237,256,256,299,299,369,407,407,442,23,46,46,46,46,46,12,48,48],"floor_reached":55,"playtime":3088,"items_purged":["Strike_B","Defend_B"],"score":791,"play_id":"2289f9fc-73ee-4a4d-a4ca-df84647f6fc4","local_time":"20190726001141","is_ascension_mode":false,"campfire_choices":[{"data":"Fission","floor":8.0,"key":"SMITH"},{"data":"Static Discharge","floor":13.0,"key":"SMITH"},{"floor":15.0,"key":"REST"},{"data":"Biased Cognition","floor":25.0,"key":"SMITH"},{"data":"Chaos","floor":32,"key":"SMITH"},{"data":"Loop","floor":40,"key":"SMITH"},{"data":"Defragment","floor":42,"key":"SMITH"},{"floor":49,"key":"RECALL"},{"data":"Buffer","floor":52,"key":"SMITH"}],"neow_cost":"NONE","seed_source_timestamp":0,"circlet_count":0,"master_deck":["Defend_B","Defend_B+1","Zap","Dualcast","Machine Learning","Conserve Battery","Beam Cell","Cold Snap+1","Chaos+1","Fission+1","Coolheaded","Static Discharge+1","Doom and Gloom","Biased Cognition+1","Loop+1","Bite","Bite","Bite","Bite","Bite","Self Repair","Compile Driver","Conserve Battery","Defragment+1","Ball Lightning","Coolheaded","Buffer+1","Blind","Capacitor","Compile Driver+1"],"special_seed":0,"relics":["Cracked Core","Bird Faced Urn","Old Coin","Dodecahedron","Omamori","Golden Idol","Coffee Dripper","Strawberry","Boot","Ice Cream","Busted Crown","Pocketwatch","Blue Candle","Art of War","Molten Egg 2","Medical Kit","Symbiotic Virus"],"potions_floor_usage":[31,33,33,44,45,50,54,54],"damage_taken":[{"damage":1.0,"enemies":"Cultist","floor":1.0,"turns":4.0},{"damage":6.0,"enemies":"2 Louse","floor":2.0,"turns":3.0},{"damage":0.0,"enemies":"Small Slimes","floor":3.0,"turns":2.0},{"damage":10.0,"enemies":"Lagavulin","floor":6.0,"turns":7.0},{"damage":5.0,"enemies":"3 Louse","floor":10.0,"turns":3.0},{"damage":21.0,"enemies":"Slime Boss","floor":16.0,"turns":6.0},{"damage":8.0,"enemies":"2 Thieves","floor":18.0,"turns":4.0},{"damage":4.0,"enemies":"3 Byrds","floor":21.0,"turns":5.0},{"damage":24.0,"enemies":"Snake Plant","floor":22.0,"turns":4.0},{"damage":49.0,"enemies":"Gremlin Leader","floor":23.0,"turns":5.0},{"damage":9.0,"enemies":"Snecko","floor":27.0,"turns":4.0},{"damage":1,"enemies":"Centurion and Healer","floor":30,"turns":6},{"damage":17,"enemies":"Book of Stabbing","floor":31,"turns":4},{"damage":45,"enemies":"Collector","floor":33,"turns":12},{"damage":0,"enemies":"Orb Walker","floor":35,"turns":4},{"damage":8,"enemies":"3 Shapes","floor":39,"turns":4},{"damage":9,"enemies":"Giant Head","floor":41,"turns":8},{"damage":10,"enemies":"Reptomancer","floor":44,"turns":7},{"damage":0,"enemies":"Spire Growth","floor":45,"turns":2},{"damage":1,"enemies":"Giant Head","floor":46,"turns":11},{"damage":21,"enemies":"4 Shapes","floor":48,"turns":6},{"damage":86,"enemies":"Donu and Deca","floor":50,"turns":11},{"damage":62,"enemies":"Shield and Spear","floor":54,"turns":10},{"damage":93,"enemies":"The Heart","floor":55,"turns":3}],"seed_played":"-7926009485292919006","potions_obtained":[{"floor":3.0,"key":"FearPotion"},{"floor":16.0,"key":"Block Potion"},{"floor":18.0,"key":"SpeedPotion"},{"floor":22.0,"key":"FearPotion"},{"floor":30,"key":"FocusPotion"},{"floor":33,"key":"SmokeBomb"},{"floor":39,"key":"Weak Potion"},{"floor":48,"key":"Poison Potion"}],"is_trial":false,"path_per_floor":["M","M","M","$","?","E","?","R","T","M","$","?","R","?","R","B",null,"M","?","$","M","M","E","?","R","T","M","$","?","M","E","R","B",null,"M","?","?","?","M","R","E","R","T","E","M","E","$","M","R","B",null,"R","$","E","B"],"character_chosen":"DEFECT","items_purchased":["Chaos","Static Discharge","Doom and Gloom","Omamori","EssenceOfSteel","Defragment","SkillPotion","Medical Kit","EssenceOfSteel","Block Potion","Capacitor"],"campfire_rested":1,"item_purchase_floors":[4,11,11,11,11,28,28,47,47,47,53],"current_hp_per_floor":[74,68,68,68,50,42,47,47,47,44,44,44,44,28,52,35,80,74,56,56,56,44,18,18,18,18,30,30,30,60,59,59,61,63,63,63,60,50,60,60,60,60,60,60,60,60,60,60,60,19,60,60,60,35,0],"gold":48,"neow_bonus":"ONE_RANDOM_RARE_CARD","is_prod":false,"is_daily":false,"chose_seed":false,"campfire_upgraded":7,"win_rate":0,"timestamp":1564092701,"path_taken":["M","?","M","$","?","E","?","R","T","M","$","?","R","?","R","BOSS","M","?","$","M","M","E","?","R","T","M","?","?","M","E","R","BOSS","M","?","?","?","M","R","E","R","T","E","M","E","$","M","R","BOSS","R","$","E","BOSS"],"build_version":"2019-07-17","purchased_purges":2,"victory":false,"max_hp_per_floor":[75,75,75,75,75,75,80,80,80,80,80,80,80,80,80,80,80,80,56,56,56,56,63,63,63,63,63,63,63,63,63,63,63,63,63,63,60,60,60,60,60,60,60,60,60,60,60,60,60,60,60,60,60,60,60],"card_choices":[{"not_picked":["Auto Shields","Sweeping Beam"],"picked":"Conserve Battery","floor":1.0},{"not_picked":["Scrape","Turbo"],"picked":"Beam Cell","floor":2.0},{"not_picked":["Steam Power","Beam Cell"],"picked":"Cold Snap","floor":3.0},{"not_picked":["Heatsinks","FTL"],"picked":"Fission","floor":6.0},{"not_picked":["Gash","Stack"],"picked":"Coolheaded","floor":10.0},{"not_picked":["Echo Form","Reboot"],"picked":"Biased Cognition","floor":16.0},{"not_picked":["Barrage","Consume"],"picked":"Loop","floor":18.0},{"not_picked":["Gash","Cold Snap","Rebound"],"picked":"SKIP","floor":21.0},{"not_picked":["Darkness","White Noise"],"picked":"Self Repair","floor":22.0},{"not_picked":["Meteor Strike","Storm"],"picked":"Compile Driver","floor":23.0},{"not_picked":["Sweeping Beam","Coolheaded"],"picked":"Conserve Battery","floor":27.0},{"not_picked":["Leap","Cold Snap"],"picked":"Ball Lightning","floor":30},{"not_picked":["Static Discharge+1","Steam Power"],"picked":"Coolheaded","floor":31},{"not_picked":["Machine Learning","Core Surge"],"picked":"Buffer","floor":33},{"not_picked":[],"picked":"Stack","floor":35},{"not_picked":[],"picked":"Blind","floor":38},{"not_picked":["Ball Lightning"],"picked":"SKIP","floor":39},{"not_picked":["Rip and Tear+1"],"picked":"SKIP","floor":41},{"not_picked":["Static Discharge+1"],"picked":"SKIP","floor":44},{"not_picked":["Gash+1"],"picked":"SKIP","floor":46},{"not_picked":["Gash+1"],"picked":"SKIP","floor":48},{"not_picked":[],"picked":"Compile Driver+1","floor":54}],"player_experience":305299,"relics_obtained":[{"floor":6.0,"key":"Old Coin"},{"floor":9.0,"key":"Dodecahedron"},{"floor":23.0,"key":"Strawberry"},{"floor":31,"key":"Ice Cream"},{"floor":41,"key":"Pocketwatch"},{"floor":43,"key":"Blue Candle"},{"floor":44,"key":"Art of War"},{"floor":46,"key":"Molten Egg 2"},{"floor":54,"key":"Symbiotic Virus"}],"event_choices":[{"damage_healed":0.0,"max_hp_gain":0.0,"max_hp_loss":0.0,"gold_gain":0.0,"event_name":"Scrap Ooze","player_choice":"Success","floor":5.0,"gold_loss":0.0,"damage_taken":18.0,"relics_obtained":["Bird Faced Urn"]},{"damage_healed":0.0,"max_hp_gain":5.0,"max_hp_loss":0.0,"gold_gain":0.0,"event_name":"Big Fish","player_choice":"Donut","floor":7.0,"gold_loss":0.0,"damage_taken":0.0},{"damage_healed":0.0,"max_hp_gain":0.0,"max_hp_loss":0.0,"gold_gain":0.0,"event_name":"Golden Idol","player_choice":"Take Wound","floor":12.0,"gold_loss":0.0,"damage_taken":0.0,"relics_obtained":["Golden Idol"],"cards_obtained":["Injury"]},{"damage_healed":0.0,"max_hp_gain":0.0,"max_hp_loss":0.0,"gold_gain":0.0,"event_name":"Shining Light","player_choice":"Entered Light","floor":14.0,"gold_loss":0.0,"damage_taken":16.0,"cards_upgraded":["Defend_B","Cold Snap"]},{"damage_healed":0.0,"max_hp_gain":0.0,"max_hp_loss":24.0,"gold_gain":0.0,"event_name":"Vampires","player_choice":"Became a vampire","floor":19.0,"gold_loss":0.0,"damage_taken":0.0,"cards_obtained":["Bite","Bite","Bite","Bite","Bite"]},{"cards_removed":["Defend_B"],"damage_healed":0.0,"max_hp_gain":0.0,"max_hp_loss":0.0,"gold_gain":0.0,"event_name":"Beggar","player_choice":"Gave Gold","floor":24.0,"gold_loss":75.0,"damage_taken":0.0},{"damage_healed":0.0,"max_hp_gain":0.0,"max_hp_loss":0.0,"gold_gain":0.0,"event_name":"Addict","player_choice":"Stole Relic","floor":29.0,"gold_loss":0.0,"damage_taken":0.0,"relics_obtained":["Boot"],"cards_obtained":["Shame"]},{"cards_removed":["Stack"],"damage_healed":0,"gold_gain":0,"player_choice":"Removed Skill","damage_taken":0,"max_hp_gain":0,"max_hp_loss":0,"event_name":"Falling","floor":36,"gold_loss":0},{"damage_healed":0,"gold_gain":0,"player_choice":"Max HP","damage_taken":0,"max_hp_gain":0,"max_hp_loss":3,"event_name":"Winding Halls","floor":37,"gold_loss":0},{"damage_healed":0,"gold_gain":0,"player_choice":"Memory 3","damage_taken":10,"max_hp_gain":0,"max_hp_loss":0,"event_name":"SensoryStone","floor":38,"gold_loss":0}],"is_beta":false,"boss_relics":[{"not_picked":["Empty Cage","Astrolabe"],"picked":"Coffee Dripper"},{"not_picked":["Fusion Hammer","Calling Bell"],"picked":"Busted Crown"}],"items_purged_floors":[4,47],"is_endless":false,"potions_floor_spawned":[3,16,18,22,30,33,39,45,48],"killed_by":"The Heart","ascension_level":0}