{"gold_per_floor":[111,111,171,221,236,211,261,155,209,209,275,37,37],"floor_reached":13,"playtime":159,"items_purged":["Strike_G","Defend_G"],"score":146,"play_id":"bc908820-67d8-4bb2-87e0-2954f7cf0dce","local_time":"20190716005930","is_ascension_mode":true,"campfire_choices":[{"data":"Accuracy","floor":10,"key":"SMITH"}],"neow_cost":"NONE","seed_source_timestamp":458224013771700,"circlet_count":0,"master_deck":["AscendersBane","Strike_G","Strike_G","Strike_G","Strike_G","Defend_G+1","Defend_G+1","Defend_G","Survivor","Neutralize","Dagger Spray","Backflip","Accuracy+1","Accuracy","Riddle With Holes","Cloak And Dagger","Tactician"],"relics":["Ring of the Snake","NeowsBlessing","SsserpentHead","PreservedInsect"],"potions_floor_usage":[13],"damage_taken":[{"damage":0,"enemies":"Cultist","floor":1,"turns":1},{"damage":0,"enemies":"2 Louse","floor":3,"turns":1},{"damage":0,"enemies":"Jaw Worm","floor":5,"turns":1},{"damage":0,"enemies":"Blue Slaver","floor":11,"turns":7},{"damage":40,"enemies":"Gremlin Nob","floor":13,"turns":4}],"seed_played":"4483915548089654603","potions_obtained":[{"floor":3,"key":"EssenceOfSteel"}],"is_trial":false,"path_per_floor":["M","?","M","?","M","?","T","$","T","R","M","$","E"],"character_chosen":"THE_SILENT","items_purchased":["Accuracy","Cloak And Dagger","Tactician"],"campfire_rested":0,"item_purchase_floors":[8,12,12],"current_hp_per_floor":[59,59,59,39,39,39,39,39,39,39,39,39,0],"gold":37,"neow_bonus":"THREE_ENEMY_KILL","is_prod":false,"is_daily":false,"chose_seed":false,"campfire_upgraded":1,"win_rate":0,"timestamp":1563206370,"path_taken":["M","?","?","?","M","?","?","?","T","R","?","$","E"],"build_version":"2019-07-05","purchased_purges":2,"victory":false,"max_hp_per_floor":[66,66,66,66,66,66,66,66,66,66,66,66,66],"card_choices":[{"not_picked":["Poisoned Stab","Bane"],"picked":"Dagger Spray","floor":1},{"not_picked":["Calculated Gamble","Bane"],"picked":"Backflip","floor":3},{"not_picked":["Blade Dance","Terror"],"picked":"Accuracy","floor":5},{"not_picked":["Distraction","PiercingWail"],"picked":"Riddle With Holes","floor":11}],"player_experience":5700021,"relics_obtained":[{"floor":9,"key":"PreservedInsect"}],"event_choices":[{"damage_healed":0,"gold_gain":0,"player_choice":"Trade","damage_taken":0,"relics_obtained":["SsserpentHead"],"max_hp_gain":0,"max_hp_loss":0,"event_name":"FaceTrader","floor":2,"gold_loss":0},{"damage_healed":0,"gold_gain":0,"player_choice":"Entered Light","damage_taken":20,"max_hp_gain":0,"max_hp_loss":0,"event_name":"Shining Light","floor":4,"gold_loss":0,"cards_upgraded":["Defend_G","Defend_G"]},{"cards_removed":["Defend_G"],"damage_healed":0,"gold_gain":0,"player_choice":"Card Removal","damage_taken":0,"max_hp_gain":0,"max_hp_loss":0,"event_name":"The Cleric","floor":6,"gold_loss":75}],"is_beta":false,"boss_relics":[],"items_purged_floors":[8,12],"is_endless":false,"potions_floor_spawned":[3],"killed_by":"Gremlin Nob","ascension_level":20}