{"gold_per_floor":[113,133,133,151,0,32,32,60,60,60,78,78,92,53,53,150,150,170,189,189,209,226,226,255,29,98,98,198,217,217,247,247,343,343,360,378,388,406,423,423],"floor_reached":40,"playtime":1888,"items_purged":["Defend_B"],"score":488,"play_id":"60fce846-21da-45d5-b33a-f671fbe6cbfb","local_time":"20190719173911","is_ascension_mode":true,"campfire_choices":[{"floor":7,"key":"RECALL"},{"floor":10,"key":"REST"},{"data":"Sunder","floor":12,"key":"SMITH"},{"floor":15,"key":"REST"},{"data":"Genetic Algorithm","floor":23,"key":"SMITH"},{"floor":30,"key":"REST"},{"floor":32,"key":"REST"}],"neow_cost":"NONE","seed_source_timestamp":774967768358500,"circlet_count":0,"master_deck":["Strike_B","Strike_B","Strike_B","Defend_B+1","Defend_B","Zap","Dualcast","FTL","Gash","Hologram","Sunder+1","Hologram","Glacier+1","FTL","Biased Cognition","Redo","Static Discharge","Genetic Algorithm+1","Echo Form","Defragment+1","Redo","Echo Form","Electrodynamics","BootSequence","Tempest+1","Loop","FTL","Meteor Strike","All For One","Ball Lightning","Lockon","Parasite"],"relics":["Cracked Core","War Paint","Sundial","Eternal Feather","MawBank","Cables","Bottled Tornado","Dodecahedron","Busted Crown"],"potions_floor_usage":[6,8,8,19,24,29,33,39],"damage_taken":[{"damage":6,"enemies":"2 Louse","floor":1,"turns":3},{"damage":1,"enemies":"Cultist","floor":2,"turns":3},{"damage":6,"enemies":"Jaw Worm","floor":4,"turns":2},{"damage":25,"enemies":"3 Sentries","floor":6,"turns":8},{"damage":18,"enemies":"Lagavulin","floor":8,"turns":4},{"damage":0,"enemies":"Blue Slaver","floor":11,"turns":3},{"damage":10,"enemies":"Gremlin Gang","floor":13,"turns":5},{"damage":38,"enemies":"Hexaghost","floor":16,"turns":7},{"damage":11,"enemies":"2 Thieves","floor":18,"turns":4},{"damage":24,"enemies":"3 Byrds","floor":19,"turns":6},{"damage":15,"enemies":"3 Cultists","floor":21,"turns":3},{"damage":12,"enemies":"Centurion and Healer","floor":22,"turns":5},{"damage":28,"enemies":"Book of Stabbing","floor":24,"turns":4},{"damage":18,"enemies":"Shelled Parasite and Fungi","floor":29,"turns":5},{"damage":0,"enemies":"Gremlin Leader","floor":31,"turns":4},{"damage":40,"enemies":"Champ","floor":33,"turns":8},{"damage":0,"enemies":"Orb Walker","floor":35,"turns":2},{"damage":0,"enemies":"3 Shapes","floor":36,"turns":2},{"damage":0,"enemies":"3 Darklings","floor":37,"turns":3},{"damage":25,"enemies":"4 Shapes","floor":38,"turns":3},{"damage":30,"enemies":"Writhing Mass","floor":39,"turns":4},{"damage":47,"enemies":"Giant Head","floor":40,"turns":8}],"seed_played":"5734171736204502619","potions_obtained":[{"floor":2,"key":"AttackPotion"},{"floor":4,"key":"SkillPotion"},{"floor":6,"key":"FocusPotion"},{"floor":18,"key":"SkillPotion"},{"floor":21,"key":"Ancient Potion"},{"floor":24,"key":"EssenceOfSteel"},{"floor":31,"key":"Strength Potion"},{"floor":35,"key":"Dexterity Potion"}],"is_trial":false,"path_per_floor":["M","M","?","M","$","E","R","E","T","R","M","R","M","$","R","B",null,"M","M","?","M","M","R","E","$","T","?","?","M","R","E","R","B",null,"M","M","M","M","M","E"],"character_chosen":"DEFECT","items_purchased":["Glacier","Genetic Algorithm","Cables"],"campfire_rested":4,"item_purchase_floors":[5,14,25],"current_hp_per_floor":[76,75,75,69,69,44,44,26,26,50,50,50,40,40,64,26,82,71,47,47,32,20,35,7,7,7,34,34,16,55,55,82,42,82,82,82,82,57,27,0],"gold":423,"neow_bonus":"TEN_PERCENT_HP_BONUS","is_prod":false,"is_daily":false,"chose_seed":false,"campfire_upgraded":2,"win_rate":0,"timestamp":1563575951,"path_taken":["M","M","?","M","$","E","R","E","T","R","M","R","M","?","R","BOSS","M","M","?","M","M","R","E","$","T","?","?","M","R","E","R","BOSS","M","M","?","?","M","E"],"build_version":"2019-07-17","purchased_purges":1,"victory":false,"max_hp_per_floor":[82,82,82,82,82,82,82,82,82,82,82,82,82,82,82,82,82,82,82,82,82,82,82,82,82,82,82,82,82,82,82,82,82,82,82,82,82,82,82,82],"card_choices":[{"not_picked":["Go for the Eyes","Redo"],"picked":"FTL","floor":1},{"not_picked":["Steam Power","Compile Driver"],"picked":"Gash","floor":2},{"not_picked":["Chaos","Stack"],"picked":"Hologram","floor":4},{"not_picked":["Steam","Steam Power"],"picked":"FTL","floor":6},{"not_picked":["Gash","Amplify"],"picked":"Biased Cognition","floor":8},{"not_picked":["Hologram","Sweeping Beam"],"picked":"Redo","floor":11},{"not_picked":["Hello World","Genetic Algorithm"],"picked":"Static Discharge","floor":13},{"not_picked":["Core Surge","Fission"],"picked":"Echo Form","floor":16},{"not_picked":["Rip and Tear","Steam Power"],"picked":"Defragment+1","floor":18},{"not_picked":["Barrage","Steam"],"picked":"Redo","floor":19},{"not_picked":["Steam","Skim"],"picked":"BootSequence","floor":21},{"not_picked":["Rebound","Ball Lightning"],"picked":"Tempest+1","floor":22},{"not_picked":["Undo+1","Go for the Eyes"],"picked":"Loop","floor":24},{"not_picked":["Beam Cell","Redo"],"picked":"FTL","floor":29},{"not_picked":["Aggregate","Barrage"],"picked":"Meteor Strike","floor":31},{"not_picked":["Core Surge","Creative AI"],"picked":"All For One","floor":33},{"not_picked":["Leap"],"picked":"SKIP","floor":35},{"not_picked":[],"picked":"Ball Lightning","floor":36},{"not_picked":["Ball Lightning"],"picked":"SKIP","floor":37},{"not_picked":[],"picked":"Lockon","floor":38},{"not_picked":["Sweeping Beam"],"picked":"SKIP","floor":39}],"player_experience":97254,"relics_obtained":[{"floor":6,"key":"War Paint"},{"floor":8,"key":"Sundial"},{"floor":24,"key":"MawBank"},{"floor":26,"key":"Bottled Tornado"},{"floor":31,"key":"Dodecahedron"}],"event_choices":[{"damage_healed":0,"gold_gain":0,"player_choice":"2 cards matched","damage_taken":0,"max_hp_gain":0,"max_hp_loss":0,"event_name":"Match and Keep!","floor":3,"gold_loss":0,"cards_obtained":["Hologram","Sunder"]},{"damage_healed":0,"gold_gain":0,"cards_transformed":["Strike_B","Defend_B"],"player_choice":"Became Test Subject","damage_taken":0,"max_hp_gain":0,"max_hp_loss":0,"event_name":"Drug Dealer","floor":20,"gold_loss":0,"cards_obtained":["Echo Form","Electrodynamics"]},{"damage_healed":27,"gold_gain":0,"player_choice":"Heal","damage_taken":0,"max_hp_gain":0,"max_hp_loss":0,"event_name":"The Library","floor":27,"gold_loss":0},{"damage_healed":0,"gold_gain":100,"player_choice":"Pray","damage_taken":0,"max_hp_gain":0,"max_hp_loss":0,"event_name":"Golden Shrine","floor":28,"gold_loss":0}],"is_beta":false,"boss_relics":[{"not_picked":["Velvet Choker","Ectoplasm"],"picked":"Eternal Feather"},{"not_picked":["Lizard Tail","Tiny House"],"picked":"Busted Crown"}],"items_purged_floors":[5],"is_endless":false,"potions_floor_spawned":[2,4,6,18,21,24,31,35],"killed_by":"Giant Head","ascension_level":1}