{"gold_per_floor":[115,129,39,39,39,59,59,59,113,113,113,129,54,70,70,70],"floor_reached":16,"playtime":664,"items_purged":["Strike_R"],"score":180,"play_id":"0877151b-0e2a-4389-9857-5422833376cf","local_time":"20190330010953","is_ascension_mode":true,"campfire_choices":[{"data":"Burning Pact","floor":7.0,"key":"SMITH"},{"data":"Blood for Blood","floor":10.0,"key":"SMITH"},{"data":"Dropkick","floor":15,"key":"SMITH"}],"neow_cost":"TEN_PERCENT_HP_LOSS","seed_source_timestamp":1386973306608800,"circlet_count":0,"master_deck":["AscendersBane","Strike_R","Defend_R","Defend_R+1","Defend_R","Defend_R","Bash","Burning Pact+1","Shockwave","Blood for Blood+1","Uppercut+1","Dropkick+1"],"special_seed":0,"relics":["Burning Blood","Strawberry"],"potions_floor_usage":[16],"damage_taken":[{"damage":16.0,"enemies":"Jaw Worm","floor":1.0,"turns":6.0},{"damage":4.0,"enemies":"Small Slimes","floor":2.0,"turns":4.0},{"damage":10.0,"enemies":"2 Louse","floor":6.0,"turns":3.0},{"damage":3,"enemies":"Looter","floor":12,"turns":4},{"damage":8,"enemies":"3 Louse","floor":14,"turns":5},{"damage":53,"enemies":"Slime Boss","floor":16,"turns":7}],"seed_played":"6729057347032559695","potions_obtained":[{"floor":1.0,"key":"Dexterity Potion"},{"floor":14,"key":"GamblersBrew"}],"is_trial":false,"path_per_floor":["M","M","$","?","?","M","R","$","T","R","?","M","$","M","R","B"],"character_chosen":"IRONCLAD","items_purchased":["Dropkick"],"campfire_rested":0,"item_purchase_floors":[3],"current_hp_per_floor":[58,60,60,60,40,36,36,36,43,43,43,46,46,44,44,0],"gold":70,"neow_bonus":"TRANSFORM_TWO_CARDS","is_prod":false,"is_daily":false,"chose_seed":false,"campfire_upgraded":3,"win_rate":0,"timestamp":1553875793,"path_taken":["M","M","$","?","?","M","R","?","T","R","?","M","$","M","R","BOSS"],"build_version":"2019-01-23","purchased_purges":1,"victory":false,"max_hp_per_floor":[68,68,68,68,68,68,68,68,75,75,75,75,75,75,75,75],"card_choices":[{"not_picked":["Infernal Blade","Sword Boomerang"],"picked":"Blood for Blood","floor":1.0},{"not_picked":["Sword Boomerang","Perfected Strike"],"picked":"Uppercut","floor":2.0},{"not_picked":["Pommel Strike","Rampage","Perfected Strike"],"picked":"SKIP","floor":6.0},{"not_picked":["Shrug It Off","Headbutt","Thunderclap"],"picked":"SKIP","floor":12},{"not_picked":["Wild Strike","Anger","Warcry"],"picked":"SKIP","floor":14}],"player_experience":4663559,"relics_obtained":[{"floor":9.0,"key":"Strawberry"}],"event_choices":[{"cards_removed":["Strike_R"],"damage_healed":0.0,"max_hp_gain":0.0,"max_hp_loss":0.0,"gold_gain":0.0,"event_name":"Living Wall","player_choice":"Forget","floor":4.0,"gold_loss":0.0,"damage_taken":0.0},{"damage_healed":0.0,"max_hp_gain":0.0,"max_hp_loss":0.0,"gold_gain":0.0,"event_name":"Shining Light","player_choice":"Entered Light","floor":5.0,"gold_loss":0.0,"damage_taken":20.0,"cards_upgraded":["Defend_R","Uppercut"]},{"damage_healed":0.0,"max_hp_gain":0.0,"max_hp_loss":0.0,"gold_gain":0.0,"event_name":"Scrap Ooze","player_choice":"Fled","floor":11.0,"gold_loss":0.0,"damage_taken":0.0}],"is_beta":false,"boss_relics":[],"items_purged_floors":[13],"is_endless":false,"potions_floor_spawned":[1,14],"killed_by":"Slime Boss","ascension_level":20}