{"gold_per_floor":[111,128,144,156,31,31,56,56,107,132,32,49,49,49,49,123,123,141,160,160,160,35,35,35],"floor_reached":24,"playtime":779,"items_purged":["Strike_B","Strike_B","Pain"],"score":533,"play_id":"739cc352-3a2d-4057-a1e1-c599aeced24b","local_time":"20190714030012","is_ascension_mode":true,"campfire_choices":[{"data":"Beam Cell","floor":6,"key":"SMITH"},{"data":"Go for the Eyes","floor":8,"key":"SMITH"},{"data":"Dualcast","floor":13,"key":"SMITH"},{"data":"White Noise","floor":15,"key":"SMITH"},{"data":"Zap","floor":23,"key":"SMITH"}],"neow_cost":"NONE","seed_source_timestamp":292028787618200,"circlet_count":0,"master_deck":["AscendersBane","Strike_B","Strike_B","Defend_B","Defend_B","Defend_B","Defend_B","Zap+1","Dualcast+1","Doom and Gloom","Lockon","Beam Cell+1","Go for the Eyes+1","Melter","White Noise+1","BootSequence","Echo Form","Regret","Doubt","Rebound"],"special_seed":0,"relics":["Cracked Core","Darkstone Periapt","Bronze Scales","Calling Bell","Vajra","Gremlin Horn","Unceasing Top"],"potions_floor_usage":[7,18],"damage_taken":[{"damage":2.0,"enemies":"Cultist","floor":1.0,"turns":4.0},{"damage":0,"enemies":"2 Louse","floor":2,"turns":1},{"damage":5,"enemies":"Small Slimes","floor":3,"turns":3},{"damage":7,"enemies":"Looter","floor":4,"turns":3},{"damage":12,"enemies":"Lagavulin","floor":7,"turns":4},{"damage":32,"enemies":"3 Sentries","floor":10,"turns":8},{"damage":5,"enemies":"2 Fungi Beasts","floor":12,"turns":3},{"damage":0,"enemies":"Slime Boss","floor":16,"turns":7},{"damage":6,"enemies":"Shell Parasite","floor":18,"turns":2},{"damage":24,"enemies":"Spheric Guardian","floor":19,"turns":4},{"damage":56,"enemies":"Book of Stabbing","floor":24,"turns":5}],"seed_played":"5577485177507230239","potions_obtained":[{"floor":4,"key":"SkillPotion"},{"floor":7,"key":"LiquidBronze"},{"floor":10,"key":"Energy Potion"},{"floor":12,"key":"Explosive Potion"}],"is_trial":false,"path_per_floor":["M","M","M","M","$","R","E","R","T","E","$","M","R","?","R","B",null,"M","M","?","?","$","R","E"],"character_chosen":"DEFECT","items_purchased":["Go for the Eyes"],"campfire_rested":0,"item_purchase_floors":[5],"current_hp_per_floor":[69,69,64,57,57,57,45,45,45,13,13,8,8,34,34,34,85,79,55,55,55,55,55,0],"gold":35,"neow_bonus":"TEN_PERCENT_HP_BONUS","is_prod":false,"is_daily":false,"chose_seed":false,"campfire_upgraded":5,"win_rate":0,"timestamp":1563040812,"path_taken":["M","M","M","?","?","R","E","R","T","E","$","M","R","?","R","BOSS","M","M","?","?","$","R","E"],"build_version":"2019-07-05","purchased_purges":3,"victory":false,"max_hp_per_floor":[78,78,78,78,78,78,78,78,78,78,78,78,78,78,78,78,96,96,96,96,96,96,96,96],"card_choices":[{"not_picked":["Rebound","Turbo"],"picked":"Doom and Gloom","floor":1.0},{"not_picked":["Steam","Heatsinks","Blizzard"],"picked":"SKIP","floor":2},{"not_picked":["Hologram","Storm"],"picked":"Lockon","floor":3},{"not_picked":["Steam Power","Chaos"],"picked":"Beam Cell","floor":4},{"not_picked":["White Noise","Scrape"],"picked":"Melter","floor":7},{"not_picked":["Steam","Amplify"],"picked":"White Noise","floor":10},{"not_picked":["Barrage","Loop"],"picked":"BootSequence","floor":12},{"not_picked":["Amplify","Creative AI"],"picked":"Echo Form","floor":16},{"not_picked":["Force Field","Coolheaded"],"picked":"Rebound","floor":18},{"not_picked":["Reprogram","Stack+1","Go for the Eyes+1"],"picked":"SKIP","floor":19}],"player_experience":5681123,"relics_obtained":[{"floor":7,"key":"Darkstone Periapt"},{"floor":10,"key":"Bronze Scales"},{"floor":17,"key":"Vajra"},{"floor":17,"key":"Gremlin Horn"},{"floor":17,"key":"Unceasing Top"}],"event_choices":[{"damage_healed":26,"gold_gain":0,"player_choice":"Banana","damage_taken":0,"max_hp_gain":0,"max_hp_loss":0,"event_name":"Big Fish","floor":14,"gold_loss":0},{"damage_healed":0,"gold_gain":0,"player_choice":"Ignored","damage_taken":0,"max_hp_gain":0,"max_hp_loss":0,"event_name":"Vampires","floor":20,"gold_loss":0},{"damage_healed":0,"gold_gain":0,"player_choice":"Ignored","damage_taken":0,"max_hp_gain":0,"max_hp_loss":0,"event_name":"Ghosts","floor":21,"gold_loss":0}],"is_beta":false,"boss_relics":[{"not_picked":["Ectoplasm","Lizard Tail"],"picked":"Calling Bell"}],"items_purged_floors":[5,11,22],"is_endless":false,"potions_floor_spawned":[4,7,10,12],"killed_by":"Book of Stabbing","ascension_level":20}