{"gold_per_floor":[113,188,188,204,215,215,233,248,271,271,271,271,5,5],"floor_reached":14,"playtime":330,"items_purged":[],"score":160,"play_id":"c44bf224-9b89-4c8d-8fac-1c7749bba362","local_time":"20190409022141","is_ascension_mode":true,"campfire_choices":[{"data":"Setup","floor":6,"key":"SMITH"},{"data":"Prepared","floor":10,"key":"SMITH"},{"data":"Acrobatics","floor":12,"key":"SMITH"}],"neow_cost":"","seed_source_timestamp":546760348855400,"circlet_count":0,"master_deck":["Neutralize","Survivor","Defend_G","Defend_G","Defend_G","Defend_G","Defend_G","Strike_G","Strike_G","Strike_G","Strike_G","Strike_G","All For One","Setup+1","Acrobatics+1","PiercingWail","Escape Plan","Prepared+1"],"special_seed":0,"relics":["Ring of the Snake","Dream Catcher","Vajra","Kunai"],"potions_floor_usage":[8],"damage_taken":[{"damage":1.0,"enemies":"Jaw Worm","floor":1.0,"turns":4.0},{"damage":0,"enemies":"2 Louse","floor":4,"turns":2},{"damage":4,"enemies":"Small Slimes","floor":5,"turns":3},{"damage":9,"enemies":"2 Fungi Beasts","floor":7,"turns":6},{"damage":0,"enemies":"Large Slime","floor":8,"turns":5},{"damage":5,"enemies":"Exordium Thugs","floor":14,"turns":6}],"seed_played":"2649368433554975592","potions_obtained":[{"floor":1.0,"key":"SteroidPotion"},{"floor":7,"key":"Explosive Potion"}],"is_trial":true,"path_per_floor":["M","?","?","M","M","R","M","M","T","R","?","R","$","M"],"character_chosen":"THE_SILENT","items_purchased":["Kunai"],"campfire_rested":0,"item_purchase_floors":[13],"current_hp_per_floor":[58,47,29,29,25,25,16,16,16,16,16,16,16,11],"gold":5,"neow_bonus":"","is_prod":false,"is_daily":false,"chose_seed":false,"campfire_upgraded":3,"win_rate":0,"timestamp":1554744101,"path_taken":["M","?","?","M","M","R","M","M","T","R","?","R","$","M"],"build_version":"2019-01-23","purchased_purges":0,"victory":false,"max_hp_per_floor":[66,66,66,66,66,66,66,66,66,66,66,66,66,66],"card_choices":[{"not_picked":["Cloak And Dagger","Poisoned Stab"],"picked":"Setup","floor":1.0},{"not_picked":["Accuracy","Dodge and Roll"],"picked":"Acrobatics","floor":4},{"not_picked":["Blade Dance","Flying Knee"],"picked":"PiercingWail","floor":5},{"not_picked":["Terror","Dodge and Roll"],"picked":"Escape Plan","floor":7},{"not_picked":["Poisoned Stab","Terror"],"picked":"Prepared","floor":8}],"player_experience":4734121,"relics_obtained":[{"floor":9,"key":"Vajra"}],"event_choices":[{"damage_healed":0.0,"max_hp_gain":0.0,"max_hp_loss":0.0,"gold_gain":75.0,"event_name":"World of Goop","player_choice":"Gather Gold","floor":2.0,"gold_loss":0.0,"damage_taken":11.0},{"damage_healed":0,"gold_gain":0,"player_choice":"Success","damage_taken":18,"relics_obtained":["Dream Catcher"],"max_hp_gain":0,"max_hp_loss":0,"event_name":"Scrap Ooze","floor":3,"gold_loss":0},{"damage_healed":0,"gold_gain":0,"player_choice":"Searched \u00270\u0027 times","damage_taken":0,"max_hp_gain":0,"max_hp_loss":0,"event_name":"Dead Adventurer","floor":11,"gold_loss":0}],"is_beta":false,"boss_relics":[],"items_purged_floors":[],"is_endless":false,"potions_floor_spawned":[1,7],"killed_by":"Exordium Thugs","ascension_level":20}