{"gold_per_floor":[118,118,137,155,169,169,204,204,204,232,246,8,40,52,52,129,129,140,157,169,188,188,223,223,258,258,258,358,375,375,410,410,484,484,504,518,532,80,80,80,111,111,111,138,138,151,176,204,204,204,204,204,204,32,67,67],"floor_reached":57,"playtime":3099,"items_purged":["Strike_G","Blade Dance"],"score":3025,"play_id":"58b672cc-9daf-470f-b124-e41c5596b569","local_time":"20190609024015","is_ascension_mode":true,"campfire_choices":[{"data":"Crippling Poison","floor":6,"key":"SMITH"},{"data":"Noxious Fumes","floor":8,"key":"SMITH"},{"data":"Catalyst","floor":15,"key":"SMITH"},{"data":"Eviscerate","floor":24,"key":"PURGE"},{"floor":27,"key":"REST"},{"data":"Well Laid Plans","floor":30,"key":"SMITH"},{"data":"Wraith Form v2","floor":32,"key":"SMITH"},{"floor":40,"key":"RECALL"},{"data":"Blade Dance","floor":42,"key":"PURGE"},{"data":"Masterful Stab","floor":45,"key":"PURGE"},{"floor":49,"key":"REST"},{"data":"Sucker Punch","floor":53,"key":"PURGE"}],"neow_cost":"NONE","seed_source_timestamp":1138772347275700,"circlet_count":0,"master_deck":["AscendersBane","Survivor+1","After Image","Blade Dance+1","Noxious Fumes+1","Cloak And Dagger","Crippling Poison+1","Bouncing Flask","Deflect","Cloak And Dagger","Catalyst+1","Adrenaline","Wraith Form v2+1","Adrenaline","Terror","Leg Sweep","Escape Plan","Well Laid Plans+1","PiercingWail","PiercingWail","Malaise","PiercingWail","Acrobatics+1","Catalyst+1","Prepared+1","Deadly Poison+1","Outmaneuver+1","Backflip+1"],"relics":["Ring of the Snake","Pear","Mercury Hourglass","Shuriken","War Paint","Peace Pipe","Pandora\u0027s Box","FossilizedHelix","Red Mask","Gambling Chip","WingedGreaves","Darkstone Periapt","Blue Candle","Fusion Hammer","Toxic Egg 2","Molten Egg 2","Boot","Ancient Tea Set","Bag of Marbles","Oddly Smooth Stone","StoneCalendar"],"potions_floor_usage":[7,7,13,18,23,56,56],"damage_taken":[{"damage":1,"enemies":"Small Slimes","floor":1,"turns":5},{"damage":0,"enemies":"Cultist","floor":3,"turns":4},{"damage":5,"enemies":"2 Louse","floor":4,"turns":4},{"damage":7,"enemies":"Large Slime","floor":5,"turns":6},{"damage":8,"enemies":"Gremlin Nob","floor":7,"turns":3},{"damage":12,"enemies":"Lagavulin","floor":10,"turns":7},{"damage":2,"enemies":"Exordium Thugs","floor":11,"turns":4},{"damage":17,"enemies":"Gremlin Nob","floor":13,"turns":4},{"damage":1,"enemies":"3 Louse","floor":14,"turns":2},{"damage":2,"enemies":"Hexaghost","floor":16,"turns":8},{"damage":2,"enemies":"2 Thieves","floor":18,"turns":3},{"damage":0,"enemies":"Shell Parasite","floor":19,"turns":5},{"damage":0,"enemies":"3 Cultists","floor":20,"turns":4},{"damage":3,"enemies":"Snake Plant","floor":21,"turns":4},{"damage":21,"enemies":"Slavers","floor":23,"turns":5},{"damage":7,"enemies":"Masked Bandits","floor":25,"turns":4},{"damage":0,"enemies":"Colosseum Slavers","floor":28,"turns":4},{"damage":0,"enemies":"Colosseum Nobs","floor":28,"turns":4},{"damage":0,"enemies":"Snecko","floor":29,"turns":3},{"damage":0,"enemies":"Gremlin Leader","floor":31,"turns":5},{"damage":25,"enemies":"Champ","floor":33,"turns":8},{"damage":4,"enemies":"3 Shapes","floor":35,"turns":5},{"damage":0,"enemies":"Orb Walker","floor":36,"turns":2},{"damage":0,"enemies":"Spire Growth","floor":37,"turns":4},{"damage":0,"enemies":"Giant Head","floor":41,"turns":6},{"damage":2,"enemies":"Nemesis","floor":44,"turns":5},{"damage":0,"enemies":"Jaw Worm Horde","floor":46,"turns":4},{"damage":7,"enemies":"Reptomancer","floor":48,"turns":4},{"damage":0,"enemies":"Donu and Deca","floor":50,"turns":10},{"damage":7,"enemies":"Awakened One","floor":51,"turns":13},{"damage":0,"enemies":"Shield and Spear","floor":55,"turns":7},{"damage":53,"enemies":"The Heart","floor":56,"turns":7}],"seed_played":"8980582345348282687","potions_obtained":[{"floor":1,"key":"SteroidPotion"},{"floor":4,"key":"Fire Potion"},{"floor":11,"key":"Strength Potion"},{"floor":13,"key":"AttackPotion"},{"floor":18,"key":"Strength Potion"},{"floor":19,"key":"Dexterity Potion"},{"floor":31,"key":"Dexterity Potion"}],"is_trial":false,"path_per_floor":["M","?","M","M","M","R","E","R","T","E","M","$","E","M","R","B",null,"M","M","M","M","?","E","R","?","T","R","?","M","R","E","R","B",null,"M","M","M","$","?","R","E","R","T","E","R","M","T","E","R","B","B",null,"R","$","E","B",null],"character_chosen":"THE_SILENT","items_purchased":["War Paint","Toxic Egg 2","Catalyst+1","Oddly Smooth Stone"],"campfire_rested":2,"item_purchase_floors":[12,38,38,54],"current_hp_per_floor":[58,58,58,53,46,46,48,48,48,36,34,34,17,16,16,14,61,59,59,59,56,56,35,35,28,28,50,50,50,50,50,50,25,63,59,59,59,59,59,59,59,59,59,57,57,57,57,50,72,72,65,73,73,73,73,20],"gold":67,"neow_bonus":"ONE_RANDOM_RARE_CARD","is_prod":false,"is_daily":false,"chose_seed":false,"campfire_upgraded":5,"win_rate":0,"timestamp":1560015615,"path_taken":["M","?","M","M","?","R","E","R","T","E","M","$","E","M","R","BOSS","M","?","M","M","?","E","R","?","T","R","?","M","R","E","R","BOSS","M","M","M","$","?","R","E","R","T","E","R","M","?","E","R","BOSS","BOSS","R","$","E","BOSS"],"build_version":"2019-01-23","purchased_purges":2,"victory":true,"max_hp_per_floor":[66,66,66,66,66,66,76,76,76,76,76,76,76,76,76,76,76,76,76,76,76,76,76,76,76,76,76,76,76,76,76,76,76,76,76,76,76,76,76,76,76,76,76,76,76,76,76,76,76,76,76,76,76,76,76,76],"card_choices":[{"not_picked":["Endless Agony","Deadly Poison"],"picked":"Blade Dance","floor":1},{"not_picked":["Blade Dance","Bane"],"picked":"Noxious Fumes","floor":3},{"not_picked":["Dagger Throw","Flechettes"],"picked":"Cloak And Dagger","floor":4},{"not_picked":["Cloak And Dagger","Deadly Poison"],"picked":"Crippling Poison","floor":5},{"not_picked":["Choke","Flying Knee"],"picked":"Bouncing Flask","floor":7},{"not_picked":["Blade Dance","Backflip"],"picked":"Deflect","floor":10},{"not_picked":["Dagger Throw","Quick Slash"],"picked":"Cloak And Dagger","floor":11},{"not_picked":["Setup","Corpse Explosion"],"picked":"Catalyst","floor":13},{"not_picked":["Quick Slash","Underhanded Strike","Flying Knee"],"picked":"SKIP","floor":14},{"not_picked":["Unload","Grand Finale"],"picked":"Adrenaline","floor":16},{"not_picked":["PiercingWail","Noxious Fumes"],"picked":"Escape Plan","floor":18},{"not_picked":["Deadly Poison","Noxious Fumes"],"picked":"Well Laid Plans","floor":19},{"not_picked":["Sucker Punch","Noxious Fumes"],"picked":"PiercingWail","floor":20},{"not_picked":["Riddle With Holes","Blade Dance","Bane"],"picked":"SKIP","floor":21},{"not_picked":["Deflect","Heel Hook"],"picked":"PiercingWail","floor":23},{"not_picked":["Heel Hook","Deflect+1","Die Die Die"],"picked":"SKIP","floor":29},{"not_picked":["Bane","Die Die Die","Predator"],"picked":"SKIP","floor":31},{"not_picked":["Doppelganger","Adrenaline"],"picked":"Malaise","floor":33},{"not_picked":["Infinite Blades+1","Heel Hook","Sucker Punch"],"picked":"SKIP","floor":35},{"not_picked":["Dagger Spray","Skewer+1"],"picked":"PiercingWail","floor":36},{"not_picked":["Dagger Spray","Blade Dance"],"picked":"Acrobatics+1","floor":37},{"not_picked":["Flechettes","Masterful Stab+1","Dodge and Roll+1"],"picked":"SKIP","floor":41},{"not_picked":["Predator+1","Sucker Punch+1"],"picked":"Prepared+1","floor":44},{"not_picked":["PiercingWail+1","Prepared+1"],"picked":"Deadly Poison+1","floor":46},{"not_picked":["Cloak And Dagger+1","Die Die Die+1"],"picked":"Outmaneuver+1","floor":48},{"not_picked":["Poisoned Stab+1","Deflect+1"],"picked":"Backflip+1","floor":55}],"player_experience":5303532,"relics_obtained":[{"floor":7,"key":"Pear"},{"floor":9,"key":"Mercury Hourglass"},{"floor":10,"key":"Shuriken"},{"floor":13,"key":"Peace Pipe"},{"floor":23,"key":"FossilizedHelix"},{"floor":25,"key":"Red Mask"},{"floor":26,"key":"Gambling Chip"},{"floor":28,"key":"WingedGreaves"},{"floor":28,"key":"Darkstone Periapt"},{"floor":31,"key":"Blue Candle"},{"floor":41,"key":"Molten Egg 2"},{"floor":44,"key":"Boot"},{"floor":47,"key":"Ancient Tea Set"},{"floor":48,"key":"Bag of Marbles"},{"floor":55,"key":"StoneCalendar"}],"event_choices":[{"damage_healed":0,"gold_gain":0,"player_choice":"Forge","damage_taken":0,"max_hp_gain":0,"max_hp_loss":0,"event_name":"Accursed Blacksmith","floor":2,"gold_loss":0,"cards_upgraded":["Blade Dance"]},{"damage_healed":0,"gold_gain":0,"player_choice":"Ignored","damage_taken":0,"max_hp_gain":0,"max_hp_loss":0,"event_name":"Ghosts","floor":22,"gold_loss":0},{"damage_healed":0,"gold_gain":0,"player_choice":"Fought Bandits","damage_taken":0,"max_hp_gain":0,"max_hp_loss":0,"event_name":"Masked Bandits","floor":25,"gold_loss":0},{"damage_healed":0,"gold_gain":0,"player_choice":"Fight","damage_taken":0,"max_hp_gain":0,"max_hp_loss":0,"event_name":"Colosseum","floor":28,"gold_loss":0},{"damage_healed":0,"gold_gain":0,"player_choice":"Fought Nobs","damage_taken":0,"max_hp_gain":0,"max_hp_loss":0,"event_name":"Colosseum","floor":28,"gold_loss":0},{"cards_removed":["Neutralize"],"damage_healed":0,"gold_gain":0,"player_choice":"Removed Attack","damage_taken":0,"max_hp_gain":0,"max_hp_loss":0,"event_name":"Falling","floor":39,"gold_loss":0}],"is_beta":false,"boss_relics":[{"not_picked":["Lizard Tail","Ring of the Serpent"],"picked":"Pandora\u0027s Box"},{"not_picked":["Runic Dome","Philosopher\u0027s Stone"],"picked":"Fusion Hammer"}],"items_purged_floors":[12,38],"is_endless":false,"potions_floor_spawned":[1,4,11,13,18,19,28,31,37,41,46],"ascension_level":20}