{"gold_per_floor":[119,129,129,139,214,214,245,265,319,339,339,367,367,396,396,467,467,478,154,154,171,71,102,102,133,133,133,167,180,105,105,105,178,178,189,17,17,35,53,85,95,121,146,180,79,97,97,197,197,197,197,197,197,37,71,71],"floor_reached":57,"playtime":2490,"items_purged":["Strike_R","Strike_R","Strike_R+1"],"score":2982,"play_id":"8cb4e2f5-df0b-4269-ad30-f49f0b0ab6b4","local_time":"20190729023035","is_ascension_mode":true,"campfire_choices":[{"data":"Immolate","floor":6,"key":"SMITH"},{"floor":15,"key":"RECALL"},{"floor":24,"key":"REST"},{"floor":27,"key":"REST"},{"data":"Defend_R","floor":32,"key":"SMITH"},{"data":"Defend_R","floor":47,"key":"SMITH"},{"data":"Defend_R","floor":49,"key":"SMITH"},{"data":"Defend_R","floor":53,"key":"SMITH"}],"neow_cost":"","seed_source_timestamp":404523987329200,"circlet_count":0,"master_deck":["Immolate+1","Defend_R+1","Defend_R+1","Defend_R+1","Defend_R+1","Bash+1","Dual Wield+1","Battle Trance+1","Double Tap+1","Impervious+1","Rage+1","Burning Pact+1","Impervious+1","Disarm+1","Offering+1","True Grit+1","Reaper+1","Reaper+1","Havoc+1","Havoc+1","Seeing Red+1","Sever Soul+1"],"relics":["Burning Blood","Toxic Egg 2","Mercury Hourglass","PreservedInsect","Whetstone","Bag of Marbles","Philosopher\u0027s Stone","Lantern","Enchiridion","Juzu Bracelet","Frozen Egg 2","Molten Egg 2","Dead Branch","Mark of Pain","Red Skull","Vajra","Dream Catcher","Smiling Mask","Bird Faced Urn","Bronze Scales","Self Forming Clay"],"potions_floor_usage":[7,16,16,25,50,56],"damage_taken":[{"damage":0,"enemies":"Cultist","floor":1,"turns":2},{"damage":4,"enemies":"Small Slimes","floor":2,"turns":4},{"damage":0,"enemies":"2 Louse","floor":4,"turns":1},{"damage":30,"enemies":"Lagavulin","floor":7,"turns":6},{"damage":15,"enemies":"Large Slime","floor":8,"turns":5},{"damage":7,"enemies":"Looter","floor":10,"turns":3},{"damage":0,"enemies":"Gremlin Nob","floor":12,"turns":3},{"damage":10,"enemies":"Lagavulin","floor":14,"turns":5},{"damage":29,"enemies":"The Guardian","floor":16,"turns":6},{"damage":9,"enemies":"2 Thieves","floor":18,"turns":2},{"damage":0,"enemies":"Spheric Guardian","floor":21,"turns":3},{"damage":14,"enemies":"Gremlin Leader","floor":23,"turns":3},{"damage":12,"enemies":"Slavers","floor":25,"turns":2},{"damage":6,"enemies":"Book of Stabbing","floor":28,"turns":2},{"damage":0,"enemies":"Centurion and Healer","floor":29,"turns":6},{"damage":14,"enemies":"Automaton","floor":33,"turns":5},{"damage":6,"enemies":"Orb Walker","floor":35,"turns":4},{"damage":6,"enemies":"3 Shapes","floor":38,"turns":4},{"damage":18,"enemies":"Writhing Mass","floor":39,"turns":11},{"damage":14,"enemies":"Giant Head","floor":40,"turns":5},{"damage":13,"enemies":"Spire Growth","floor":41,"turns":2},{"damage":6,"enemies":"Reptomancer","floor":42,"turns":1},{"damage":52,"enemies":"Giant Head","floor":44,"turns":8},{"damage":0,"enemies":"Sphere and 2 Shapes","floor":46,"turns":3},{"damage":6,"enemies":"Mind Bloom Boss Battle","floor":48,"turns":5},{"damage":88,"enemies":"Awakened One","floor":50,"turns":15},{"damage":17,"enemies":"Donu and Deca","floor":51,"turns":4},{"damage":26,"enemies":"Shield and Spear","floor":55,"turns":4},{"damage":88,"enemies":"The Heart","floor":56,"turns":8}],"seed_played":"7590418276945487896","potions_obtained":[{"floor":1,"key":"SteroidPotion"},{"floor":8,"key":"AttackPotion"},{"floor":14,"key":"Strength Potion"},{"floor":16,"key":"Poison Potion"},{"floor":21,"key":"SteroidPotion"},{"floor":28,"key":"SpeedPotion"},{"floor":39,"key":"Strength Potion"}],"is_trial":true,"path_per_floor":["M","M","?","M","?","R","E","M","T","M","?","E","?","E","R","B",null,"M","$","?","M","$","E","R","E","T","R","E","M","?","?","R","B",null,"M","$","?","M","M","E","M","E","T","E","$","M","R","?","R","B","B",null,"R","$","E","B",null],"character_chosen":"IRONCLAD","items_purchased":["Lantern","Disarm+1","Red Skull","Havoc+1","Bronze Scales"],"campfire_rested":2,"item_purchase_floors":[19,19,36,45,54],"current_hp_per_floor":[74,75,75,75,64,64,40,31,31,30,30,36,41,37,37,14,64,61,61,40,46,46,38,62,56,56,80,80,80,80,80,80,72,78,78,78,78,78,73,80,73,80,80,72,72,78,78,80,80,22,71,78,78,78,79,80],"gold":71,"neow_bonus":"","is_prod":false,"is_daily":false,"chose_seed":false,"campfire_upgraded":5,"win_rate":0,"timestamp":1564335035,"path_taken":["M","M","?","M","?","R","E","M","T","M","?","E","?","E","R","BOSS","M","$","?","M","$","E","R","E","T","R","E","M","?","?","R","BOSS","M","$","?","M","M","E","M","E","T","E","?","M","R","?","R","BOSS","BOSS","R","$","E","BOSS"],"build_version":"2019-07-17","purchased_purges":3,"victory":true,"max_hp_per_floor":[75,75,75,75,75,75,75,75,75,75,75,75,80,80,80,80,80,80,80,80,80,80,80,80,80,80,80,80,80,80,80,80,80,80,80,80,80,80,80,80,80,80,80,80,80,80,80,80,80,80,80,80,80,80,80,80],"card_choices":[{"not_picked":["Wild Strike","Anger"],"picked":"Dual Wield+1","floor":1},{"not_picked":["True Grit+1","Shockwave+1"],"picked":"Battle Trance+1","floor":2},{"not_picked":["Feel No Pain","Cleave","Pommel Strike"],"picked":"SKIP","floor":4},{"not_picked":["True Grit+1","Bloodletting+1"],"picked":"Double Tap+1","floor":7},{"not_picked":["Iron Wave","Flex+1","Clothesline"],"picked":"SKIP","floor":8},{"not_picked":["Warcry+1","Armaments+1"],"picked":"Impervious+1","floor":10},{"not_picked":["Seeing Red+1","Fire Breathing"],"picked":"Rage+1","floor":12},{"not_picked":["Twin Strike","Combust"],"picked":"Burning Pact+1","floor":14},{"not_picked":["Juggernaut","Barricade"],"picked":"Impervious+1","floor":16},{"not_picked":["Anger","Havoc+1","Headbutt"],"picked":"SKIP","floor":18},{"not_picked":["Perfected Strike","Seeing Red+1"],"picked":"Offering+1","floor":21},{"not_picked":["Inflame","Sword Boomerang","Combust"],"picked":"SKIP","floor":23},{"not_picked":["Clash","Headbutt"],"picked":"True Grit+1","floor":25},{"not_picked":["Clash+1","Carnage+1"],"picked":"Reaper+1","floor":28},{"not_picked":["Blood for Blood+1","Clothesline+1","Wild Strike+1"],"picked":"SKIP","floor":29},{"not_picked":["Demon Form+1","Barricade+1"],"picked":"Reaper+1","floor":33},{"not_picked":["Perfected Strike+1","Armaments+1","Havoc+1"],"picked":"SKIP","floor":35},{"not_picked":["Metallicize+1","Anger+1","Wild Strike+1"],"picked":"SKIP","floor":38},{"not_picked":["Iron Wave+1","Metallicize+1","Armaments+1"],"picked":"SKIP","floor":39},{"not_picked":["Double Tap+1","Power Through+1"],"picked":"Havoc+1","floor":40},{"not_picked":["Sword Boomerang+1","Rage+1","Cleave+1"],"picked":"SKIP","floor":41},{"not_picked":["Immolate+1","Flex+1","Rupture+1"],"picked":"SKIP","floor":42},{"not_picked":["Perfected Strike+1","Infernal Blade+1","Metallicize+1"],"picked":"SKIP","floor":44},{"not_picked":["Heavy Blade+1","Rampage+1","Carnage+1"],"picked":"SKIP","floor":46},{"not_picked":["Spot Weakness+1","Flex+1"],"picked":"Seeing Red+1","floor":48},{"not_picked":["Clash+1","Evolve+1"],"picked":"Sever Soul+1","floor":55}],"player_experience":5839633,"relics_obtained":[{"floor":7,"key":"Mercury Hourglass"},{"floor":9,"key":"PreservedInsect"},{"floor":12,"key":"Whetstone"},{"floor":14,"key":"Bag of Marbles"},{"floor":20,"key":"Enchiridion"},{"floor":23,"key":"Juzu Bracelet"},{"floor":25,"key":"Frozen Egg 2"},{"floor":26,"key":"Molten Egg 2"},{"floor":28,"key":"Dead Branch"},{"floor":40,"key":"Vajra"},{"floor":42,"key":"Dream Catcher"},{"floor":44,"key":"Smiling Mask"},{"floor":48,"key":"Bird Faced Urn"},{"floor":55,"key":"Self Forming Clay"}],"event_choices":[{"cards_removed":["Strike_R"],"damage_healed":0,"gold_gain":0,"player_choice":"Forget","damage_taken":0,"max_hp_gain":0,"max_hp_loss":0,"event_name":"Living Wall","floor":3,"gold_loss":0},{"damage_healed":0,"gold_gain":75,"player_choice":"Gather Gold","damage_taken":11,"max_hp_gain":0,"max_hp_loss":0,"event_name":"World of Goop","floor":5,"gold_loss":0},{"damage_healed":0,"gold_gain":0,"player_choice":"Ignored","damage_taken":0,"max_hp_gain":0,"max_hp_loss":0,"event_name":"Liars Game","floor":11,"gold_loss":0},{"damage_healed":0,"gold_gain":0,"player_choice":"Donut","damage_taken":0,"max_hp_gain":5,"max_hp_loss":0,"event_name":"Big Fish","floor":13,"gold_loss":0},{"damage_healed":0,"gold_gain":0,"player_choice":"Obtained Book","damage_taken":21,"max_hp_gain":0,"max_hp_loss":0,"event_name":"Cursed Tome","floor":20,"gold_loss":0},{"cards_removed":["Strike_R"],"damage_healed":0,"gold_gain":0,"player_choice":"Gave Gold","damage_taken":0,"max_hp_gain":0,"max_hp_loss":0,"event_name":"Beggar","floor":30,"gold_loss":75},{"damage_healed":0,"gold_gain":0,"player_choice":"Ignored","damage_taken":0,"max_hp_gain":0,"max_hp_loss":0,"event_name":"Vampires","floor":31,"gold_loss":0},{"damage_healed":0,"gold_gain":0,"player_choice":"Got Potions","damage_taken":0,"max_hp_gain":0,"max_hp_loss":0,"event_name":"Lab","floor":37,"gold_loss":0},{"damage_healed":0,"gold_gain":0,"player_choice":"Fight","damage_taken":0,"max_hp_gain":0,"max_hp_loss":0,"event_name":"MindBloom","floor":48,"gold_loss":0}],"is_beta":false,"boss_relics":[{"not_picked":["Black Blood","Calling Bell"],"picked":"Philosopher\u0027s Stone"},{"not_picked":["Eternal Feather","Sozu"],"picked":"Mark of Pain"}],"items_purged_floors":[19,22,45],"is_endless":false,"potions_floor_spawned":[1,8,14,16,21,28,39,40,42,44,48],"ascension_level":20}