{"gold_per_floor":[110,35,55,70,70,70,70,81,81,95,0,0,0],"floor_reached":13,"playtime":343,"items_purged":["Pain"],"score":124,"play_id":"d92b7a37-952e-4948-b5f5-035d196e03f4","local_time":"20190711230141","is_ascension_mode":true,"campfire_choices":[{"data":"Armaments","floor":7,"key":"SMITH"},{"data":"True Grit","floor":12,"key":"SMITH"}],"neow_cost":"CURSE","seed_source_timestamp":1764542178322669,"circlet_count":0,"master_deck":["AscendersBane","Strike_R","Strike_R","Strike_R","Strike_R","Strike_R+1","Defend_R","Defend_R+1","Defend_R","Defend_R","Bash","Barricade","Iron Wave","Iron Wave","Armaments+1","Power Through","True Grit+1","Cleave"],"relics":["Burning Blood","Darkstone Periapt"],"potions_floor_usage":[13,13],"damage_taken":[{"damage":8,"enemies":"2 Louse","floor":1,"turns":4},{"damage":10,"enemies":"Small Slimes","floor":3,"turns":4},{"damage":13,"enemies":"Jaw Worm","floor":4,"turns":7},{"damage":11,"enemies":"3 Louse","floor":8,"turns":4},{"damage":3,"enemies":"Looter","floor":10,"turns":4},{"damage":62,"enemies":"Gremlin Nob","floor":13,"turns":6}],"seed_played":"4247785835768858115","potions_obtained":[{"floor":3,"key":"SpeedPotion"},{"floor":8,"key":"Ancient Potion"},{"floor":10,"key":"Regen Potion"}],"is_trial":false,"path_per_floor":["M","$","M","M","?","?","R","M","T","M","$","R","E"],"character_chosen":"IRONCLAD","items_purchased":["True Grit","Cleave"],"campfire_rested":0,"item_purchase_floors":[11,11],"current_hp_per_floor":[70,70,66,59,43,43,43,38,38,41,41,41,0],"gold":0,"neow_bonus":"THREE_RARE_CARDS","is_prod":false,"is_daily":false,"chose_seed":false,"campfire_upgraded":2,"win_rate":0,"timestamp":1562882501,"path_taken":["M","$","M","M","?","?","R","M","T","?","$","R","E"],"build_version":"2019-07-05","purchased_purges":1,"victory":false,"max_hp_per_floor":[80,80,80,80,80,80,80,80,80,80,80,80,80],"card_choices":[{"not_picked":["Immolate","Exhume"],"picked":"Barricade","floor":0},{"not_picked":["Searing Blow","Warcry"],"picked":"Iron Wave","floor":1},{"not_picked":["Fire Breathing","Heavy Blade"],"picked":"Iron Wave","floor":3},{"not_picked":["Iron Wave","Cleave"],"picked":"Armaments","floor":4},{"not_picked":["Sword Boomerang","Twin Strike","Headbutt"],"picked":"SKIP","floor":8},{"not_picked":["Barricade","Corruption"],"picked":"Power Through","floor":10}],"player_experience":364225,"relics_obtained":[{"floor":9,"key":"Darkstone Periapt"}],"event_choices":[{"damage_healed":0,"gold_gain":0,"player_choice":"Entered Light","damage_taken":16,"max_hp_gain":0,"max_hp_loss":0,"event_name":"Shining Light","floor":5,"gold_loss":0,"cards_upgraded":["Strike_R","Defend_R"]},{"damage_healed":0,"gold_gain":0,"player_choice":"Ignored","damage_taken":0,"max_hp_gain":0,"max_hp_loss":0,"event_name":"Liars Game","floor":6,"gold_loss":0}],"is_beta":false,"boss_relics":[],"items_purged_floors":[2],"is_endless":false,"potions_floor_spawned":[3,8,10],"killed_by":"Gremlin Nob","ascension_level":13}