{"gold_per_floor":[110,125,125,141,141,141,173,173,221,253,253,253,253,284,284,377,377,401,401,401,201,239,282,303,342,342,386,409,226,226,241,241,334,334,347,146,164,497,515,515,526,526,526,537,537,556,591,605,605,605,605,605,605,29,60,60],"floor_reached":57,"playtime":1456,"items_purged":["Normality","Writhe","Doubt","Injury"],"score":2741,"play_id":"fdac3111-d8b8-40ea-bb85-fc88ffe8c756","local_time":"20190614024211","is_ascension_mode":true,"campfire_choices":[{"floor":6,"key":"REST"},{"data":"Creative AI","floor":8,"key":"SMITH"},{"floor":11,"key":"REST"},{"floor":13,"key":"REST"},{"data":"Zap","floor":15,"key":"SMITH"},{"data":"Consume","floor":30,"key":"SMITH"},{"data":"Dualcast","floor":32,"key":"SMITH"},{"floor":40,"key":"RECALL"},{"data":"Double Energy","floor":42,"key":"SMITH"},{"data":"Skim","floor":49,"key":"SMITH"},{"data":"Chill","floor":53,"key":"SMITH"}],"neow_cost":"","seed_source_timestamp":1569302899290000,"circlet_count":0,"master_deck":["Creative AI+1","Zap+1","Dualcast+1","Self Repair+1","Cold Snap","Storm+1","Electrodynamics+1","Core Surge","Self Repair+1","Storm+1","Consume+1","Go for the Eyes+1","Meteor Strike+1","White Noise+1","Defragment+1","Electrodynamics+1","Echo Form+1","Compile Driver+1","Steam Power","Skim+1","Undo","Static Discharge+1","Chill+1","Defragment+1","BootSequence+1","Double Energy+1","All For One+1","Defragment+1","Fission","Force Field"],"relics":["Cracked Core","Frozen Egg 2","Mummified Hand","Bird Faced Urn","Bottled Tornado","Ancient Tea Set","Oddly Smooth Stone","Centennial Puzzle","Unceasing Top","Mango","Calling Bell","Art of War","Molten Egg 2","Calipers","Gremlin Horn","Red Mask","Lantern","Meat on the Bone","Bottled Lightning","Pandora\u0027s Box","Vajra","Orichalcum","Thread and Needle","Blue Candle"],"potions_floor_usage":[51,56],"damage_taken":[{"damage":11,"enemies":"Small Slimes","floor":1,"turns":4},{"damage":9,"enemies":"2 Louse","floor":2,"turns":4},{"damage":24,"enemies":"Jaw Worm","floor":4,"turns":6},{"damage":30,"enemies":"3 Sentries","floor":7,"turns":6},{"damage":46,"enemies":"Gremlin Nob","floor":10,"turns":6},{"damage":15,"enemies":"Lagavulin","floor":14,"turns":5},{"damage":24,"enemies":"Hexaghost","floor":16,"turns":6},{"damage":20,"enemies":"Spheric Guardian","floor":18,"turns":4},{"damage":30,"enemies":"Masked Bandits","floor":22,"turns":3},{"damage":21,"enemies":"Gremlin Leader","floor":23,"turns":3},{"damage":16,"enemies":"2 Thieves","floor":24,"turns":2},{"damage":19,"enemies":"Book of Stabbing","floor":25,"turns":3},{"damage":3,"enemies":"Gremlin Leader","floor":27,"turns":2},{"damage":0,"enemies":"3 Cultists","floor":28,"turns":3},{"damage":0,"enemies":"Centurion and Healer","floor":31,"turns":2},{"damage":16,"enemies":"Champ","floor":33,"turns":5},{"damage":16,"enemies":"3 Darklings","floor":35,"turns":2},{"damage":0,"enemies":"Orb Walker","floor":37,"turns":2},{"damage":11,"enemies":"4 Shapes","floor":39,"turns":3},{"damage":0,"enemies":"Maw","floor":41,"turns":2},{"damage":0,"enemies":"Writhing Mass","floor":44,"turns":2},{"damage":0,"enemies":"Transient","floor":46,"turns":6},{"damage":0,"enemies":"Reptomancer","floor":47,"turns":2},{"damage":0,"enemies":"Maw","floor":48,"turns":3},{"damage":10,"enemies":"Donu and Deca","floor":50,"turns":2},{"damage":60,"enemies":"Awakened One","floor":51,"turns":5},{"damage":29,"enemies":"Shield and Spear","floor":55,"turns":3},{"damage":100,"enemies":"The Heart","floor":56,"turns":5}],"seed_played":"-8990161337236309307","potions_obtained":[{"floor":4,"key":"FearPotion"},{"floor":7,"key":"Energy Potion"},{"floor":55,"key":"Energy Potion"}],"is_trial":true,"path_per_floor":["M","M","?","M","?","R","E","R","T","E","R","?","R","E","R","B",null,"M","?","?","$","?","E","M","E","T","E","M","$","R","M","R","B",null,"M","$","M","?","M","R","M","R","T","M","?","M","E","M","R","B","B",null,"R","$","E","B",null],"character_chosen":"DEFECT","items_purchased":["Storm+1","Consume","Defragment+1","Defragment+1","Fission","Thread and Needle"],"campfire_rested":3,"item_purchase_floors":[21,21,29,36,54,54],"current_hp_per_floor":[65,64,38,38,31,52,46,46,46,26,47,23,44,67,67,71,82,79,79,79,79,81,85,85,84,84,85,85,85,85,85,85,85,85,75,75,85,85,85,85,85,85,85,85,85,85,85,85,85,85,73,82,82,82,84,51],"gold":60,"neow_bonus":"","is_prod":false,"is_daily":false,"chose_seed":false,"campfire_upgraded":7,"win_rate":0,"timestamp":1560447731,"path_taken":["M","M","?","M","?","R","E","R","T","E","R","?","R","E","R","BOSS","M","?","?","$","?","E","?","E","T","E","M","$","R","M","R","BOSS","M","$","M","?","M","R","M","R","T","M","?","?","E","M","R","BOSS","BOSS","R","$","E","BOSS"],"build_version":"2019-01-23","purchased_purges":4,"victory":true,"max_hp_per_floor":[71,71,71,71,71,71,71,71,71,71,71,71,71,85,85,85,85,85,85,85,85,85,85,85,85,85,85,85,85,85,85,85,85,85,85,85,85,85,85,85,85,85,85,85,85,85,85,85,85,85,85,85,85,85,85,85],"card_choices":[{"not_picked":["Redo","Coolheaded","Beam Cell"],"picked":"SKIP","floor":1},{"not_picked":["Steam","Conserve Battery"],"picked":"Self Repair+1","floor":2},{"not_picked":["Steam","Gash","Melter"],"picked":"SKIP","floor":4},{"not_picked":["Barrage","Gash"],"picked":"Cold Snap","floor":7},{"not_picked":["Rebound","Buffer+1"],"picked":"Storm+1","floor":10},{"not_picked":["Chill","Melter"],"picked":"Electrodynamics+1","floor":14},{"not_picked":["Meteor Strike","Thunder Strike"],"picked":"Core Surge","floor":16},{"not_picked":["Compile Driver+1","Gash+1"],"picked":"Self Repair+1","floor":18},{"not_picked":["Coolheaded","Doom and Gloom+1"],"picked":"Go for the Eyes+1","floor":22},{"not_picked":["Turbo","Coolheaded"],"picked":"Meteor Strike+1","floor":23},{"not_picked":["Fusion","Tempest"],"picked":"White Noise+1","floor":24},{"not_picked":["Gash+1","Sunder+1","Compile Driver+1"],"picked":"SKIP","floor":25},{"not_picked":["Melter+1","Reinforced Body","Ball Lightning+1"],"picked":"SKIP","floor":27},{"not_picked":["Compile Driver+1","Gash+1","Rebound+1"],"picked":"SKIP","floor":28},{"not_picked":["Compile Driver+1","Gash+1","Rebound+1"],"picked":"SKIP","floor":28},{"not_picked":["Capacitor+1","Barrage+1"],"picked":"Electrodynamics+1","floor":31},{"not_picked":["Rainbow","Meteor Strike+1"],"picked":"Echo Form+1","floor":33},{"not_picked":["Steam Power","Go for the Eyes+1","Sweeping Beam+1"],"picked":"SKIP","floor":35},{"not_picked":["Aggregate","FTL+1"],"picked":"BootSequence+1","floor":37},{"not_picked":["Hologram","Ball Lightning+1","Barrage+1"],"picked":"SKIP","floor":39},{"not_picked":["Steam","Tempest"],"picked":"Double Energy","floor":41},{"not_picked":["Beam Cell+1","Chaos","Cold Snap+1"],"picked":"SKIP","floor":44},{"not_picked":["Cold Snap+1","Go for the Eyes+1","Steam"],"picked":"SKIP","floor":46},{"not_picked":["Gash+1","Fission"],"picked":"Defragment+1","floor":47},{"not_picked":["Sweeping Beam+1","Stack","Undo"],"picked":"SKIP","floor":48},{"not_picked":["Leap","All For One+1"],"picked":"Force Field","floor":55}],"player_experience":5354378,"relics_obtained":[{"floor":7,"key":"Oddly Smooth Stone"},{"floor":9,"key":"Centennial Puzzle"},{"floor":10,"key":"Unceasing Top"},{"floor":14,"key":"Mango"},{"floor":17,"key":"Art of War"},{"floor":17,"key":"Molten Egg 2"},{"floor":17,"key":"Calipers"},{"floor":22,"key":"Red Mask"},{"floor":23,"key":"Lantern"},{"floor":25,"key":"Meat on the Bone"},{"floor":27,"key":"Bottled Lightning"},{"floor":43,"key":"Vajra"},{"floor":47,"key":"Orichalcum"},{"floor":55,"key":"Blue Candle"}],"event_choices":[{"damage_healed":0,"gold_gain":0,"player_choice":"Success","damage_taken":26,"relics_obtained":["Ancient Tea Set"],"max_hp_gain":0,"max_hp_loss":0,"event_name":"Scrap Ooze","floor":3,"gold_loss":0},{"cards_removed":["Strike_B"],"damage_healed":0,"gold_gain":0,"player_choice":"Card Removal","damage_taken":7,"max_hp_gain":0,"max_hp_loss":0,"event_name":"Golden Wing","floor":5,"gold_loss":0},{"damage_healed":0,"gold_gain":0,"player_choice":"Take Damage","damage_taken":24,"relics_obtained":["Golden Idol"],"max_hp_gain":0,"max_hp_loss":0,"event_name":"Golden Idol","floor":12,"gold_loss":0},{"damage_healed":0,"gold_gain":0,"player_choice":"Ignored","damage_taken":0,"max_hp_gain":0,"max_hp_loss":0,"event_name":"Ghosts","floor":19,"gold_loss":0},{"damage_healed":0,"gold_gain":0,"player_choice":"Opened","damage_taken":0,"relics_obtained":["Gremlin Horn"],"max_hp_gain":0,"max_hp_loss":0,"event_name":"The Mausoleum","floor":20,"gold_loss":0,"cards_obtained":["Writhe"]},{"damage_healed":0,"gold_gain":0,"player_choice":"Fought Bandits","damage_taken":0,"max_hp_gain":0,"max_hp_loss":0,"event_name":"Masked Bandits","floor":22,"gold_loss":0},{"damage_healed":0,"gold_gain":333,"player_choice":"Gave Idol","damage_taken":0,"max_hp_gain":0,"max_hp_loss":0,"event_name":"The Moai Head","floor":38,"relics_lost":["Golden Idol"],"gold_loss":0},{"damage_healed":0,"gold_gain":0,"cards_transformed":["Tempest"],"player_choice":"Transformed","damage_taken":0,"max_hp_gain":0,"max_hp_loss":0,"event_name":"Transmorgrifier","floor":45,"gold_loss":0,"cards_obtained":["All For One"]}],"is_beta":false,"boss_relics":[{"not_picked":["Runic Pyramid","Sozu"],"picked":"Calling Bell"},{"not_picked":["White Beast Statue","FrozenCore"],"picked":"Pandora\u0027s Box"}],"items_purged_floors":[21,29,36,54],"is_endless":false,"potions_floor_spawned":[4,7,16,18,22,24,25,33,35,46,47,55],"ascension_level":20}