{"gold_per_floor":[110,110,110,110,129,129,159,175,175,187,204,204,129,129,129,208,208,226,241,141,161,161,161,161,181,181,181,181,201,218,133,133,207,207,221,221,237,237,24,24,24],"floor_reached":41,"playtime":1005,"items_purged":["Strike_G","Defend_G","Setup"],"score":832,"play_id":"f9d4e2ff-ae0f-4467-8ec3-97a39ab5908e","local_time":"20190418011755","is_ascension_mode":true,"campfire_choices":[{"data":"All Out Attack","floor":6.0,"key":"SMITH"},{"data":"Envenom","floor":12.0,"key":"SMITH"},{"data":"Terror","floor":15.0,"key":"SMITH"},{"data":"Neutralize","floor":23.0,"key":"SMITH"},{"data":"Cloak And Dagger","floor":28.0,"key":"SMITH"},{"data":"Envenom","floor":32.0,"key":"SMITH"},{"data":"Tactician","floor":40,"key":"SMITH"}],"neow_cost":"NONE","seed_source_timestamp":89720575356400,"circlet_count":0,"master_deck":["AscendersBane","Survivor","Neutralize+1","Quick Slash+1","All Out Attack+1","Backflip","Dagger Throw","Envenom+1","Terror+1","Envenom+1","Acrobatics","Cloak And Dagger+1","PiercingWail","Noxious Fumes+1","Corpse Explosion","Slice","Tools of the Trade","Blur","Acrobatics","Footwork","Die Die Die","Dodge and Roll","Cloak And Dagger","Tactician+1"],"special_seed":0,"relics":["Ring of the Serpent","NeowsBlessing","Kunai","Meat on the Bone","Tough Bandages","Ancient Tea Set","Pandora\u0027s Box"],"potions_floor_usage":[33,41],"damage_taken":[{"damage":0.0,"enemies":"2 Louse","floor":1.0,"turns":2.0},{"damage":0.0,"enemies":"Small Slimes","floor":5.0,"turns":1.0},{"damage":0.0,"enemies":"3 Sentries","floor":7.0,"turns":1.0},{"damage":1.0,"enemies":"Cultist","floor":8.0,"turns":3.0},{"damage":0.0,"enemies":"3 Louse","floor":10.0,"turns":2.0},{"damage":4.0,"enemies":"Blue Slaver","floor":11.0,"turns":6.0},{"damage":41.0,"enemies":"Hexaghost","floor":16.0,"turns":9.0},{"damage":25.0,"enemies":"2 Thieves","floor":18.0,"turns":3.0},{"damage":35.0,"enemies":"3 Byrds","floor":19.0,"turns":6.0},{"damage":0.0,"enemies":"Centurion and Healer","floor":21.0,"turns":5.0},{"damage":8.0,"enemies":"Snecko","floor":25.0,"turns":5.0},{"damage":7.0,"enemies":"Snake Plant","floor":29.0,"turns":5.0},{"damage":11.0,"enemies":"Sentry and Sphere","floor":30.0,"turns":8.0},{"damage":14,"enemies":"Automaton","floor":33,"turns":10},{"damage":8,"enemies":"3 Darklings","floor":35,"turns":4},{"damage":24,"enemies":"Orb Walker","floor":37,"turns":4},{"damage":46,"enemies":"Nemesis","floor":41,"turns":5}],"seed_played":"-2714550881852619452","potions_obtained":[{"floor":5.0,"key":"EssenceOfSteel"},{"floor":8.0,"key":"Dexterity Potion"},{"floor":16.0,"key":"Explosive Potion"},{"floor":19.0,"key":"Weak Potion"},{"floor":25.0,"key":"PowerPotion"},{"floor":33,"key":"FearPotion"},{"floor":37,"key":"Swift Potion"}],"is_trial":false,"path_per_floor":["M","?","?","?","M","R","E","M","T","M","M","R","$","?","R","B",null,"M","M","$","M","?","R","?","M","T","?","R","M","M","?","R","B",null,"M","?","M","?","$","R","E"],"character_chosen":"THE_SILENT","items_purchased":["Tactician"],"campfire_rested":0,"item_purchase_floors":[39],"current_hp_per_floor":[59,64,64,64,64,64,64,63,63,63,59,59,59,59,59,30,61,36,13,13,25,25,25,25,29,29,29,29,34,35,35,35,33,62,54,54,42,42,42,42,0],"gold":24,"neow_bonus":"THREE_ENEMY_KILL","is_prod":false,"is_daily":false,"chose_seed":false,"campfire_upgraded":7,"win_rate":0,"timestamp":1555517875,"path_taken":["M","?","?","?","M","R","E","?","T","M","M","R","$","?","R","BOSS","M","M","$","M","?","R","?","?","T","?","R","M","M","?","R","BOSS","M","?","M","?","$","R","E"],"build_version":"2019-01-23","purchased_purges":3,"victory":false,"max_hp_per_floor":[66,71,71,71,71,71,71,71,71,71,71,71,71,71,71,71,71,71,71,71,71,71,71,71,71,71,71,71,71,71,71,71,71,71,71,71,71,71,71,71,71],"card_choices":[{"not_picked":["Deflect","Dodge and Roll"],"picked":"Quick Slash","floor":1.0},{"not_picked":["Eviscerate","Bane"],"picked":"All Out Attack","floor":5.0},{"not_picked":["Distraction","Escape Plan"],"picked":"Backflip","floor":7.0},{"not_picked":["Acrobatics","Predator"],"picked":"Dagger Throw","floor":8.0},{"not_picked":["Prepared","Slice"],"picked":"Envenom","floor":10.0},{"not_picked":["Endless Agony","Predator"],"picked":"Terror","floor":11.0},{"not_picked":["Bullet Time","Grand Finale"],"picked":"Envenom","floor":16.0},{"not_picked":["Dagger Spray","Poisoned Stab"],"picked":"Acrobatics","floor":18.0},{"not_picked":["Deadly Poison","Distraction"],"picked":"Heel Hook","floor":19.0},{"not_picked":["Dash","Deadly Poison","Distraction"],"picked":"SKIP","floor":21.0},{"not_picked":["Outmaneuver","Distraction"],"picked":"PiercingWail","floor":25.0},{"not_picked":["Dash+1","Prepared"],"picked":"Noxious Fumes+1","floor":29.0},{"not_picked":["Poisoned Stab","All Out Attack","Flying Knee+1"],"picked":"SKIP","floor":30.0},{"not_picked":["Envenom","Glass Knife"],"picked":"Corpse Explosion","floor":33},{"not_picked":["Bouncing Flask+1","Flying Knee"],"picked":"Dodge and Roll","floor":35},{"not_picked":["Bane","Eviscerate"],"picked":"Cloak And Dagger","floor":37}],"player_experience":4823310,"relics_obtained":[{"floor":7.0,"key":"Kunai"},{"floor":9.0,"key":"Meat on the Bone"},{"floor":26.0,"key":"Tough Bandages"}],"event_choices":[{"damage_healed":0.0,"max_hp_gain":5.0,"max_hp_loss":0.0,"gold_gain":0.0,"event_name":"Big Fish","player_choice":"Donut","floor":2.0,"gold_loss":0.0,"damage_taken":0.0},{"damage_healed":0.0,"max_hp_gain":0.0,"max_hp_loss":0.0,"gold_gain":0.0,"event_name":"Liars Game","player_choice":"Ignored","floor":3.0,"gold_loss":0.0,"damage_taken":0.0},{"damage_healed":0.0,"max_hp_gain":0.0,"max_hp_loss":0.0,"gold_gain":0.0,"event_name":"Accursed Blacksmith","player_choice":"Forge","floor":4.0,"gold_loss":0.0,"damage_taken":0.0,"cards_upgraded":["Quick Slash"]},{"cards_removed":["Strike_G"],"damage_healed":0.0,"max_hp_gain":0.0,"max_hp_loss":0.0,"gold_gain":0.0,"event_name":"Living Wall","player_choice":"Forget","floor":14.0,"gold_loss":0.0,"damage_taken":0.0},{"damage_healed":0.0,"max_hp_gain":0.0,"max_hp_loss":0.0,"gold_gain":0.0,"event_name":"Cursed Tome","player_choice":"Ignored","floor":22.0,"gold_loss":0.0,"damage_taken":0.0},{"damage_healed":0.0,"max_hp_gain":0.0,"max_hp_loss":0.0,"gold_gain":0.0,"event_name":"The Library","player_choice":"Read","floor":24.0,"gold_loss":0.0,"damage_taken":0.0,"cards_obtained":["Cloak And Dagger"]},{"damage_healed":0.0,"max_hp_gain":0.0,"max_hp_loss":0.0,"gold_gain":0.0,"event_name":"Vampires","player_choice":"Ignored","floor":27.0,"gold_loss":0.0,"damage_taken":0.0},{"damage_healed":0.0,"max_hp_gain":0.0,"max_hp_loss":0.0,"gold_gain":0.0,"event_name":"Addict","player_choice":"Obtained Relic","floor":31.0,"gold_loss":85.0,"damage_taken":0.0,"relics_obtained":["Ancient Tea Set"]},{"damage_healed":0,"gold_gain":0,"player_choice":"Ignored","damage_taken":0,"max_hp_gain":0,"max_hp_loss":0,"event_name":"Tomb of Lord Red Mask","floor":36,"gold_loss":0},{"cards_removed":["Heel Hook"],"damage_healed":0,"gold_gain":0,"player_choice":"Removed Attack","damage_taken":0,"max_hp_gain":0,"max_hp_loss":0,"event_name":"Falling","floor":38,"gold_loss":0}],"is_beta":false,"boss_relics":[{"not_picked":["Velvet Choker","Runic Dome"],"picked":"Ring of the Serpent"},{"not_picked":["Sozu","Calling Bell"],"picked":"Pandora\u0027s Box"}],"items_purged_floors":[13,20,39],"is_endless":false,"potions_floor_spawned":[5,8,16,19,25,29,33,37],"killed_by":"Nemesis","ascension_level":20}