{"gold_per_floor":[113,126,126,145,160,195,195,220,220,250,250,8,8,39,39,110,110,123,140,156,18,35,35,66,66,66,66,66,82,82],"floor_reached":30,"playtime":1205,"items_purged":["Strike_R"],"score":516,"play_id":"8de4883e-33bf-4490-8e62-b3ae9a954fec","local_time":"20190717003330","is_ascension_mode":true,"campfire_choices":[{"data":"Clothesline","floor":7,"key":"SMITH"},{"data":"Armaments","floor":15,"key":"SMITH"},{"floor":23,"key":"REST"},{"floor":25,"key":"REST"}],"neow_cost":"NONE","seed_source_timestamp":542019704642700,"circlet_count":0,"master_deck":["AscendersBane","Strike_R","Strike_R","Strike_R","Strike_R","Defend_R","Defend_R","Defend_R","Defend_R","Bash","Cleave+1","Shrug It Off","Clothesline+1","Thunderclap","Juggernaut","Inflame","Evolve","Battle Trance","Armaments+1","Offering","Disarm","Corruption","Shrug It Off","Offering","Feel No Pain","Decay"],"relics":["Burning Blood","Happy Flower","Centennial Puzzle","Turnip","Darkstone Periapt","Pear","Matryoshka","Fusion Hammer","Red Mask","Dream Catcher","Smiling Mask","Enchiridion"],"potions_floor_usage":[6,8,16,20],"damage_taken":[{"damage":14,"enemies":"Small Slimes","floor":1,"turns":6},{"damage":1,"enemies":"Cultist","floor":2,"turns":3},{"damage":0,"enemies":"Jaw Worm","floor":4,"turns":5},{"damage":14,"enemies":"Large Slime","floor":5,"turns":6},{"damage":30,"enemies":"Lagavulin","floor":6,"turns":7},{"damage":19,"enemies":"3 Sentries","floor":8,"turns":6},{"damage":10,"enemies":"Lagavulin","floor":10,"turns":8},{"damage":14,"enemies":"3 Sentries","floor":14,"turns":6},{"damage":35,"enemies":"Slime Boss","floor":16,"turns":8},{"damage":8,"enemies":"Shell Parasite","floor":18,"turns":5},{"damage":7,"enemies":"Spheric Guardian","floor":19,"turns":4},{"damage":41,"enemies":"Chosen and Byrds","floor":20,"turns":5},{"damage":24,"enemies":"3 Cultists","floor":22,"turns":5},{"damage":14,"enemies":"Masked Bandits","floor":24,"turns":3},{"damage":16,"enemies":"Shelled Parasite and Fungi","floor":29,"turns":5},{"damage":31,"enemies":"Book of Stabbing","floor":30,"turns":3}],"seed_played":"-266085913514325874","potions_obtained":[{"floor":5,"key":"BloodPotion"},{"floor":6,"key":"Regen Potion"},{"floor":8,"key":"Fire Potion"},{"floor":16,"key":"Weak Potion"},{"floor":18,"key":"Energy Potion"},{"floor":22,"key":"Dexterity Potion"}],"is_trial":false,"path_per_floor":["M","M","?","M","M","E","R","E","T","E","T","$","?","E","R","B",null,"M","M","M","$","M","R","?","R","T","?","?","M","E"],"character_chosen":"IRONCLAD","items_purchased":["Evolve","Battle Trance","Corruption","Shrug It Off"],"campfire_rested":2,"item_purchase_floors":[12,12,21,21],"current_hp_per_floor":[60,65,65,71,63,57,57,56,56,52,62,62,62,54,54,25,70,68,67,32,32,14,39,31,56,56,35,41,31,0],"gold":82,"neow_bonus":"RANDOM_COMMON_RELIC","is_prod":false,"is_daily":false,"chose_seed":false,"campfire_upgraded":2,"win_rate":0,"timestamp":1563291210,"path_taken":["M","M","?","?","M","E","R","E","T","E","?","$","?","E","R","BOSS","M","M","M","$","M","R","?","R","T","?","?","?","E"],"build_version":"2019-07-05","purchased_purges":1,"victory":false,"max_hp_per_floor":[75,75,75,75,75,75,75,75,75,75,85,85,85,85,85,85,85,85,85,85,85,85,85,85,85,85,85,91,91,91],"card_choices":[{"not_picked":["Armaments","Body Slam"],"picked":"Cleave","floor":1},{"not_picked":["Clothesline","Havoc"],"picked":"Shrug It Off","floor":2},{"not_picked":["Warcry","True Grit"],"picked":"Clothesline","floor":4},{"not_picked":["Iron Wave","Havoc","Body Slam"],"picked":"SKIP","floor":5},{"not_picked":["Intimidate","Rupture"],"picked":"Thunderclap","floor":6},{"not_picked":["Flex","Warcry"],"picked":"Juggernaut","floor":8},{"not_picked":["Dark Embrace","Carnage"],"picked":"Inflame","floor":10},{"not_picked":["Havoc","Pommel Strike"],"picked":"Armaments","floor":14},{"not_picked":["Barricade","Double Tap"],"picked":"Offering","floor":16},{"not_picked":["Armaments","Wild Strike"],"picked":"Disarm","floor":18},{"not_picked":["Pommel Strike","Battle Trance","Carnage"],"picked":"SKIP","floor":19},{"not_picked":["Combust","Headbutt","Warcry"],"picked":"SKIP","floor":20},{"not_picked":["Pommel Strike","Anger"],"picked":"Offering","floor":22},{"not_picked":["Wild Strike","Armaments"],"picked":"Feel No Pain","floor":24},{"not_picked":["Corruption","Clash","Flex"],"picked":"SKIP","floor":29}],"player_experience":5710454,"relics_obtained":[{"floor":6,"key":"Centennial Puzzle"},{"floor":8,"key":"Turnip"},{"floor":10,"key":"Darkstone Periapt"},{"floor":11,"key":"Pear"},{"floor":14,"key":"Matryoshka"},{"floor":24,"key":"Red Mask"},{"floor":26,"key":"Dream Catcher"},{"floor":26,"key":"Smiling Mask"},{"floor":27,"key":"Enchiridion"}],"event_choices":[{"damage_healed":0,"gold_gain":0,"player_choice":"Upgraded","damage_taken":0,"max_hp_gain":0,"max_hp_loss":0,"event_name":"Upgrade Shrine","floor":3,"gold_loss":0,"cards_upgraded":["Cleave"]},{"damage_healed":0,"gold_gain":0,"player_choice":"Ignored","damage_taken":0,"max_hp_gain":0,"max_hp_loss":0,"event_name":"Liars Game","floor":13,"gold_loss":0},{"damage_healed":0,"gold_gain":0,"player_choice":"Fought Bandits","damage_taken":0,"max_hp_gain":0,"max_hp_loss":0,"event_name":"Masked Bandits","floor":24,"gold_loss":0},{"damage_healed":0,"gold_gain":0,"player_choice":"Obtained Book","damage_taken":21,"max_hp_gain":0,"max_hp_loss":0,"event_name":"Cursed Tome","floor":27,"gold_loss":0},{"damage_healed":0,"gold_gain":0,"player_choice":"Smashed Altar","damage_taken":0,"max_hp_gain":0,"max_hp_loss":0,"event_name":"Forgotten Altar","floor":28,"gold_loss":0,"cards_obtained":["Decay"]}],"is_beta":false,"boss_relics":[{"not_picked":["Lizard Tail","Runic Pyramid"],"picked":"Fusion Hammer"}],"items_purged_floors":[12],"is_endless":false,"potions_floor_spawned":[5,6,8,16,18,22],"killed_by":"Book of Stabbing","ascension_level":20}