{"gold_per_floor":[116,126,136,136,61,61,136,136,136,155,175,175,232,252,252,329,329,342,361,76,87,100,100,179,189,189,38,38,38],"floor_reached":29,"playtime":829,"items_purged":["Sweeping Beam","Cold Snap"],"score":434,"play_id":"d35cc1b2-df44-4d82-a6f5-3105d04462fa","local_time":"20190625023903","is_ascension_mode":true,"campfire_choices":[{"data":"Zap","floor":6,"key":"SMITH"},{"data":"Dualcast","floor":8,"key":"SMITH"},{"data":"Darkness","floor":12,"key":"SMITH"},{"data":"Compile Driver","floor":15,"key":"SMITH"},{"floor":23,"key":"REST"}],"neow_cost":"NONE","seed_source_timestamp":546783650018500,"circlet_count":0,"master_deck":["AscendersBane","Zap+1","Dualcast+1","Glacier","Chill","Darkness+1","Compile Driver+1","Core Surge","Hologram","Machine Learning","Double Energy","Loop","Chill","All For One","Compile Driver","Redo","Turbo","Coolheaded+1"],"relics":["Cracked Core","War Paint","Pear","Tiny Chest","Pandora\u0027s Box","OrangePellets","Cables","Toxic Egg 2"],"potions_floor_usage":[16,16,16,19,28],"damage_taken":[{"damage":7,"enemies":"Jaw Worm","floor":1,"turns":3},{"damage":1,"enemies":"2 Louse","floor":2,"turns":4},{"damage":0,"enemies":"Small Slimes","floor":3,"turns":4},{"damage":0,"enemies":"Looter","floor":10,"turns":4},{"damage":0,"enemies":"Exordium Thugs","floor":11,"turns":4},{"damage":12,"enemies":"3 Louse","floor":14,"turns":4},{"damage":37,"enemies":"Hexaghost","floor":16,"turns":8},{"damage":12,"enemies":"Chosen","floor":18,"turns":3},{"damage":0,"enemies":"2 Thieves","floor":19,"turns":4},{"damage":32,"enemies":"Snake Plant","floor":21,"turns":4},{"damage":12,"enemies":"Sentry and Sphere","floor":22,"turns":5},{"damage":16,"enemies":"Chosen and Byrds","floor":25,"turns":5},{"damage":17,"enemies":"Colosseum Slavers","floor":28,"turns":4},{"damage":8,"enemies":"Snake Plant","floor":29,"turns":1}],"seed_played":"1820896156628912749","potions_obtained":[{"floor":2,"key":"LiquidBronze"},{"floor":10,"key":"EntropicBrew"},{"floor":16,"key":"Strength Potion"},{"floor":19,"key":"GamblersBrew"}],"is_trial":false,"path_per_floor":["M","M","M","?","?","R","?","R","T","M","M","R","T","M","R","B",null,"M","M","$","M","M","R","T","M","T","$","?","M"],"character_chosen":"DEFECT","items_purchased":["OrangePellets","Coolheaded+1"],"campfire_rested":1,"item_purchase_floors":[20,27],"current_hp_per_floor":[57,56,56,61,61,61,50,50,60,60,60,60,60,48,48,11,67,55,55,55,23,11,36,36,20,20,20,3,0],"gold":38,"neow_bonus":"RANDOM_COMMON_RELIC","is_prod":false,"is_daily":false,"chose_seed":false,"campfire_upgraded":4,"win_rate":0,"timestamp":1561397943,"path_taken":["M","M","M","?","?","R","?","R","T","M","M","R","?","M","R","BOSS","M","M","$","M","M","R","?","M","T","$","?","M"],"build_version":"2019-01-23","purchased_purges":2,"victory":false,"max_hp_per_floor":[71,71,71,76,76,76,76,76,86,86,86,86,86,86,86,86,86,86,86,86,86,86,86,86,86,86,86,86,86],"card_choices":[{"not_picked":["Stack","Rebound"],"picked":"Cold Snap","floor":1},{"not_picked":["BootSequence","Barrage"],"picked":"Glacier","floor":2},{"not_picked":["Coolheaded","Turbo"],"picked":"Chill","floor":3},{"not_picked":["Conserve Battery","Beam Cell"],"picked":"Sweeping Beam","floor":10},{"not_picked":["Ball Lightning","Amplify"],"picked":"Darkness","floor":11},{"not_picked":["Chill","Leap"],"picked":"Compile Driver","floor":14},{"not_picked":["Amplify","Buffer"],"picked":"Core Surge","floor":16},{"not_picked":["Auto Shields","Stack","Capacitor"],"picked":"SKIP","floor":18},{"not_picked":["Steam","Streamline"],"picked":"Redo","floor":19},{"not_picked":["Double Energy","Sweeping Beam"],"picked":"Turbo","floor":21},{"not_picked":["Go for the Eyes","Chill","Gash"],"picked":"SKIP","floor":22},{"not_picked":["Beam Cell","Go for the Eyes","Force Field"],"picked":"SKIP","floor":25}],"player_experience":5487176,"relics_obtained":[{"floor":9,"key":"Pear"},{"floor":13,"key":"Tiny Chest"},{"floor":24,"key":"Cables"},{"floor":26,"key":"Toxic Egg 2"}],"event_choices":[{"damage_healed":0,"gold_gain":0,"player_choice":"Donut","damage_taken":0,"max_hp_gain":5,"max_hp_loss":0,"event_name":"Big Fish","floor":4,"gold_loss":0},{"cards_removed":["Defend_B"],"damage_healed":0,"gold_gain":0,"player_choice":"Card Removal","damage_taken":0,"max_hp_gain":0,"max_hp_loss":0,"event_name":"The Cleric","floor":5,"gold_loss":75},{"damage_healed":0,"gold_gain":75,"player_choice":"Gather Gold","damage_taken":11,"max_hp_gain":0,"max_hp_loss":0,"event_name":"World of Goop","floor":7,"gold_loss":0},{"damage_healed":0,"gold_gain":0,"player_choice":"Fight","damage_taken":0,"max_hp_gain":0,"max_hp_loss":0,"event_name":"Colosseum","floor":28,"gold_loss":0},{"damage_healed":0,"gold_gain":0,"player_choice":"Fled From Nobs","damage_taken":0,"max_hp_gain":0,"max_hp_loss":0,"event_name":"Colosseum","floor":28,"gold_loss":0}],"is_beta":false,"boss_relics":[{"not_picked":["Runic Dome","Busted Crown"],"picked":"Pandora\u0027s Box"}],"items_purged_floors":[20,27],"is_endless":false,"potions_floor_spawned":[2,10,16,19,22],"killed_by":"Snake Plant","ascension_level":20}