{"gold_per_floor":[118,15,15,32,32,32,61,61,138,156,174,189,189,189,189,263,263,276,93,105,0,14,14,14,14,63,63,74,20,45,60,60,133,133,151,151,167,182,2,2,37,37,37,63,81,81,81,93,93,93,93],"floor_reached":52,"playtime":2299,"items_purged":["Strike_G","Defend_G","Decay"],"score":2060,"play_id":"158f3295-0760-4894-90d9-e9ef6e5d783c","local_time":"20190531032137","is_ascension_mode":true,"campfire_choices":[{"data":"A Thousand Cuts","floor":6,"key":"SMITH"},{"floor":8,"key":"REST"},{"data":"Noxious Fumes","floor":15,"key":"SMITH"},{"data":"Prepared","floor":23,"key":"SMITH"},{"data":"Reflex","floor":27,"key":"SMITH"},{"floor":32,"key":"REST"},{"data":"Prepared","floor":40,"key":"SMITH"},{"floor":42,"key":"REST"},{"data":"Tactician","floor":47,"key":"SMITH"},{"floor":49,"key":"DIG"}],"neow_cost":"CURSE","seed_source_timestamp":364405167077800,"circlet_count":0,"master_deck":["AscendersBane","Defend_G","Defend_G","Survivor","Neutralize+1","Clumsy","A Thousand Cuts+1","PiercingWail","Flying Knee","Infinite Blades","Grand Finale","Noxious Fumes+1","Prepared+1","Adrenaline","Reflex+1","Escape Plan","Skewer","Tactician+1","Prepared+1","Backflip"],"relics":["Ring of the Snake","Singing Bowl","Pear","Matryoshka","Empty Cage","Bag of Preparation","Whetstone","Potion Belt","Runic Pyramid","Meat on the Bone","Sundial","Dodecahedron","Shovel","Paper Crane"],"potions_floor_usage":[7,12,16,22,30,33,38,44],"damage_taken":[{"damage":0,"enemies":"2 Louse","floor":1,"turns":3},{"damage":10,"enemies":"Small Slimes","floor":4,"turns":3},{"damage":8,"enemies":"3 Sentries","floor":7,"turns":7},{"damage":5,"enemies":"Jaw Worm","floor":10,"turns":4},{"damage":15,"enemies":"Large Slime","floor":11,"turns":6},{"damage":8,"enemies":"Looter","floor":12,"turns":4},{"damage":8,"enemies":"Hexaghost","floor":16,"turns":7},{"damage":17,"enemies":"Spheric Guardian","floor":18,"turns":4},{"damage":42,"enemies":"Shell Parasite","floor":20,"turns":7},{"damage":3,"enemies":"Centurion and Healer","floor":22,"turns":7},{"damage":6,"enemies":"Snake Plant","floor":28,"turns":2},{"damage":0,"enemies":"Slavers","floor":30,"turns":2},{"damage":0,"enemies":"Chosen and Byrds","floor":31,"turns":2},{"damage":31,"enemies":"Collector","floor":33,"turns":8},{"damage":10,"enemies":"3 Darklings","floor":35,"turns":4},{"damage":5,"enemies":"Orb Walker","floor":37,"turns":3},{"damage":18,"enemies":"Transient","floor":38,"turns":6},{"damage":28,"enemies":"Reptomancer","floor":41,"turns":4},{"damage":20,"enemies":"Nemesis","floor":44,"turns":7},{"damage":0,"enemies":"3 Darklings","floor":45,"turns":2},{"damage":0,"enemies":"Jaw Worm Horde","floor":48,"turns":1},{"damage":8,"enemies":"Donu and Deca","floor":50,"turns":4},{"damage":0,"enemies":"Awakened One","floor":51,"turns":4}],"seed_played":"-6689186427712234155","potions_obtained":[{"floor":1,"key":"AttackPotion"},{"floor":10,"key":"LiquidBronze"},{"floor":11,"key":"Weak Potion"},{"floor":20,"key":"PowerPotion"},{"floor":22,"key":"GhostInAJar"},{"floor":28,"key":"EssenceOfSteel"},{"floor":33,"key":"Explosive Potion"},{"floor":37,"key":"GhostInAJar"},{"floor":44,"key":"Explosive Potion"},{"floor":48,"key":"FairyPotion"}],"is_trial":false,"path_per_floor":["M","$","?","M","?","R","E","R","T","M","M","M","?","?","R","B",null,"M","$","M","?","M","R","?","?","T","R","M","$","E","M","R","B",null,"M","?","M","M","$","R","E","R","T","E","M","?","R","M","R","B","B",null],"character_chosen":"THE_SILENT","items_purchased":["Flying Knee","Reflex","Swift Potion","Prepared"],"campfire_rested":3,"item_purchase_floors":[2,19,29,39],"current_hp_per_floor":[59,59,59,49,23,23,25,47,47,42,27,21,21,26,26,18,67,52,52,10,10,9,9,9,9,9,9,5,5,7,9,36,7,73,65,65,62,44,44,44,18,48,48,42,54,113,113,115,115,107,107],"gold":93,"neow_bonus":"TRANSFORM_TWO_CARDS","is_prod":false,"is_daily":false,"chose_seed":false,"campfire_upgraded":6,"win_rate":0,"timestamp":1559240497,"path_taken":["M","$","?","M","?","R","E","R","T","M","M","M","?","?","R","BOSS","M","$","M","?","M","R","?","?","T","R","M","?","E","?","R","BOSS","M","?","M","M","$","R","E","R","T","E","M","?","R","?","R","BOSS","BOSS"],"build_version":"2019-01-23","purchased_purges":3,"victory":true,"max_hp_per_floor":[66,66,66,66,66,66,76,76,76,76,76,78,78,83,83,83,83,85,85,85,85,87,87,87,87,87,87,89,89,91,93,93,95,95,97,97,99,99,99,99,101,101,101,103,103,113,113,115,115,115,115],"card_choices":[{"not_picked":["Prepared","Outmaneuver"],"picked":"PiercingWail","floor":1},{"not_picked":["Dodge and Roll","Deflect"],"picked":"Infinite Blades","floor":4},{"not_picked":["Leg Sweep","Setup"],"picked":"Deadly Poison","floor":7},{"not_picked":["Backflip","Eviscerate"],"picked":"Grand Finale","floor":10},{"not_picked":["Terror","Expertise"],"picked":"Noxious Fumes","floor":11},{"not_picked":["All Out Attack","Sucker Punch","Heel Hook"],"picked":"Singing Bowl","floor":12},{"not_picked":["Bullet Time","Corpse Explosion"],"picked":"Adrenaline","floor":16},{"not_picked":["Skewer","Dodge and Roll","Blur+1"],"picked":"Singing Bowl","floor":18},{"not_picked":["Bane","Deflect+1"],"picked":"Escape Plan","floor":20},{"not_picked":["Dash","Setup","Finisher"],"picked":"Singing Bowl","floor":22},{"not_picked":["PiercingWail+1","Underhanded Strike","Cloak And Dagger"],"picked":"Singing Bowl","floor":28},{"not_picked":["Dagger Spray+1","Expertise","Dodge and Roll"],"picked":"Singing Bowl","floor":30},{"not_picked":["Bane","Riddle With Holes+1","Dagger Throw"],"picked":"Singing Bowl","floor":31},{"not_picked":["A Thousand Cuts","Storm of Steel","Doppelganger"],"picked":"Singing Bowl","floor":33},{"not_picked":["PiercingWail","Underhanded Strike","Outmaneuver"],"picked":"Singing Bowl","floor":35},{"not_picked":["Flying Knee","Sucker Punch","Blade Dance+1"],"picked":"Singing Bowl","floor":37},{"not_picked":["Outmaneuver","All Out Attack"],"picked":"Tactician","floor":38},{"not_picked":["Riddle With Holes","Slice","Caltrops+1"],"picked":"Singing Bowl","floor":41},{"not_picked":["All Out Attack+1","Expertise","Grand Finale"],"picked":"Singing Bowl","floor":44},{"not_picked":["Terror+1","All Out Attack"],"picked":"Backflip","floor":45},{"not_picked":["Deadly Poison","Prepared","Dagger Throw+1"],"picked":"Singing Bowl","floor":48}],"player_experience":5225306,"relics_obtained":[{"floor":7,"key":"Pear"},{"floor":9,"key":"Matryoshka"},{"floor":26,"key":"Bag of Preparation"},{"floor":26,"key":"Whetstone"},{"floor":30,"key":"Potion Belt"},{"floor":41,"key":"Meat on the Bone"},{"floor":43,"key":"Sundial"},{"floor":43,"key":"Dodecahedron"},{"floor":44,"key":"Shovel"},{"floor":49,"key":"Paper Crane"}],"event_choices":[{"damage_healed":0,"gold_gain":0,"player_choice":"Leave","damage_taken":0,"max_hp_gain":0,"max_hp_loss":0,"event_name":"The Cleric","floor":3,"gold_loss":0},{"damage_healed":0,"gold_gain":0,"player_choice":"Success","damage_taken":26,"relics_obtained":["Singing Bowl"],"max_hp_gain":0,"max_hp_loss":0,"event_name":"Scrap Ooze","floor":5,"gold_loss":0},{"damage_healed":0,"gold_gain":0,"cards_transformed":["Strike_G"],"player_choice":"Change","damage_taken":0,"max_hp_gain":0,"max_hp_loss":0,"event_name":"Living Wall","floor":13,"gold_loss":0,"cards_obtained":["Prepared"]},{"damage_healed":0,"gold_gain":0,"player_choice":"Donut","damage_taken":0,"max_hp_gain":5,"max_hp_loss":0,"event_name":"Big Fish","floor":14,"gold_loss":0},{"damage_healed":0,"gold_gain":0,"player_choice":"Paid Fearfully","damage_taken":0,"max_hp_gain":0,"max_hp_loss":0,"event_name":"Masked Bandits","floor":21,"gold_loss":105},{"damage_healed":0,"gold_gain":0,"cards_transformed":["Strike_G","Deadly Poison"],"player_choice":"Became Test Subject","damage_taken":0,"max_hp_gain":0,"max_hp_loss":0,"event_name":"Drug Dealer","floor":24,"gold_loss":0,"cards_obtained":["Bullet Time","Skewer"]},{"damage_healed":0,"gold_gain":0,"player_choice":"Smashed Altar","damage_taken":0,"max_hp_gain":0,"max_hp_loss":0,"event_name":"Forgotten Altar","floor":25,"gold_loss":0,"cards_obtained":["Decay"]},{"cards_removed":["Underhanded Strike"],"damage_healed":0,"gold_gain":0,"player_choice":"Removed Attack","damage_taken":0,"max_hp_gain":0,"max_hp_loss":0,"event_name":"Falling","floor":36,"gold_loss":0},{"cards_removed":["Bullet Time"],"damage_healed":49,"gold_gain":0,"player_choice":"Offered Rare","damage_taken":0,"max_hp_gain":10,"max_hp_loss":0,"event_name":"Bonfire Elementals","floor":46,"gold_loss":0}],"is_beta":false,"boss_relics":[{"not_picked":["Calling Bell","Cursed Key"],"picked":"Empty Cage"},{"not_picked":["Pandora\u0027s Box","Sozu"],"picked":"Runic Pyramid"}],"items_purged_floors":[2,19,39],"is_endless":false,"potions_floor_spawned":[1,10,11,20,22,28,33,37,44,48],"ascension_level":20}