{"gold_per_floor":[119,136,150,169,189,189,221,221,271,282,20,45,45,45,45,45],"floor_reached":16,"playtime":610,"items_purged":["Strike_G"],"score":224,"play_id":"86894d70-0eb5-4f6f-8f54-84692ba42bf7","local_time":"20190408012821","is_ascension_mode":true,"campfire_choices":[{"data":"Neutralize","floor":6,"key":"SMITH"},{"floor":8,"key":"REST"},{"data":"Purity","floor":13,"key":"SMITH"},{"data":"Blade Dance","floor":15,"key":"SMITH"}],"neow_cost":"NONE","seed_source_timestamp":457209577210400,"circlet_count":0,"master_deck":["AscendersBane","Defend_G","Defend_G","Defend_G","Defend_G","Strike_G","Strike_G","Strike_G","Survivor","Neutralize+1","Tools of the Trade","Poisoned Stab","Dash","Finisher","Acrobatics","Masterful Stab","Purity+1","Reflex","Blade Dance+1","Expertise"],"relics":["Ring of the Snake","Bottled Lightning","Pen Nib","Question Card"],"potions_floor_usage":[7,7,16],"damage_taken":[{"damage":0,"enemies":"2 Louse","floor":1,"turns":3},{"damage":4,"enemies":"Jaw Worm","floor":2,"turns":4},{"damage":0,"enemies":"Small Slimes","floor":3,"turns":3},{"damage":6,"enemies":"Red Slaver","floor":4,"turns":4},{"damage":13,"enemies":"3 Louse","floor":5,"turns":3},{"damage":7,"enemies":"Lagavulin","floor":7,"turns":5},{"damage":1,"enemies":"Looter","floor":10,"turns":3},{"damage":34,"enemies":"3 Sentries","floor":12,"turns":13},{"damage":0,"enemies":"Slime Boss","floor":16,"turns":2}],"seed_played":"-7197721083165204148","potions_obtained":[{"floor":2,"key":"Poison Potion"},{"floor":3,"key":"Poison Potion"},{"floor":12,"key":"Regen Potion"}],"is_trial":false,"path_per_floor":["M","M","M","M","M","R","E","R","T","M","$","E","R","?","R","B"],"character_chosen":"THE_SILENT","items_purchased":["Purity","Reflex","Blade Dance"],"campfire_rested":1,"item_purchase_floors":[11,11,11],"current_hp_per_floor":[59,55,55,49,36,36,29,48,48,47,47,13,13,6,6,11],"gold":45,"neow_bonus":"TRANSFORM_CARD","is_prod":false,"is_daily":false,"chose_seed":false,"campfire_upgraded":3,"win_rate":0,"timestamp":1554654501,"path_taken":["M","M","M","M","M","R","E","R","T","M","$","E","R","?","R","BOSS"],"build_version":"2019-01-23","purchased_purges":1,"victory":false,"max_hp_per_floor":[66,66,66,66,66,66,66,66,66,66,66,66,66,66,66,66],"card_choices":[{"not_picked":["Reflex","Footwork"],"picked":"Poisoned Stab","floor":1},{"not_picked":["Outmaneuver","Cloak And Dagger"],"picked":"Dash","floor":2},{"not_picked":["Concentrate","Catalyst"],"picked":"Finisher","floor":3},{"not_picked":["Deadly Poison","Riddle With Holes","Sucker Punch"],"picked":"SKIP","floor":4},{"not_picked":["Flechettes","Distraction","Catalyst"],"picked":"SKIP","floor":5},{"not_picked":["Underhanded Strike","Sucker Punch"],"picked":"Acrobatics","floor":7},{"not_picked":["Dagger Throw","Deflect"],"picked":"Masterful Stab","floor":10},{"not_picked":["Skewer","PiercingWail"],"picked":"Expertise","floor":12}],"player_experience":4723942,"relics_obtained":[{"floor":7,"key":"Bottled Lightning"},{"floor":9,"key":"Pen Nib"},{"floor":12,"key":"Question Card"}],"event_choices":[{"cards_removed":["Strike_G"],"damage_healed":0,"gold_gain":0,"player_choice":"Card Removal","damage_taken":7,"max_hp_gain":0,"max_hp_loss":0,"event_name":"Golden Wing","floor":14,"gold_loss":0}],"is_beta":false,"boss_relics":[],"items_purged_floors":[11],"is_endless":false,"potions_floor_spawned":[2,3,4,5,12],"killed_by":"Slime Boss","ascension_level":20}