{"gold_per_floor":[113,63,63,63,81,106,120,120,120,120,155,171,189,206,206,301,301,312,298,76,87,87],"floor_reached":22,"playtime":5976,"items_purged":["Defend_G"],"score":208,"play_id":"4b7543c0-8ffb-4c48-a918-f99e705c7eb8","local_time":"20190721205947","is_ascension_mode":true,"campfire_choices":[{"floor":8,"key":"RECALL"},{"data":"Finisher","floor":10,"key":"SMITH"},{"floor":15,"key":"REST"}],"neow_cost":"NONE","seed_source_timestamp":955705972105800,"circlet_count":0,"master_deck":["Strike_G","Strike_G","Strike_G+1","Strike_G+1","Defend_G","Defend_G","Survivor","Neutralize","Finesse","Blur","Tools of the Trade","Deadly Poison","Quick Slash","Finisher+1","Night Terror","Infinite Blades","Sucker Punch","Distraction","Envenom","Underhanded Strike+1","Poisoned Stab","Caltrops"],"relics":["Ring of the Serpent","Shuriken","Oddly Smooth Stone","Bird Faced Urn","Whetstone"],"potions_floor_usage":[6,16],"damage_taken":[{"damage":0,"enemies":"2 Louse","floor":1,"turns":3},{"damage":3,"enemies":"Small Slimes","floor":5,"turns":5},{"damage":17,"enemies":"Lagavulin","floor":6,"turns":9},{"damage":1,"enemies":"Cultist","floor":7,"turns":4},{"damage":34,"enemies":"Gremlin Nob","floor":11,"turns":5},{"damage":0,"enemies":"Gremlin Gang","floor":12,"turns":5},{"damage":5,"enemies":"Lots of Slimes","floor":13,"turns":4},{"damage":1,"enemies":"2 Fungi Beasts","floor":14,"turns":4},{"damage":15,"enemies":"Hexaghost","floor":16,"turns":9},{"damage":27,"enemies":"Spheric Guardian","floor":18,"turns":6},{"damage":19,"enemies":"2 Thieves","floor":19,"turns":4},{"damage":15,"enemies":"Snake Plant","floor":21,"turns":6},{"damage":33,"enemies":"Sentry and Sphere","floor":22,"turns":5}],"seed_played":"-6939557174898761342","potions_obtained":[{"floor":5,"key":"Strength Potion"},{"floor":12,"key":"Weak Potion"}],"is_trial":false,"path_per_floor":["M","?","?","?","M","E","M","R","T","R","E","M","M","M","R","B",null,"M","M","$","M","M"],"character_chosen":"THE_SILENT","items_purchased":["Whetstone"],"campfire_rested":1,"item_purchase_floors":[20],"current_hp_per_floor":[70,70,63,63,60,43,42,42,42,42,8,10,7,10,31,20,70,45,32,32,23,0],"gold":87,"neow_bonus":"RANDOM_COLORLESS","is_prod":false,"is_daily":false,"chose_seed":false,"campfire_upgraded":1,"win_rate":0,"timestamp":1563760787,"path_taken":["M","?","?","?","M","E","M","R","T","R","E","M","M","M","R","BOSS","M","M","$","?","?"],"build_version":"2019-07-17","purchased_purges":1,"victory":false,"max_hp_per_floor":[70,70,70,70,70,70,70,70,70,70,70,70,70,70,70,70,70,70,70,70,70,70],"card_choices":[{"not_picked":["PiercingWail","Sucker Punch"],"picked":"Blur","floor":1},{"not_picked":["Poisoned Stab","Blade Dance"],"picked":"Deadly Poison","floor":5},{"not_picked":["Dodge and Roll","Deflect"],"picked":"Quick Slash","floor":6},{"not_picked":["Deadly Poison","Acrobatics"],"picked":"Finisher","floor":7},{"not_picked":["Flying Knee","Eviscerate"],"picked":"Night Terror","floor":11},{"not_picked":["Sucker Punch","Well Laid Plans"],"picked":"Infinite Blades","floor":12},{"not_picked":["Deadly Poison","Outmaneuver"],"picked":"Sucker Punch","floor":13},{"not_picked":["Dagger Throw","Backflip"],"picked":"Distraction","floor":14},{"not_picked":["Adrenaline","Phantasmal Killer"],"picked":"Envenom","floor":16},{"not_picked":["Slice","Outmaneuver"],"picked":"Underhanded Strike+1","floor":18},{"not_picked":["Deflect","Sucker Punch"],"picked":"Poisoned Stab","floor":19},{"not_picked":["Deflect+1","Dodge and Roll"],"picked":"Caltrops","floor":21}],"player_experience":135103,"relics_obtained":[{"floor":6,"key":"Shuriken"},{"floor":9,"key":"Oddly Smooth Stone"},{"floor":11,"key":"Bird Faced Urn"}],"event_choices":[{"cards_removed":["Strike_G"],"damage_healed":0,"gold_gain":0,"player_choice":"Card Removal","damage_taken":0,"max_hp_gain":0,"max_hp_loss":0,"event_name":"The Cleric","floor":2,"gold_loss":50},{"cards_removed":["Defend_G"],"damage_healed":0,"gold_gain":0,"player_choice":"Card Removal","damage_taken":7,"max_hp_gain":0,"max_hp_loss":0,"event_name":"Golden Wing","floor":3,"gold_loss":0},{"damage_healed":0,"gold_gain":0,"cards_transformed":["Defend_G"],"player_choice":"Transformed","damage_taken":0,"max_hp_gain":0,"max_hp_loss":0,"event_name":"Transmorgrifier","floor":4,"gold_loss":0,"cards_obtained":["Tools of the Trade"]}],"is_beta":false,"boss_relics":[{"not_picked":["Philosopher\u0027s Stone","White Beast Statue"],"picked":"Ring of the Serpent"}],"items_purged_floors":[20],"is_endless":false,"potions_floor_spawned":[5,12],"killed_by":"Sentry and Sphere","ascension_level":1}