{"gold_per_floor":[109,121,46,46,24,24,50,50,50,80,96,96,108,121,121,216,216,231,243,83,100,119,119,119,119,119,119,134,144,144,170,170,170],"floor_reached":33,"playtime":1462,"items_purged":[],"score":342,"play_id":"b36d343e-d719-407e-b962-9d453bf3bd17","local_time":"20190708003849","is_ascension_mode":false,"campfire_choices":[{"data":"True Grit","floor":6.0,"key":"SMITH"},{"data":"Feel No Pain","floor":8.0,"key":"SMITH"},{"data":"Infernal Blade","floor":12.0,"key":"SMITH"},{"data":"Rage","floor":15.0,"key":"SMITH"},{"data":"Seeing Red","floor":23.0,"key":"SMITH"},{"floor":25.0,"key":"REST"},{"data":"Seeing Red","floor":30.0,"key":"SMITH"},{"data":"1","floor":32,"key":"LIFT"}],"neow_cost":"NONE","seed_source_timestamp":1423620674407330,"circlet_count":0,"master_deck":["Strike_R","Strike_R","Strike_R","Strike_R","Strike_R","Defend_R","Defend_R","Defend_R","Defend_R","Bash","Shrug It Off","Infernal Blade+1","Feel No Pain+1","True Grit+1","Rage+1","Perfected Strike","Shrug It Off","Pummel","Perfected Strike","Feed","Seeing Red+1","Burning Pact+1","Seeing Red+1","Discovery","Body Slam","Perfected Strike","Feel No Pain+1","Ghostly Armor+1","Flex+1","Entrench"],"special_seed":0,"relics":["Burning Blood","NeowsBlessing","Peace Pipe","Mango","Odd Mushroom","Mark of Pain","Centennial Puzzle","Girya"],"potions_floor_usage":[33],"damage_taken":[{"damage":0.0,"enemies":"Cultist","floor":1.0,"turns":1.0},{"damage":0.0,"enemies":"Jaw Worm","floor":2.0,"turns":1.0},{"damage":0.0,"enemies":"3 Sentries","floor":7.0,"turns":1.0},{"damage":22.0,"enemies":"The Mushroom Lair","floor":10.0,"turns":9.0},{"damage":0.0,"enemies":"Small Slimes","floor":11.0,"turns":3.0},{"damage":0.0,"enemies":"2 Fungi Beasts","floor":13.0,"turns":4.0},{"damage":0.0,"enemies":"Looter","floor":14.0,"turns":4.0},{"damage":14.0,"enemies":"Slime Boss","floor":16.0,"turns":12.0},{"damage":2.0,"enemies":"3 Byrds","floor":18.0,"turns":7.0},{"damage":15.0,"enemies":"2 Thieves","floor":19.0,"turns":4.0},{"damage":28.0,"enemies":"Shelled Parasite and Fungi","floor":21.0,"turns":9.0},{"damage":23.0,"enemies":"Chosen and Byrds","floor":22.0,"turns":7.0},{"damage":21.0,"enemies":"Snake Plant","floor":28.0,"turns":4.0},{"damage":13.0,"enemies":"Shelled Parasite and Fungi","floor":29.0,"turns":11.0},{"damage":15,"enemies":"Slavers","floor":31,"turns":8},{"damage":92,"enemies":"Champ","floor":33,"turns":17}],"seed_played":"-7274797222669444965","potions_obtained":[{"floor":10.0,"key":"GamblersBrew"},{"floor":11.0,"key":"BloodPotion"},{"floor":13.0,"key":"Fire Potion"},{"floor":21.0,"key":"Weak Potion"},{"floor":22.0,"key":"Energy Potion"}],"is_trial":false,"path_per_floor":["M","M","$","?","$","R","E","R","T","?","M","R","M","M","R","B",null,"M","M","$","M","M","R","?","R","T","?","M","M","R","E","R","B"],"character_chosen":"IRONCLAD","items_purchased":["Feel No Pain","True Grit","Seeing Red","Discovery"],"campfire_rested":1,"item_purchase_floors":[3,5,20,20],"current_hp_per_floor":[80,80,80,85,85,85,85,85,99,83,89,89,95,99,99,91,99,102,96,96,104,90,90,67,101,101,101,86,82,82,76,76,0],"gold":170,"neow_bonus":"THREE_ENEMY_KILL","is_prod":false,"is_daily":false,"chose_seed":false,"campfire_upgraded":6,"win_rate":0,"timestamp":1562542729,"path_taken":["M","?","$","?","$","R","E","R","T","?","M","R","M","M","R","BOSS","M","M","$","M","M","R","?","R","T","?","M","?","R","E","R","BOSS"],"build_version":"2019-07-05","purchased_purges":0,"victory":false,"max_hp_per_floor":[80,80,80,85,85,85,85,85,99,99,99,99,99,99,99,99,99,102,105,105,108,111,111,116,116,116,116,116,119,119,122,122,122],"card_choices":[{"not_picked":["Clothesline","Heavy Blade"],"picked":"Shrug It Off","floor":1.0},{"not_picked":["Thunderclap","Pommel Strike"],"picked":"Infernal Blade","floor":2.0},{"not_picked":["Twin Strike","Anger"],"picked":"Rage","floor":7.0},{"not_picked":["Clothesline","Headbutt"],"picked":"Perfected Strike","floor":10.0},{"not_picked":["Thunderclap","Heavy Blade"],"picked":"Shrug It Off","floor":11.0},{"not_picked":["Battle Trance","Fire Breathing"],"picked":"Pummel","floor":13.0},{"not_picked":["Feel No Pain","Body Slam"],"picked":"Perfected Strike","floor":14.0},{"not_picked":["Double Tap","Berserk"],"picked":"Feed","floor":16.0},{"not_picked":["Thunderclap","Clothesline+1"],"picked":"Seeing Red","floor":18.0},{"not_picked":["Havoc","Anger"],"picked":"Burning Pact+1","floor":19.0},{"not_picked":["Metallicize+1","Anger"],"picked":"Body Slam","floor":21.0},{"not_picked":["Spot Weakness","Corruption"],"picked":"Perfected Strike","floor":22.0},{"not_picked":["Combust","Headbutt"],"picked":"Ghostly Armor+1","floor":28.0},{"not_picked":["Blood for Blood","Clash"],"picked":"Flex+1","floor":29.0},{"not_picked":["Infernal Blade","Heavy Blade"],"picked":"Entrench","floor":31}],"player_experience":255725,"relics_obtained":[{"floor":7.0,"key":"Peace Pipe"},{"floor":9.0,"key":"Mango"},{"floor":10.0,"key":"Odd Mushroom"},{"floor":26.0,"key":"Centennial Puzzle"},{"floor":31,"key":"Girya"}],"event_choices":[{"damage_healed":0.0,"max_hp_gain":5.0,"max_hp_loss":0.0,"gold_gain":0.0,"event_name":"Big Fish","player_choice":"Donut","floor":4.0,"gold_loss":0.0,"damage_taken":0.0},{"damage_healed":0.0,"max_hp_gain":0.0,"max_hp_loss":0.0,"gold_gain":0.0,"event_name":"Mushrooms","player_choice":"Fought Mushrooms","floor":10.0,"gold_loss":0.0,"damage_taken":0.0},{"damage_healed":0.0,"max_hp_gain":5.0,"max_hp_loss":0.0,"gold_gain":0.0,"event_name":"Forgotten Altar","player_choice":"Shed Blood","floor":24.0,"gold_loss":0.0,"damage_taken":28.0},{"damage_healed":0.0,"max_hp_gain":0.0,"max_hp_loss":0.0,"gold_gain":0.0,"event_name":"Duplicator","player_choice":"Copied","floor":27.0,"gold_loss":0.0,"damage_taken":0.0,"cards_obtained":["Feel No Pain"]}],"is_beta":false,"boss_relics":[{"not_picked":["Cursed Key","Runic Pyramid"],"picked":"Mark of Pain"}],"items_purged_floors":[],"is_endless":false,"potions_floor_spawned":[10,11,13,21,22],"killed_by":"Champ","ascension_level":0}