{"gold_per_floor":[116,130,55,69,69,69,84,112,149,224,263,292,329,341,353,441,453,477,489,210,225,236,270,270,119,189,223,242,252,271,300,300,373,373,388,403,423,298,1297,1297,1297,1297,1297,1307,1307,1307,731,756,756,756,756,756,756,195,230,230],"floor_reached":57,"playtime":1867,"items_purged":["Deadly Poison","Outmaneuver+1","Deadly Poison","Neutralize+1","Blur+1"],"score":3445,"play_id":"d17d7aaf-5470-4598-bb92-4327bb414fcd","local_time":"20190624014647","is_ascension_mode":true,"campfire_choices":[{"data":"Flechettes","floor":6,"key":"SMITH"},{"data":"Wraith Form v2","floor":15,"key":"SMITH"},{"floor":24,"key":"RECALL"},{"data":"Footwork","floor":32,"key":"SMITH"},{"data":"Neutralize","floor":40,"key":"SMITH"},{"data":"Blur","floor":42,"key":"SMITH"},{"data":"Well Laid Plans","floor":45,"key":"SMITH"},{"floor":49,"key":"REST"},{"floor":53,"key":"REST"}],"neow_cost":"","seed_source_timestamp":453402965257200,"circlet_count":0,"master_deck":["Blur+1","Deadly Poison+1","Flechettes+1","Catalyst+1","Crippling Poison+1","Acrobatics+1","Dodge and Roll+1","Wraith Form v2+1","Burst+1","Catalyst+1","Tactician+1","Prepared+1","Corpse Explosion+1","Well Laid Plans+1","Footwork+1","After Image","Reflex+1"],"relics":["Ring of the Snake","Toxic Egg 2","MawBank","Tiny Chest","Bag of Preparation","Runic Dome","Nloth\u0027s Gift","TwistedFunnel","Omamori","Kunai","Lantern","Bronze Scales","Empty Cage","Dodecahedron","Centennial Puzzle","Sundial","Medical Kit","FossilizedHelix"],"potions_floor_usage":[7,8,22,29,56,56],"damage_taken":[{"damage":0,"enemies":"Cultist","floor":1,"turns":3},{"damage":0,"enemies":"2 Louse","floor":2,"turns":2},{"damage":0,"enemies":"Jaw Worm","floor":4,"turns":2},{"damage":4,"enemies":"Large Slime","floor":7,"turns":8},{"damage":16,"enemies":"3 Sentries","floor":8,"turns":8},{"damage":0,"enemies":"Gremlin Nob","floor":10,"turns":2},{"damage":4,"enemies":"3 Louse","floor":12,"turns":4},{"damage":8,"enemies":"3 Sentries","floor":13,"turns":4},{"damage":0,"enemies":"Hexaghost","floor":16,"turns":7},{"damage":0,"enemies":"Shell Parasite","floor":18,"turns":2},{"damage":0,"enemies":"Chosen","floor":21,"turns":2},{"damage":5,"enemies":"3 Cultists","floor":22,"turns":4},{"damage":2,"enemies":"Book of Stabbing","floor":23,"turns":2},{"damage":0,"enemies":"Gremlin Leader","floor":27,"turns":1},{"damage":0,"enemies":"Snecko","floor":28,"turns":2},{"damage":0,"enemies":"Shelled Parasite and Fungi","floor":29,"turns":2},{"damage":0,"enemies":"Sentry and Sphere","floor":30,"turns":2},{"damage":0,"enemies":"Book of Stabbing","floor":31,"turns":2},{"damage":0,"enemies":"Collector","floor":33,"turns":4},{"damage":0,"enemies":"3 Shapes","floor":35,"turns":1},{"damage":8,"enemies":"Orb Walker","floor":36,"turns":1},{"damage":0,"enemies":"4 Shapes","floor":37,"turns":1},{"damage":0,"enemies":"Transient","floor":44,"turns":3},{"damage":0,"enemies":"Reptomancer","floor":48,"turns":2},{"damage":0,"enemies":"Awakened One","floor":50,"turns":4},{"damage":0,"enemies":"Time Eater","floor":51,"turns":1},{"damage":0,"enemies":"Shield and Spear","floor":55,"turns":3},{"damage":0,"enemies":"The Heart","floor":56,"turns":4}],"seed_played":"4097619476066331479","potions_obtained":[{"floor":1,"key":"AttackPotion"},{"floor":2,"key":"Regen Potion"},{"floor":8,"key":"Weak Potion"},{"floor":16,"key":"GamblersBrew"},{"floor":22,"key":"Fruit Juice"},{"floor":27,"key":"AttackPotion"},{"floor":29,"key":"PowerPotion"},{"floor":31,"key":"GhostInAJar"}],"is_trial":true,"path_per_floor":["M","M","?","M","?","R","M","E","T","E","T","M","E","?","R","B",null,"M","?","$","M","M","E","R","$","T","E","M","M","M","E","R","B",null,"M","M","M","$","?","R","?","R","T","M","R","?","$","E","R","B","B",null,"R","$","E","B",null],"character_chosen":"THE_SILENT","items_purchased":["TwistedFunnel","Prepared+1","Dodecahedron","Centennial Puzzle","After Image","Reflex+1","Medical Kit"],"campfire_rested":2,"item_purchase_floors":[20,25,47,47,54,54,54],"current_hp_per_floor":[59,59,59,59,59,59,66,50,50,50,50,46,38,18,18,18,54,54,54,54,54,54,52,52,52,52,52,52,52,52,52,52,52,66,66,58,58,58,58,58,58,58,58,58,58,58,58,58,71,71,71,71,71,71,71,71],"gold":230,"neow_bonus":"","is_prod":false,"is_daily":false,"chose_seed":false,"campfire_upgraded":6,"win_rate":0,"timestamp":1561308407,"path_taken":["M","M","?","M","?","R","M","E","T","E","?","M","E","?","R","BOSS","M","?","$","M","M","E","R","$","T","E","M","?","M","E","R","BOSS","M","M","M","$","?","R","?","R","T","?","R","?","$","E","R","BOSS","BOSS","R","$","E","BOSS"],"build_version":"2019-01-23","purchased_purges":5,"victory":true,"max_hp_per_floor":[66,66,66,66,66,66,66,66,66,66,66,66,66,66,66,66,66,66,66,66,66,71,71,71,71,71,71,71,71,71,71,71,71,71,71,71,71,71,71,71,71,71,71,71,71,71,71,71,71,71,71,71,71,71,71,71],"card_choices":[{"not_picked":["Dagger Spray","Poisoned Stab"],"picked":"Flechettes","floor":1},{"not_picked":["Slice","Backflip+1"],"picked":"Catalyst+1","floor":2},{"not_picked":["Poisoned Stab","Blade Dance+1"],"picked":"Crippling Poison+1","floor":4},{"not_picked":["Riddle With Holes","Bane"],"picked":"Acrobatics+1","floor":7},{"not_picked":["Slice","Dagger Spray"],"picked":"Dodge and Roll+1","floor":8},{"not_picked":["Dagger Spray","Acrobatics+1"],"picked":"Wraith Form v2","floor":10},{"not_picked":["Dash","Acrobatics+1"],"picked":"Outmaneuver+1","floor":12},{"not_picked":["Finisher","Phantasmal Killer+1","Dagger Throw"],"picked":"SKIP","floor":13},{"not_picked":["Envenom","Bullet Time+1"],"picked":"Burst+1","floor":16},{"not_picked":["Bane","Endless Agony","Dagger Throw"],"picked":"SKIP","floor":18},{"not_picked":["Acrobatics+1","Noxious Fumes+1"],"picked":"Catalyst+1","floor":21},{"not_picked":["Sucker Punch","Heel Hook","Flying Knee"],"picked":"SKIP","floor":22},{"not_picked":["Poisoned Stab","Crippling Poison+1"],"picked":"Tactician+1","floor":23},{"not_picked":["Sucker Punch","Flying Knee"],"picked":"Corpse Explosion+1","floor":27},{"not_picked":["Eviscerate","Slice"],"picked":"Well Laid Plans","floor":28},{"not_picked":["PiercingWail+1","Terror+1"],"picked":"Footwork","floor":29},{"not_picked":["Deadly Poison+1","Prepared+1","Footwork"],"picked":"SKIP","floor":30},{"not_picked":["Sucker Punch","Deadly Poison+1","Corpse Explosion+1"],"picked":"SKIP","floor":31},{"not_picked":["Phantasmal Killer+1","Wraith Form v2","Deadly Poison+1"],"picked":"SKIP","floor":35},{"not_picked":["Quick Slash+1","Dagger Throw","Dagger Spray"],"picked":"SKIP","floor":36},{"not_picked":["Dodge and Roll+1","Setup+1","Deadly Poison+1"],"picked":"SKIP","floor":37},{"not_picked":["Slice+1","Dodge and Roll+1","PiercingWail+1"],"picked":"SKIP","floor":44},{"not_picked":["Crippling Poison+1","Dodge and Roll+1","Slice"],"picked":"SKIP","floor":48},{"not_picked":["Crippling Poison+1","Dodge and Roll+1","Slice"],"picked":"SKIP","floor":48},{"not_picked":["Bane","Venomology+1","Flying Knee"],"picked":"SKIP","floor":55}],"player_experience":5467618,"relics_obtained":[{"floor":8,"key":"MawBank"},{"floor":10,"key":"Tiny Chest"},{"floor":11,"key":"Bag of Preparation"},{"floor":13,"key":"Boot"},{"floor":23,"key":"Omamori"},{"floor":26,"key":"Kunai"},{"floor":27,"key":"Lantern"},{"floor":31,"key":"Bronze Scales"},{"floor":48,"key":"Sundial"},{"floor":55,"key":"FossilizedHelix"}],"event_choices":[{"cards_removed":["Deadly Poison"],"damage_healed":0,"gold_gain":0,"player_choice":"Card Removal","damage_taken":0,"max_hp_gain":0,"max_hp_loss":0,"event_name":"The Cleric","floor":3,"gold_loss":75},{"cards_removed":["Blur"],"damage_healed":0,"gold_gain":0,"player_choice":"Forget","damage_taken":0,"max_hp_gain":0,"max_hp_loss":0,"event_name":"Living Wall","floor":5,"gold_loss":0},{"damage_healed":0,"gold_gain":0,"player_choice":"Entered Light","damage_taken":20,"max_hp_gain":0,"max_hp_loss":0,"event_name":"Shining Light","floor":14,"gold_loss":0,"cards_upgraded":["Deadly Poison","Blur"]},{"damage_healed":0,"gold_gain":0,"player_choice":"Traded Relic","damage_taken":0,"relics_obtained":["Nloth\u0027s Gift"],"max_hp_gain":0,"max_hp_loss":0,"event_name":"N\u0027loth","floor":19,"relics_lost":["Boot"],"gold_loss":0},{"damage_healed":0,"gold_gain":999,"player_choice":"Gold","damage_taken":0,"max_hp_gain":0,"max_hp_loss":0,"event_name":"MindBloom","floor":39,"gold_loss":0,"cards_obtained":["Normality","Normality"]},{"cards_removed":["Blur"],"damage_healed":0,"gold_gain":0,"player_choice":"Purged","damage_taken":0,"max_hp_gain":0,"max_hp_loss":0,"event_name":"Purifier","floor":41,"gold_loss":0},{"cards_removed":["Survivor"],"damage_healed":0,"gold_gain":0,"player_choice":"Offered Basic","damage_taken":0,"max_hp_gain":0,"max_hp_loss":0,"event_name":"Bonfire Elementals","floor":46,"gold_loss":0}],"is_beta":false,"boss_relics":[{"not_picked":["Busted Crown","Ectoplasm"],"picked":"Runic Dome"},{"not_picked":["Runic Pyramid","Velvet Choker"],"picked":"Empty Cage"}],"items_purged_floors":[20,25,38,47,54],"is_endless":false,"potions_floor_spawned":[1,2,8,16,22,27,29,30,31,33,35,44,48],"ascension_level":20}