{"gold_per_floor":[12,24,24,24,42,54,54,65,138,150,150,150,161,192,192,266,266,277,277,202,202,21,38,97,97,97,108,108,118,145,163,163,235,235,245,245,120,135,34,34,62,78,78,95,112,139,156,156,156,156,156,156,156,6,32,32],"floor_reached":57,"playtime":3927,"items_purged":["Strike_G","Strike_G","Strike_G","Flying Knee"],"score":3097,"play_id":"f362be10-7072-4667-abc3-9f4422c13904","local_time":"20190621024624","is_ascension_mode":true,"campfire_choices":[{"data":"Neutralize","floor":7,"key":"SMITH"},{"data":"Deadly Poison","floor":15,"key":"SMITH"},{"data":"Calculated Gamble","floor":28,"key":"SMITH"},{"data":"Tactician","floor":32,"key":"SMITH"},{"data":"Well Laid Plans","floor":40,"key":"SMITH"},{"floor":49,"key":"RECALL"},{"data":"Purity","floor":53,"key":"SMITH"}],"neow_cost":"NO_GOLD","seed_source_timestamp":198509397203100,"circlet_count":0,"master_deck":["AscendersBane","Defend_G","Defend_G","Defend_G","Survivor","Neutralize+1","Backflip","Well Laid Plans+1","Die Die Die","Deadly Poison+1","Calculated Gamble+1","Adrenaline","Tactician+1","Backstab","Footwork","Blade Dance+1","Tools of the Trade","Malaise","Acrobatics+1","Purity+1","Blur"],"relics":["Ring of the Snake","Singing Bowl","Gambling Chip","Pocketwatch","Philosopher\u0027s Stone","Tiny Chest","Kunai","Red Mask","Sozu","Potion Belt","Mercury Hourglass","The Specimen"],"potions_floor_usage":[6,16,23,24,31,46,56],"damage_taken":[{"damage":2,"enemies":"2 Louse","floor":1,"turns":3},{"damage":1,"enemies":"Small Slimes","floor":2,"turns":3},{"damage":0,"enemies":"Cultist","floor":5,"turns":4},{"damage":7,"enemies":"Exordium Thugs","floor":6,"turns":4},{"damage":0,"enemies":"Blue Slaver","floor":8,"turns":4},{"damage":0,"enemies":"Red Slaver","floor":10,"turns":4},{"damage":5,"enemies":"Exordium Wildlife","floor":13,"turns":3},{"damage":0,"enemies":"3 Sentries","floor":14,"turns":9},{"damage":25,"enemies":"Hexaghost","floor":16,"turns":8},{"damage":5,"enemies":"Shell Parasite","floor":18,"turns":5},{"damage":1,"enemies":"Chosen","floor":23,"turns":4},{"damage":0,"enemies":"Gremlin Leader","floor":24,"turns":5},{"damage":0,"enemies":"Centurion and Healer","floor":27,"turns":7},{"damage":18,"enemies":"Shelled Parasite and Fungi","floor":29,"turns":4},{"damage":0,"enemies":"Masked Bandits","floor":30,"turns":3},{"damage":0,"enemies":"3 Cultists","floor":31,"turns":5},{"damage":20,"enemies":"Champ","floor":33,"turns":21},{"damage":3,"enemies":"3 Shapes","floor":35,"turns":5},{"damage":3,"enemies":"3 Darklings","floor":38,"turns":5},{"damage":0,"enemies":"Giant Head","floor":41,"turns":4},{"damage":0,"enemies":"Jaw Worm Horde","floor":42,"turns":5},{"damage":0,"enemies":"Spire Growth","floor":44,"turns":5},{"damage":1,"enemies":"4 Shapes","floor":45,"turns":6},{"damage":0,"enemies":"Reptomancer","floor":46,"turns":8},{"damage":0,"enemies":"Sphere and 2 Shapes","floor":47,"turns":5},{"damage":19,"enemies":"Donu and Deca","floor":50,"turns":9},{"damage":0,"enemies":"Time Eater","floor":51,"turns":17},{"damage":2,"enemies":"Shield and Spear","floor":55,"turns":11},{"damage":80,"enemies":"The Heart","floor":56,"turns":10}],"seed_played":"-6269916802035945723","potions_obtained":[{"floor":5,"key":"SteroidPotion"},{"floor":6,"key":"Poison Potion"},{"floor":14,"key":"Explosive Potion"},{"floor":16,"key":"SpeedPotion"},{"floor":18,"key":"Poison Potion"},{"floor":29,"key":"GamblersBrew"},{"floor":31,"key":"Explosive Potion"},{"floor":33,"key":"Strength Potion"}],"is_trial":false,"path_per_floor":["M","M","?","?","M","M","R","M","T","M","T","?","M","E","R","B",null,"M","?","$","?","$","M","E","$","T","M","R","M","?","M","R","B",null,"M","?","$","M","$","R","E","M","T","M","M","E","M","?","R","B","B",null,"R","$","E","B",null],"character_chosen":"THE_SILENT","items_purchased":["Tactician","Purity"],"campfire_rested":0,"item_purchase_floors":[22,39],"current_hp_per_floor":[57,56,61,61,61,54,54,54,54,56,56,56,51,51,51,28,63,60,60,60,38,38,37,39,39,39,41,41,23,23,23,23,3,65,62,62,62,61,61,61,63,65,65,65,66,68,70,70,70,51,51,86,86,86,86,6],"gold":32,"neow_bonus":"REMOVE_TWO","is_prod":false,"is_daily":false,"chose_seed":false,"campfire_upgraded":6,"win_rate":0,"timestamp":1561052784,"path_taken":["M","M","?","?","M","M","R","M","T","?","?","?","?","E","R","BOSS","M","?","$","?","$","M","E","?","T","M","R","?","?","M","R","BOSS","M","?","$","?","?","R","E","M","T","M","M","E","M","?","R","BOSS","BOSS","R","$","E","BOSS"],"build_version":"2019-01-23","purchased_purges":4,"victory":true,"max_hp_per_floor":[66,66,71,71,71,71,71,71,71,73,73,73,73,73,73,75,75,77,77,77,82,82,82,84,84,84,86,86,86,86,86,86,86,86,86,86,86,88,88,88,90,92,92,92,94,96,98,98,98,98,98,98,98,98,100,100],"card_choices":[{"not_picked":["Cloak And Dagger","Sucker Punch"],"picked":"Backflip","floor":1},{"not_picked":["Cloak And Dagger","Heel Hook"],"picked":"Flying Knee","floor":2},{"not_picked":["Skewer","Concentrate"],"picked":"Dash","floor":5},{"not_picked":["Dagger Throw","Flying Knee"],"picked":"Die Die Die","floor":6},{"not_picked":["Finisher","Dagger Throw"],"picked":"Deadly Poison","floor":8},{"not_picked":["All Out Attack","Prepared","Concentrate"],"picked":"Singing Bowl","floor":10},{"not_picked":["Backflip","Flying Knee"],"picked":"Calculated Gamble","floor":13},{"not_picked":["Finisher","Slice"],"picked":"Adrenaline","floor":14},{"not_picked":["Night Terror","Burst","Malaise"],"picked":"Singing Bowl","floor":16},{"not_picked":["Quick Slash","Flying Knee","Bane"],"picked":"Singing Bowl","floor":18},{"not_picked":["Prepared","PiercingWail"],"picked":"Backstab","floor":23},{"not_picked":["Dagger Spray","Dodge and Roll","All Out Attack"],"picked":"Singing Bowl","floor":24},{"not_picked":["Poisoned Stab","Deflect","Endless Agony"],"picked":"Singing Bowl","floor":27},{"not_picked":["PiercingWail+1","Deflect"],"picked":"Footwork","floor":29},{"not_picked":["Cloak And Dagger","Setup"],"picked":"Blade Dance+1","floor":30},{"not_picked":["Sucker Punch","Backstab"],"picked":"Tools of the Trade","floor":31},{"not_picked":["Tools of the Trade","Bullet Time"],"picked":"Malaise","floor":33},{"not_picked":["Catalyst+1","Crippling Poison+1"],"picked":"Acrobatics","floor":35},{"not_picked":["Footwork","Sucker Punch","Setup"],"picked":"Singing Bowl","floor":38},{"not_picked":["Dagger Throw","Poisoned Stab","Night Terror"],"picked":"Singing Bowl","floor":41},{"not_picked":["Slice","Backstab","Finisher"],"picked":"Singing Bowl","floor":42},{"not_picked":["Expertise","Catalyst"],"picked":"Blur","floor":44},{"not_picked":["Distraction","Flying Knee","Well Laid Plans"],"picked":"Singing Bowl","floor":45},{"not_picked":["Wraith Form v2","Cloak And Dagger","Distraction+1"],"picked":"Singing Bowl","floor":46},{"not_picked":["Deflect","Outmaneuver+1","Blade Dance+1"],"picked":"Singing Bowl","floor":47},{"not_picked":["Dagger Spray+1","Terror","Cloak And Dagger"],"picked":"Singing Bowl","floor":55}],"player_experience":5435285,"relics_obtained":[{"floor":9,"key":"Singing Bowl"},{"floor":11,"key":"Gambling Chip"},{"floor":14,"key":"Pocketwatch"},{"floor":24,"key":"Tiny Chest"},{"floor":26,"key":"Kunai"},{"floor":30,"key":"Red Mask"},{"floor":46,"key":"Potion Belt"},{"floor":55,"key":"The Specimen"}],"event_choices":[{"damage_healed":0,"gold_gain":0,"player_choice":"Donut","damage_taken":0,"max_hp_gain":5,"max_hp_loss":0,"event_name":"Big Fish","floor":3,"gold_loss":0},{"damage_healed":0,"gold_gain":0,"cards_transformed":["Strike_G"],"player_choice":"Transformed","damage_taken":0,"max_hp_gain":0,"max_hp_loss":0,"event_name":"Transmorgrifier","floor":4,"gold_loss":0,"cards_obtained":["Well Laid Plans"]},{"cards_removed":["Defend_G"],"damage_healed":0,"gold_gain":0,"player_choice":"Purged","damage_taken":0,"max_hp_gain":0,"max_hp_loss":0,"event_name":"Purifier","floor":12,"gold_loss":0},{"damage_healed":0,"gold_gain":0,"player_choice":"Ignored","damage_taken":0,"max_hp_gain":0,"max_hp_loss":0,"event_name":"Ghosts","floor":19,"gold_loss":0},{"damage_healed":0,"gold_gain":0,"player_choice":"Shed Blood","damage_taken":27,"max_hp_gain":5,"max_hp_loss":0,"event_name":"Forgotten Altar","floor":21,"gold_loss":0},{"damage_healed":0,"gold_gain":0,"player_choice":"Fought Bandits","damage_taken":0,"max_hp_gain":0,"max_hp_loss":0,"event_name":"Masked Bandits","floor":30,"gold_loss":0},{"damage_healed":0,"gold_gain":0,"player_choice":"Forge","damage_taken":0,"max_hp_gain":0,"max_hp_loss":0,"event_name":"Accursed Blacksmith","floor":36,"gold_loss":0,"cards_upgraded":["Acrobatics"]},{"cards_removed":["Dash"],"damage_healed":0,"gold_gain":0,"player_choice":"Gave Card","damage_taken":0,"relics_obtained":["Mercury Hourglass"],"max_hp_gain":0,"max_hp_loss":0,"event_name":"WeMeetAgain","floor":48,"gold_loss":0}],"is_beta":false,"boss_relics":[{"not_picked":["Busted Crown","Ectoplasm"],"picked":"Philosopher\u0027s Stone"},{"not_picked":["Black Star","Velvet Choker"],"picked":"Sozu"}],"items_purged_floors":[20,22,37,54],"is_endless":false,"potions_floor_spawned":[5,6,14,16,18,29,31,33,38,42,45,46,55],"ascension_level":20}