{"gold_per_floor":[113,113,113,38,38,69,84,104,150,184,208,224,224],"floor_reached":13,"playtime":232,"items_purged":["Strike_B"],"score":240,"play_id":"dc270ed8-3c5b-4221-9fd1-168db8640030","local_time":"20190616023225","is_ascension_mode":true,"campfire_choices":[],"neow_cost":"NONE","seed_source_timestamp":118448823221900,"circlet_count":0,"master_deck":["AscendersBane","Strike_B","Strike_B","Strike_B","Defend_B","Defend_B","Defend_B","Defend_B","Zap","Dualcast","FTL","Rip and Tear","Gash","Rebound","Static Discharge","Recycle","Skim"],"relics":["Cracked Core","NeowsBlessing","Pantograph","Golden Idol","Bronze Scales","Regal Pillow","Question Card"],"potions_floor_usage":[10,11],"damage_taken":[{"damage":0,"enemies":"Small Slimes","floor":1,"turns":1},{"damage":0,"enemies":"Lagavulin","floor":6,"turns":1},{"damage":0,"enemies":"Jaw Worm","floor":7,"turns":1},{"damage":0,"enemies":"Cultist","floor":8,"turns":2},{"damage":25,"enemies":"3 Sentries","floor":10,"turns":6},{"damage":1,"enemies":"2 Fungi Beasts","floor":11,"turns":2},{"damage":21,"enemies":"Lots of Slimes","floor":12,"turns":3},{"damage":10,"enemies":"Gremlin Gang","floor":13,"turns":1}],"seed_played":"-375459233017889857","potions_obtained":[{"floor":8,"key":"Swift Potion"},{"floor":10,"key":"Dexterity Potion"},{"floor":11,"key":"Fruit Juice"}],"is_trial":false,"path_per_floor":["M","?","T","$","?","E","M","M","T","E","M","M","M"],"character_chosen":"DEFECT","items_purchased":[],"campfire_rested":0,"item_purchase_floors":[],"current_hp_per_floor":[64,69,69,69,43,43,43,43,43,18,22,1,0],"gold":224,"neow_bonus":"THREE_ENEMY_KILL","is_prod":false,"is_daily":false,"chose_seed":false,"campfire_upgraded":0,"win_rate":0,"timestamp":1560619945,"path_taken":["M","?","?","?","?","E","?","M","T","E","M","M","M"],"build_version":"2019-01-23","purchased_purges":1,"victory":false,"max_hp_per_floor":[71,76,76,76,76,76,76,76,76,76,81,81,81],"card_choices":[{"not_picked":["Ball Lightning","Stack"],"picked":"FTL","floor":1},{"not_picked":["Reprogram","Self Repair"],"picked":"Rip and Tear","floor":6},{"not_picked":["Capacitor","Leap"],"picked":"Gash","floor":7},{"not_picked":["Cold Snap","Streamline"],"picked":"Rebound","floor":8},{"not_picked":["Capacitor","Go for the Eyes"],"picked":"Static Discharge","floor":10},{"not_picked":["Conserve Battery","Leap","Streamline"],"picked":"Recycle","floor":11},{"not_picked":["Barrage","Conserve Battery","Go for the Eyes"],"picked":"Skim","floor":12}],"player_experience":5376530,"relics_obtained":[{"floor":3,"key":"Pantograph"},{"floor":6,"key":"Bronze Scales"},{"floor":9,"key":"Regal Pillow"},{"floor":10,"key":"Question Card"}],"event_choices":[{"damage_healed":0,"gold_gain":0,"player_choice":"Donut","damage_taken":0,"max_hp_gain":5,"max_hp_loss":0,"event_name":"Big Fish","floor":2,"gold_loss":0},{"damage_healed":0,"gold_gain":0,"player_choice":"Take Damage","damage_taken":26,"relics_obtained":["Golden Idol"],"max_hp_gain":0,"max_hp_loss":0,"event_name":"Golden Idol","floor":5,"gold_loss":0}],"is_beta":false,"boss_relics":[],"items_purged_floors":[4],"is_endless":false,"potions_floor_spawned":[8,10,11],"killed_by":"Gremlin Gang","ascension_level":20}