{"gold_per_floor":[114,189,201,218,228,228,228,24,24,24,56,75,75],"floor_reached":13,"playtime":460,"items_purged":[],"score":89,"play_id":"d11844b2-aae7-44c6-b509-e0b4c319f7bd","local_time":"20190719170733","is_ascension_mode":true,"campfire_choices":[{"floor":6,"key":"RECALL"}],"neow_cost":"NONE","seed_source_timestamp":774498411172800,"circlet_count":0,"master_deck":["Strike_B","Strike_B","Strike_B","Strike_B","Defend_B","Defend_B","Defend_B+1","Defend_B+1","Zap","Dualcast","Blizzard","Redo","Cold Snap","Barrage","Flash of Steel","Reboot","Scrape","Defragment","Double Energy"],"relics":["Cracked Core","Runic Capacitor","Symbiotic Virus","Blood Vial"],"potions_floor_usage":[3,11],"damage_taken":[{"damage":1,"enemies":"Jaw Worm","floor":1,"turns":3},{"damage":4,"enemies":"2 Louse","floor":3,"turns":3},{"damage":1,"enemies":"Small Slimes","floor":4,"turns":3},{"damage":22,"enemies":"Exordium Thugs","floor":5,"turns":5},{"damage":10,"enemies":"Lagavulin","floor":11,"turns":5},{"damage":0,"enemies":"2 Fungi Beasts","floor":12,"turns":3},{"damage":22,"enemies":"3 Sentries","floor":13,"turns":2}],"seed_played":"1777173209894098711","potions_obtained":[{"floor":1,"key":"Block Potion"},{"floor":5,"key":"Ancient Potion"},{"floor":11,"key":"SpeedPotion"}],"is_trial":false,"path_per_floor":["M","?","M","M","M","R","?","$","T","?","E","M","E"],"character_chosen":"DEFECT","items_purchased":["Runic Capacitor"],"campfire_rested":0,"item_purchase_floors":[8],"current_hp_per_floor":[81,70,66,65,43,43,27,27,27,27,17,19,0],"gold":75,"neow_bonus":"TEN_PERCENT_HP_BONUS","is_prod":false,"is_daily":false,"chose_seed":false,"campfire_upgraded":0,"win_rate":0,"timestamp":1563574053,"path_taken":["M","?","M","M","M","R","?","$","T","?","E","?","E"],"build_version":"2019-07-17","purchased_purges":0,"victory":false,"max_hp_per_floor":[82,82,82,82,82,82,82,82,82,82,82,82,82],"card_choices":[{"not_picked":["Leap","Coolheaded"],"picked":"Blizzard","floor":1},{"not_picked":["Coolheaded","Steam Power"],"picked":"Redo","floor":3},{"not_picked":["Aggregate","Rebound"],"picked":"Cold Snap","floor":4},{"not_picked":["Beam Cell","Turbo"],"picked":"Barrage","floor":5},{"not_picked":["Steam","Darkness"],"picked":"Defragment","floor":11},{"not_picked":["Chaos","Beam Cell"],"picked":"Double Energy","floor":12}],"player_experience":96794,"relics_obtained":[{"floor":9,"key":"Symbiotic Virus"},{"floor":11,"key":"Blood Vial"}],"event_choices":[{"damage_healed":0,"gold_gain":75,"player_choice":"Gather Gold","damage_taken":11,"max_hp_gain":0,"max_hp_loss":0,"event_name":"World of Goop","floor":2,"gold_loss":0},{"damage_healed":0,"gold_gain":0,"player_choice":"Entered Light","damage_taken":16,"max_hp_gain":0,"max_hp_loss":0,"event_name":"Shining Light","floor":7,"gold_loss":0,"cards_upgraded":["Defend_B","Defend_B"]},{"damage_healed":0,"gold_gain":0,"player_choice":"3 cards matched","damage_taken":0,"max_hp_gain":0,"max_hp_loss":0,"event_name":"Match and Keep!","floor":10,"gold_loss":0,"cards_obtained":["Flash of Steel","Reboot","Scrape"]}],"is_beta":false,"boss_relics":[],"items_purged_floors":[],"is_endless":false,"potions_floor_spawned":[1,5,11],"killed_by":"3 Sentries","ascension_level":1}