{"gold_per_floor":[110,120,139,156,116,116,130,130,130,155,175,205,205,223,223,300,300,311,311,329,12,39,68,79,106,130,160,75,75,90,109,109,186,186,198,218,234,245,73,73],"floor_reached":40,"playtime":1179,"items_purged":["Strike_R"],"score":1074,"play_id":"9efeda39-563d-4b67-932d-5461a546e412","local_time":"20190504024605","is_ascension_mode":true,"campfire_choices":[{"data":"Combust","floor":6,"key":"SMITH"},{"data":"Hemokinesis","floor":8,"key":"SMITH"},{"data":"Immolate","floor":13,"key":"SMITH"},{"floor":15,"key":"REST"},{"data":"Shockwave","floor":29,"key":"SMITH"},{"data":"Armaments","floor":32,"key":"SMITH"}],"neow_cost":"PERCENT_DAMAGE","seed_source_timestamp":1121345667683300,"circlet_count":0,"master_deck":["AscendersBane","Strike_R","Strike_R","Strike_R","Strike_R","Defend_R","Defend_R","Defend_R","Defend_R","Bash","Feed","Hemokinesis+1","Shockwave+1","Combust+1","Twin Strike","Immolate+1","Immolate","Offering","Shrug It Off","Ghostly Armor+1","Armaments+1","Limit Break","Evolve","Fiend Fire"],"relics":["Black Blood","Bottled Lightning","Gambling Chip","Singing Bowl","Coffee Dripper","Vajra","Anchor","Red Mask","Torii","Lantern","Blood Vial","Kunai","Blue Candle","Red Skull"],"potions_floor_usage":[11,11,14,20,27,33,33,40],"damage_taken":[{"damage":5,"enemies":"2 Louse","floor":1,"turns":4},{"damage":5,"enemies":"Cultist","floor":2,"turns":4},{"damage":6,"enemies":"Small Slimes","floor":3,"turns":3},{"damage":22,"enemies":"2 Fungi Beasts","floor":4,"turns":5},{"damage":14,"enemies":"3 Louse","floor":7,"turns":3},{"damage":22,"enemies":"Lagavulin","floor":10,"turns":6},{"damage":0,"enemies":"Lots of Slimes","floor":11,"turns":2},{"damage":29,"enemies":"Gremlin Nob","floor":12,"turns":4},{"damage":2,"enemies":"Exordium Thugs","floor":14,"turns":2},{"damage":36,"enemies":"Slime Boss","floor":16,"turns":8},{"damage":16,"enemies":"2 Thieves","floor":18,"turns":2},{"damage":2,"enemies":"Spheric Guardian","floor":20,"turns":3},{"damage":0,"enemies":"Masked Bandits","floor":22,"turns":2},{"damage":6,"enemies":"Slavers","floor":23,"turns":1},{"damage":2,"enemies":"Snecko","floor":24,"turns":2},{"damage":22,"enemies":"Book of Stabbing","floor":25,"turns":4},{"damage":9,"enemies":"Gremlin Leader","floor":27,"turns":4},{"damage":8,"enemies":"Centurion and Healer","floor":30,"turns":3},{"damage":0,"enemies":"Snake Plant","floor":31,"turns":2},{"damage":83,"enemies":"Champ","floor":33,"turns":12},{"damage":3,"enemies":"3 Shapes","floor":35,"turns":2},{"damage":6,"enemies":"3 Darklings","floor":36,"turns":1},{"damage":23,"enemies":"Sphere and 2 Shapes","floor":37,"turns":6},{"damage":37,"enemies":"Maw","floor":38,"turns":8},{"damage":130,"enemies":"Giant Head","floor":40,"turns":7}],"seed_played":"2475963209564221917","potions_obtained":[{"floor":2,"key":"FearPotion"},{"floor":5,"key":"SteroidPotion"},{"floor":5,"key":"SteroidPotion"},{"floor":10,"key":"Fire Potion"},{"floor":12,"key":"Energy Potion"},{"floor":16,"key":"Dexterity Potion"},{"floor":18,"key":"Energy Potion"},{"floor":23,"key":"FearPotion"},{"floor":27,"key":"EssenceOfSteel"},{"floor":38,"key":"Block Potion"}],"is_trial":false,"path_per_floor":["M","M","M","M","?","R","M","R","T","E","M","E","R","M","R","B",null,"M","?","M","$","?","E","M","E","T","E","?","R","M","M","R","B",null,"M","M","M","M","$","E"],"character_chosen":"IRONCLAD","items_purchased":["Anchor","Regen Potion","Red Skull"],"campfire_rested":1,"item_purchase_floors":[21,21,39],"current_hp_per_floor":[54,58,61,48,48,48,43,43,43,30,39,16,16,25,55,28,85,77,77,83,83,92,94,100,84,84,97,97,97,100,108,108,33,98,112,118,111,91,91,0],"gold":73,"neow_bonus":"THREE_RARE_CARDS","is_prod":false,"is_daily":false,"chose_seed":false,"campfire_upgraded":5,"win_rate":0,"timestamp":1556905565,"path_taken":["M","M","M","M","?","R","?","R","T","E","?","E","R","M","R","BOSS","M","?","?","?","?","E","M","E","T","E","?","R","M","M","R","BOSS","M","M","M","M","$","E"],"build_version":"2019-01-23","purchased_purges":1,"victory":false,"max_hp_per_floor":[78,81,84,87,87,87,90,90,90,93,96,96,96,101,101,104,104,106,106,108,108,111,113,115,115,115,117,117,117,120,120,120,120,120,125,125,129,134,134,134],"card_choices":[{"not_picked":["Demon Form","Berserk"],"picked":"Feed","floor":0},{"not_picked":["Shrug It Off","Anger"],"picked":"Hemokinesis","floor":1},{"not_picked":["Sword Boomerang","Dropkick"],"picked":"Shockwave","floor":2},{"not_picked":["Warcry","Headbutt"],"picked":"Combust","floor":3},{"not_picked":["Body Slam","Heavy Blade"],"picked":"Twin Strike","floor":4},{"not_picked":["Pommel Strike","Searing Blow","Body Slam"],"picked":"SKIP","floor":7},{"not_picked":["Clothesline","Heavy Blade","Disarm"],"picked":"SKIP","floor":10},{"not_picked":["Havoc","Headbutt","Perfected Strike"],"picked":"SKIP","floor":11},{"not_picked":["Combust","Rampage"],"picked":"Immolate","floor":12},{"not_picked":["Warcry","True Grit","Wild Strike"],"picked":"Singing Bowl","floor":14},{"not_picked":["Demon Form","Limit Break"],"picked":"Immolate","floor":16},{"not_picked":["True Grit","Headbutt","Perfected Strike"],"picked":"Singing Bowl","floor":18},{"not_picked":["Rampage","Seeing Red","Anger"],"picked":"Singing Bowl","floor":20},{"not_picked":["True Grit","Fire Breathing"],"picked":"Offering","floor":22},{"not_picked":["Twin Strike","Wild Strike+1","Berserk"],"picked":"Singing Bowl","floor":23},{"not_picked":["Disarm","Clothesline","Clash"],"picked":"Singing Bowl","floor":24},{"not_picked":["Armaments","Blood for Blood"],"picked":"Shrug It Off","floor":25},{"not_picked":["Body Slam","Headbutt","Iron Wave"],"picked":"Singing Bowl","floor":27},{"not_picked":["Dual Wield","Hemokinesis"],"picked":"Ghostly Armor+1","floor":30},{"not_picked":["Wild Strike+1","Clothesline"],"picked":"Armaments","floor":31},{"not_picked":["Bludgeon","Feed"],"picked":"Limit Break","floor":33},{"not_picked":["Headbutt","True Grit","Thunderclap"],"picked":"Singing Bowl","floor":35},{"not_picked":["True Grit","Heavy Blade"],"picked":"Evolve","floor":36},{"not_picked":["Combust","Pommel Strike+1"],"picked":"Fiend Fire","floor":37},{"not_picked":["Rupture","Clash+1","Infernal Blade"],"picked":"Singing Bowl","floor":38}],"player_experience":4907110,"relics_obtained":[{"floor":9,"key":"Bottled Lightning"},{"floor":10,"key":"Gambling Chip"},{"floor":12,"key":"Singing Bowl"},{"floor":22,"key":"Red Mask"},{"floor":23,"key":"Torii"},{"floor":25,"key":"Lantern"},{"floor":26,"key":"Blood Vial"},{"floor":27,"key":"Kunai"}],"event_choices":[{"damage_healed":0,"gold_gain":0,"player_choice":"Bought 3 Potions","damage_taken":0,"max_hp_gain":0,"max_hp_loss":0,"event_name":"The Woman in Blue","floor":5,"gold_loss":0},{"damage_healed":0,"gold_gain":0,"player_choice":"Gave Potion","damage_taken":0,"relics_obtained":["Vajra"],"max_hp_gain":0,"max_hp_loss":0,"event_name":"WeMeetAgain","floor":19,"gold_loss":0},{"damage_healed":0,"gold_gain":0,"player_choice":"Fought Bandits","damage_taken":0,"max_hp_gain":0,"max_hp_loss":0,"event_name":"Masked Bandits","floor":22,"gold_loss":0},{"damage_healed":0,"gold_gain":0,"player_choice":"Obtained Relic","damage_taken":0,"relics_obtained":["Blue Candle"],"max_hp_gain":0,"max_hp_loss":0,"event_name":"Addict","floor":28,"gold_loss":85}],"is_beta":false,"boss_relics":[{"not_picked":["Runic Cube","Tiny House"],"picked":"Coffee Dripper"},{"not_picked":["Philosopher\u0027s Stone","Cursed Key"],"picked":"Black Blood"}],"items_purged_floors":[21],"is_endless":false,"potions_floor_spawned":[2,7,10,12,16,18,23,24,27,38],"killed_by":"Giant Head","ascension_level":20}