{"gold_per_floor":[115,190,190,201,4,30,50,50,50,60,91,91,91,104,104,204,204,215,235,255,255,274,274,303,303,303,303,314,326,326,340,340,438,438,453,470,490,490,39,39,39,39,39,59,72,86,96,115,115,115],"floor_reached":50,"playtime":1565,"items_purged":[],"score":716,"play_id":"56b8697d-67db-4176-a288-eaacd29b504e","local_time":"20190707005558","is_ascension_mode":true,"campfire_choices":[{"data":"Heavy Blade","floor":8,"key":"SMITH"},{"data":"StuffTheSpire:RagingBull","floor":12,"key":"SMITH"},{"data":"Flame Barrier","floor":23,"key":"SMITH"},{"floor":25,"key":"REST"},{"data":"Bash","floor":27,"key":"SMITH"},{"data":"conspire:ExplosiveBarrier","floor":32,"key":"SMITH"},{"data":"infinitespire:UltimateForm","floor":40,"key":"SMITH"},{"data":"Sword Boomerang","floor":42,"key":"SMITH"},{"data":"Seeing Red","floor":49,"key":"SMITH"}],"neow_cost":"NONE","seed_source_timestamp":1338169130783299,"circlet_count":0,"master_deck":["Strike_R","Strike_R","Strike_R","Strike_R","Strike_R","Defend_R","Defend_R","Defend_R","Defend_R","Bash+1","StuffTheSpire:RagingBull+1","Heavy Blade+1","Shrug It Off+1","Flame Barrier+1","Reaper+1","Pummel+1","vexMod:GroundPound+1","conspire:ExplosiveBarrier+1","infinitespire:UltimateForm+1","vexMod:BattleStance+1","Sword Boomerang+1","Cleave+1","Exhume+1","Seeing Red+1"],"relics":["Burning Blood","NeowsBlessing","Brimstone","Mirror","Golden Egg","Gremlin Horn","ReplayTheSpireMod:PocketPolymizer","hubris:TerracottaHorce","Boot","StuffTheSpire:SapphireSignet","Runic Dome","ClockworkSouvenir","infinitespire:Bottled Soul","hubris:DeckOfHolding"],"potions_floor_usage":[11,24,33,33,36,46,50,50],"damage_taken":[{"damage":0,"enemies":"Small Slimes","floor":1,"turns":1},{"damage":0,"enemies":"Jaw Worm","floor":4,"turns":1},{"damage":0,"enemies":"Gremlin Nob","floor":6,"turns":1},{"damage":0,"enemies":"Cultist","floor":7,"turns":2},{"damage":5,"enemies":"2 Fungi Beasts","floor":10,"turns":2},{"damage":6,"enemies":"3 Sentries","floor":11,"turns":4},{"damage":10,"enemies":"Lots of Slimes","floor":14,"turns":3},{"damage":12,"enemies":"Fading Forest","floor":16,"turns":11},{"damage":48,"enemies":"3 Byrds","floor":18,"turns":5},{"damage":1,"enemies":"Spheric Guardian","floor":19,"turns":3},{"damage":0,"enemies":"Cultist and Chosen","floor":20,"turns":4},{"damage":24,"enemies":"Snake Plant","floor":22,"turns":3},{"damage":69,"enemies":"Book of Stabbing","floor":24,"turns":5},{"damage":0,"enemies":"Sentry and Sphere","floor":28,"turns":3},{"damage":9,"enemies":"Shelled Parasite and Fungi","floor":29,"turns":3},{"damage":11,"enemies":"Snake Plant","floor":31,"turns":3},{"damage":73,"enemies":"conspire:MysteriousRune","floor":33,"turns":8},{"damage":2,"enemies":"Orb Walker","floor":35,"turns":3},{"damage":7,"enemies":"3 Shapes","floor":36,"turns":4},{"damage":25,"enemies":"Maw","floor":37,"turns":5},{"damage":24,"enemies":"4 Shapes","floor":44,"turns":3},{"damage":13,"enemies":"3 Darklings","floor":45,"turns":4},{"damage":52,"enemies":"Transient","floor":46,"turns":5},{"damage":19,"enemies":"Maw","floor":47,"turns":7},{"damage":6,"enemies":"4 Shapes","floor":48,"turns":3},{"damage":170,"enemies":"infinitespire:MassOfShapes","floor":50,"turns":7}],"seed_played":"1578124799147012050","potions_obtained":[{"floor":4,"key":"Explosive Potion"},{"floor":10,"key":"BloodPotion"},{"floor":11,"key":"SpeedPotion"},{"floor":18,"key":"FearPotion"},{"floor":19,"key":"conspire:EchoDraught"},{"floor":28,"key":"Elixir"},{"floor":35,"key":"Block Potion"},{"floor":36,"key":"PowerPotion"},{"floor":44,"key":"Ancient Potion"},{"floor":46,"key":"PowerPotion"}],"is_trial":false,"path_per_floor":["M","?","$","M","$","E","M","R","T","M","E","R","?","M","R_BF","B",null,"M","M","M","?","M","R","E","R","T","R","M","M","AVR","M","R","B",null,"M","M","M","?","$","R","AVR","R","T","M","M","M","M","M","R","B"],"character_chosen":"IRONCLAD","items_purchased":["Brimstone","ClockworkSouvenir","infinitespire:Bottled Soul"],"campfire_rested":1,"item_purchase_floors":[5,39,39],"current_hp_per_floor":[78,67,67,73,73,79,80,80,80,80,80,80,80,76,80,80,80,48,55,79,79,72,72,38,62,62,62,77,80,80,77,77,10,63,67,80,61,61,61,61,61,61,61,72,68,36,78,80,80,0],"gold":115,"neow_bonus":"THREE_ENEMY_KILL","is_prod":false,"is_daily":false,"chose_seed":false,"campfire_upgraded":8,"win_rate":0,"timestamp":1562457358,"path_taken":["M","?","$","M","$","E","M","R","T","M","E","R","?","?","R_BF","BOSS","M","?","M","?","M","R","E","R","T","R","M","M","AVR","M","R","BOSS","M","M","?","?","?","R","AVR","R","T","M","M","M","M","M","R","BOSS"],"build_version":"2019-07-05","purchased_purges":0,"victory":false,"max_hp_per_floor":[80,80,80,80,80,80,80,80,80,80,80,80,80,80,80,80,80,80,80,80,80,80,80,80,80,80,80,80,80,80,80,80,80,80,80,80,80,80,80,80,80,80,80,80,80,80,80,80,80,80],"card_choices":[{"not_picked":["Heavy Blade","Sever Soul"],"picked":"StuffTheSpire:RagingBull","floor":1},{"not_picked":["vexMod:GroundPound","Sword Boomerang","Warcry"],"picked":"SKIP","floor":4},{"not_picked":["StuffTheSpire:RockThrow","Burning Pact","Flex"],"picked":"SKIP","floor":6},{"not_picked":["StuffTheSpire:Resist","Reckless Charge"],"picked":"Heavy Blade","floor":7},{"not_picked":["strawberrySpire:Taunt","Demonic Infusion"],"picked":"Shrug It Off","floor":10},{"not_picked":["vexMod:CleverClash","Reckless Charge"],"picked":"Flame Barrier","floor":11},{"not_picked":["Sentinel","Intimidate","infinitespire:OneForAll"],"picked":"SKIP","floor":14},{"not_picked":["Replay:Many Hands","StuffTheSpire:TitanForm"],"picked":"Reaper","floor":16},{"not_picked":["StuffTheSpire:ChainStrike","Clothesline"],"picked":"Pummel+1","floor":18},{"not_picked":["vexMod:CursedStrike","Twin Strike","Body Slam"],"picked":"SKIP","floor":19},{"not_picked":["Inflame","Body Slam"],"picked":"vexMod:GroundPound","floor":20},{"not_picked":["StuffTheSpire:Flurry","Wild Strike","strawberrySpire:ZonePlayer"],"picked":"SKIP","floor":22},{"not_picked":["Inflame","strawberrySpire:JustAWound","Power Through"],"picked":"SKIP","floor":24},{"not_picked":["hubris:SharpeningStone","Armaments"],"picked":"conspire:ExplosiveBarrier","floor":28},{"not_picked":["Intimidate","Exhume","Pommel Strike"],"picked":"SKIP","floor":29},{"not_picked":["strawberrySpire:Conflagrate","Abandon+1","vexMod:Hatred"],"picked":"SKIP","floor":31},{"not_picked":["StuffTheSpire:Flurry","Barricade"],"picked":"vexMod:BattleStance","floor":33},{"not_picked":["ReplayTheSpireMod:Strike From Hell+1","vexMod:TrainingStrike"],"picked":"Sword Boomerang","floor":35},{"not_picked":["strawberrySpire:Spite","Twin Strike"],"picked":"Cleave+1","floor":36},{"not_picked":["vexMod:BloodToGold+1","strawberrySpire:Spite","Inflame+1"],"picked":"SKIP","floor":37},{"not_picked":["StuffTheSpire:ChainStrike+1","StuffTheSpire:Resist+1","ReplayTheSpireMod:Stacked"],"picked":"SKIP","floor":44},{"not_picked":["Cleave","ReplayTheSpireMod:Strike From Hell","Pommel Strike"],"picked":"SKIP","floor":45},{"not_picked":["Iron Wave+1","Run Through"],"picked":"Exhume","floor":46},{"not_picked":["Thunderclap","Perfected Strike","StuffTheSpire:Resist"],"picked":"SKIP","floor":47},{"not_picked":["strawberrySpire:FireDrill","strawberrySpire:ZonePlayer+1"],"picked":"Seeing Red","floor":48}],"player_experience":216384,"relics_obtained":[{"floor":6,"key":"Mirror"},{"floor":9,"key":"Golden Egg"},{"floor":11,"key":"Gremlin Horn"},{"floor":24,"key":"Boot"},{"floor":26,"key":"StuffTheSpire:SapphireSignet"},{"floor":43,"key":"hubris:DeckOfHolding"}],"event_choices":[{"damage_healed":0,"gold_gain":75,"player_choice":"Gather Gold","damage_taken":11,"max_hp_gain":0,"max_hp_loss":0,"event_name":"World of Goop","floor":2,"gold_loss":0},{"damage_healed":0,"gold_gain":0,"player_choice":"Gave Potion","damage_taken":0,"relics_obtained":["ReplayTheSpireMod:PocketPolymizer"],"max_hp_gain":0,"max_hp_loss":0,"event_name":"WeMeetAgain","floor":13,"gold_loss":0}],"is_beta":false,"boss_relics":[{"not_picked":["vexMod:MegatonBomb","Astrolabe"],"picked":"hubris:TerracottaHorce"},{"not_picked":["hubris:GrandSneckoEye","hubris:ScarierMask"],"picked":"Runic Dome"}],"items_purged_floors":[],"is_endless":false,"potions_floor_spawned":[4,10,11,18,19,20,28,35,36,44,46],"killed_by":"infinitespire:MassOfShapes","ascension_level":7}