{"gold_per_floor":[116,116,116,15,90,90,109,109,109,136,47,59,59,59,59,134,134,151,170,170,190,201,201,73,73,73,73,86,96,96,276,276,276],"floor_reached":33,"playtime":927,"items_purged":["Strike_R","Strike_R"],"score":511,"play_id":"c2f40d94-26dc-4ae3-b09f-76b1187419df","local_time":"20190325002858","is_ascension_mode":true,"campfire_choices":[{"data":"Twin Strike","floor":6,"key":"SMITH"},{"data":"Blood for Blood","floor":8,"key":"SMITH"},{"data":"Inflame","floor":13,"key":"SMITH"},{"data":"Disarm","floor":15,"key":"SMITH"},{"floor":23,"key":"REST"},{"data":"True Grit","floor":25,"key":"SMITH"},{"floor":27,"key":"REST"},{"data":"Armaments","floor":32,"key":"SMITH"}],"neow_cost":"NONE","seed_source_timestamp":952280716711700,"circlet_count":0,"master_deck":["AscendersBane","Strike_R","Defend_R","Defend_R","Defend_R","Defend_R","Bash","Limit Break+1","Headbutt","Twin Strike+1","Blood for Blood+1","Disarm+1","Inflame+1","Seeing Red","Feed","Blood for Blood","Inflame","Battle Trance","True Grit+1","Armaments+1","Clothesline"],"relics":["Burning Blood","Letter Opener","Snecko Eye","Oddly Smooth Stone"],"potions_floor_usage":[7,18,18,19,22,22,22,33],"damage_taken":[{"damage":9,"enemies":"Jaw Worm","floor":1,"turns":4},{"damage":3,"enemies":"2 Louse","floor":7,"turns":2},{"damage":25,"enemies":"3 Sentries","floor":10,"turns":8},{"damage":0,"enemies":"Cultist","floor":12,"turns":2},{"damage":4,"enemies":"Hexaghost","floor":16,"turns":7},{"damage":3,"enemies":"3 Byrds","floor":18,"turns":5},{"damage":21,"enemies":"Chosen","floor":19,"turns":4},{"damage":51,"enemies":"Sentry and Sphere","floor":21,"turns":6},{"damage":12,"enemies":"3 Cultists","floor":22,"turns":4},{"damage":12,"enemies":"Snake Plant","floor":28,"turns":5},{"damage":9,"enemies":"Centurion and Healer","floor":29,"turns":10},{"damage":70,"enemies":"Automaton","floor":33,"turns":6}],"seed_played":"-237514209053454278","potions_obtained":[{"floor":1,"key":"Poison Potion"},{"floor":12,"key":"PowerPotion"},{"floor":16,"key":"Explosive Potion"},{"floor":18,"key":"AttackPotion"},{"floor":21,"key":"EntropicBrew"},{"floor":29,"key":"Dexterity Potion"}],"is_trial":false,"path_per_floor":["M","?","?","$","?","R","M","R","T","E","$","M","R","?","R","B",null,"M","M","?","M","M","R","$","R","T","R","M","M","$","?","R","B"],"character_chosen":"IRONCLAD","items_purchased":["Twin Strike","Inflame","True Grit"],"campfire_rested":2,"item_purchase_floors":[4,11,24],"current_hp_per_floor":[65,70,63,63,52,52,55,55,55,36,36,42,42,42,42,44,71,77,65,65,23,20,47,47,47,47,74,71,72,72,45,45,0],"gold":276,"neow_bonus":"ONE_RANDOM_RARE_CARD","is_prod":false,"is_daily":false,"chose_seed":false,"campfire_upgraded":6,"win_rate":0,"timestamp":1553441338,"path_taken":["M","?","?","$","?","R","M","R","T","E","?","?","R","?","R","BOSS","M","?","?","M","M","R","$","R","T","R","?","M","$","?","R","BOSS"],"build_version":"2019-01-23","purchased_purges":2,"victory":false,"max_hp_per_floor":[75,80,80,80,80,80,80,80,80,80,80,80,80,80,80,80,80,83,86,86,89,92,92,92,92,92,92,95,99,99,99,99,99],"card_choices":[{"not_picked":["Rampage","Pommel Strike"],"picked":"Headbutt","floor":1},{"not_picked":["Corruption","Burning Pact"],"picked":"Blood for Blood","floor":7},{"not_picked":["Sword Boomerang","Iron Wave"],"picked":"Disarm","floor":10},{"not_picked":["Anger","True Grit"],"picked":"Seeing Red","floor":12},{"not_picked":["Demon Form","Berserk"],"picked":"Feed","floor":16},{"not_picked":["Reckless Charge","Anger+1","Flex"],"picked":"SKIP","floor":18},{"not_picked":["True Grit","Warcry"],"picked":"Blood for Blood","floor":19},{"not_picked":["Wild Strike","Clash"],"picked":"Inflame","floor":21},{"not_picked":["Corruption","Sword Boomerang"],"picked":"Battle Trance","floor":22},{"not_picked":["Warcry","Metallicize"],"picked":"Armaments","floor":28},{"not_picked":["Cleave","Warcry+1"],"picked":"Clothesline","floor":29}],"player_experience":4616535,"relics_obtained":[{"floor":9,"key":"Letter Opener"},{"floor":26,"key":"Oddly Smooth Stone"}],"event_choices":[{"damage_healed":0,"gold_gain":0,"player_choice":"Donut","damage_taken":0,"max_hp_gain":5,"max_hp_loss":0,"event_name":"Big Fish","floor":2,"gold_loss":0},{"cards_removed":["Strike_R"],"damage_healed":0,"gold_gain":0,"player_choice":"Card Removal","damage_taken":7,"max_hp_gain":0,"max_hp_loss":0,"event_name":"Golden Wing","floor":3,"gold_loss":0},{"damage_healed":0,"gold_gain":75,"player_choice":"Gather Gold","damage_taken":11,"max_hp_gain":0,"max_hp_loss":0,"event_name":"World of Goop","floor":5,"gold_loss":0},{"damage_healed":0,"gold_gain":0,"player_choice":"Forge","damage_taken":0,"max_hp_gain":0,"max_hp_loss":0,"event_name":"Accursed Blacksmith","floor":14,"gold_loss":0,"cards_upgraded":["Limit Break"]},{"cards_removed":["Strike_R"],"damage_healed":0,"gold_gain":0,"player_choice":"Offered Basic","damage_taken":0,"max_hp_gain":0,"max_hp_loss":0,"event_name":"Bonfire Elementals","floor":20,"gold_loss":0},{"damage_healed":0,"gold_gain":180,"player_choice":"GOLD GOLD ","damage_taken":27,"max_hp_gain":0,"max_hp_loss":0,"event_name":"Knowing Skull","floor":31,"potions_obtained":[],"gold_loss":0,"cards_obtained":[]}],"is_beta":false,"boss_relics":[{"not_picked":["Lizard Tail","Astrolabe"],"picked":"Snecko Eye"}],"items_purged_floors":[4,24],"is_endless":false,"potions_floor_spawned":[1,12,16,18,21,29],"killed_by":"Automaton","ascension_level":20}