{"gold_per_floor":[117,137,154,165,165,165,197,197,197,209,209,48,75,87,87,166,166,180,194,228,239,250,250,261,289,335,22,56,66,66,85,85,156,156,176,226,240,36,47,78,78,103,103,103,137,137,67,86,86,86,86,86,86,36,61,61],"floor_reached":57,"playtime":2625,"items_purged":["Blade Dance","Masterful Stab","All Out Attack","Masterful Stab"],"score":3288,"play_id":"01fe321a-3e31-4c39-866e-01a03b57b91b","local_time":"20190714022416","is_ascension_mode":true,"campfire_choices":[{"data":"Deadly Poison","floor":6,"key":"SMITH"},{"floor":8,"key":"REST"},{"floor":11,"key":"REST"},{"floor":15,"key":"RECALL"},{"data":"Neutralize","floor":23,"key":"SMITH"},{"floor":30,"key":"DIG"},{"floor":32,"key":"DIG"},{"floor":44,"key":"DIG"},{"floor":46,"key":"DIG"},{"floor":49,"key":"DIG"},{"floor":53,"key":"DIG"}],"neow_cost":"TEN_PERCENT_HP_LOSS","seed_source_timestamp":283184521872500,"circlet_count":0,"master_deck":["AscendersBane","Survivor","Neutralize+1","Leg Sweep","Deadly Poison+1","Corpse Explosion+1","Adrenaline+1","Dash","Crippling Poison+1","Dodge and Roll+1","Bullet Time+1","Corpse Explosion+1","Burst+1","PiercingWail+1","Adrenaline+1","Reflex+1","Prepared+1","Doppelganger+1","Adrenaline+1","Footwork","Cloak And Dagger+1","Malaise+1","PiercingWail+1","Bouncing Flask+1","Acrobatics+1","Madness+1","Madness+1","Backflip+1","Footwork","After Image"],"relics":["Ring of the Snake","Bird Faced Urn","Toxic Egg 2","Calipers","Ginger","Pandora\u0027s Box","Red Mask","Shovel","Bag of Marbles","Membership Card","Omamori","Mummified Hand","Vajra","Black Star","Ice Cream","Chemical X","Boot","Regal Pillow","Bag of Preparation","Smiling Mask","Oddly Smooth Stone","Paper Crane","Blood Vial","Lantern","Kunai","Sundial","Pen Nib","Bronze Scales"],"potions_floor_usage":[7,16,25,27,33,33,36],"damage_taken":[{"damage":3,"enemies":"2 Louse","floor":1,"turns":4},{"damage":17,"enemies":"Jaw Worm","floor":2,"turns":10},{"damage":1,"enemies":"Small Slimes","floor":3,"turns":5},{"damage":12,"enemies":"Gremlin Gang","floor":4,"turns":8},{"damage":45,"enemies":"Lagavulin","floor":7,"turns":11},{"damage":0,"enemies":"Blue Slaver","floor":10,"turns":4},{"damage":0,"enemies":"3 Sentries","floor":13,"turns":3},{"damage":10,"enemies":"Large Slime","floor":14,"turns":4},{"damage":26,"enemies":"Slime Boss","floor":16,"turns":6},{"damage":0,"enemies":"3 Byrds","floor":18,"turns":1},{"damage":0,"enemies":"2 Thieves","floor":19,"turns":2},{"damage":0,"enemies":"Masked Bandits","floor":20,"turns":1},{"damage":0,"enemies":"Chosen and Byrds","floor":21,"turns":2},{"damage":0,"enemies":"Shelled Parasite and Fungi","floor":22,"turns":2},{"damage":0,"enemies":"Sentry and Sphere","floor":24,"turns":2},{"damage":0,"enemies":"Gremlin Leader","floor":25,"turns":4},{"damage":6,"enemies":"Book of Stabbing","floor":28,"turns":5},{"damage":0,"enemies":"Cultist and Chosen","floor":29,"turns":1},{"damage":0,"enemies":"Snecko","floor":31,"turns":3},{"damage":12,"enemies":"Champ","floor":33,"turns":12},{"damage":0,"enemies":"3 Darklings","floor":35,"turns":3},{"damage":0,"enemies":"2 Orb Walkers","floor":36,"turns":3},{"damage":0,"enemies":"3 Shapes","floor":37,"turns":2},{"damage":3,"enemies":"Spire Growth","floor":39,"turns":4},{"damage":3,"enemies":"Giant Head","floor":40,"turns":7},{"damage":0,"enemies":"Reptomancer","floor":42,"turns":4},{"damage":0,"enemies":"Giant Head","floor":45,"turns":6},{"damage":0,"enemies":"3 Darklings","floor":48,"turns":1},{"damage":0,"enemies":"Time Eater","floor":50,"turns":12},{"damage":0,"enemies":"Awakened One","floor":51,"turns":18},{"damage":0,"enemies":"Shield and Spear","floor":55,"turns":5},{"damage":46,"enemies":"The Heart","floor":56,"turns":9}],"seed_played":"5069303441968147277","potions_obtained":[{"floor":3,"key":"GhostInAJar"},{"floor":13,"key":"Fire Potion"},{"floor":14,"key":"Weak Potion"},{"floor":16,"key":"Strength Potion"},{"floor":19,"key":"Fire Potion"},{"floor":25,"key":"Explosive Potion"},{"floor":29,"key":"FearPotion"},{"floor":35,"key":"Poison Potion"},{"floor":36,"key":"FearPotion"},{"floor":39,"key":"Poison Potion"}],"is_trial":false,"path_per_floor":["M","M","M","M","?","R","E","R","T","M","R","$","E","M","R","B",null,"M","M","?","M","M","R","M","E","T","$","E","M","R","M","R","B",null,"M","?","M","$","M","E","?","E","T","R","E","R","$","M","R","B","B",null,"R","$","E","B",null],"character_chosen":"THE_SILENT","items_purchased":["Adrenaline+1","Dash","Membership Card","Fruit Juice","Chemical X","Bouncing Flask+1","Footwork"],"campfire_rested":2,"item_purchase_floors":[12,12,27,27,38,38,47],"current_hp_per_floor":[56,39,38,26,46,46,1,19,19,19,37,37,37,27,27,1,45,45,45,45,45,45,45,45,45,45,50,46,46,46,48,48,38,58,58,60,62,62,61,60,48,50,50,50,52,52,52,54,54,60,65,65,65,65,65,25],"gold":61,"neow_bonus":"ONE_RARE_RELIC","is_prod":false,"is_daily":false,"chose_seed":true,"campfire_upgraded":2,"win_rate":0,"timestamp":1563038656,"path_taken":["M","M","M","M","?","R","E","R","T","M","R","$","E","M","R","BOSS","M","M","?","M","M","R","M","E","T","$","E","M","R","M","R","BOSS","M","?","M","$","M","E","?","E","T","R","E","R","$","M","R","BOSS","BOSS","R","$","E","BOSS"],"build_version":"2019-07-05","purchased_purges":4,"victory":true,"max_hp_per_floor":[60,60,60,60,60,60,60,60,60,60,60,60,60,60,60,60,60,60,60,60,60,60,60,60,60,60,65,65,65,65,65,65,65,65,65,65,65,65,65,65,65,65,65,65,65,65,65,65,65,65,65,65,65,65,65,65],"card_choices":[{"not_picked":["Poisoned Stab","Outmaneuver"],"picked":"Leg Sweep","floor":1},{"not_picked":["Burst","Slice"],"picked":"Blade Dance","floor":2},{"not_picked":["Quick Slash","Riddle With Holes"],"picked":"Masterful Stab","floor":3},{"not_picked":["Escape Plan","Poisoned Stab"],"picked":"Deadly Poison","floor":4},{"not_picked":["Concentrate","Flying Knee"],"picked":"Corpse Explosion","floor":7},{"not_picked":["Tactician+1","Eviscerate","Distraction+1"],"picked":"SKIP","floor":10},{"not_picked":["All Out Attack","Predator"],"picked":"Crippling Poison+1","floor":13},{"not_picked":["Deadly Poison+1","All Out Attack"],"picked":"Dodge and Roll+1","floor":14},{"not_picked":["Bouncing Flask+1","Bane","Dagger Throw"],"picked":"SKIP","floor":18},{"not_picked":["Blade Dance+1","Flying Knee","Dagger Spray"],"picked":"SKIP","floor":19},{"not_picked":["Slice","Quick Slash"],"picked":"Adrenaline+1","floor":20},{"not_picked":["Underhanded Strike","Dash+1","Cloak And Dagger+1"],"picked":"SKIP","floor":21},{"not_picked":["Caltrops","Flying Knee","Choke"],"picked":"SKIP","floor":22},{"not_picked":["Deflect+1","All Out Attack","Endless Agony"],"picked":"SKIP","floor":24},{"not_picked":["Envenom","Heel Hook"],"picked":"Footwork","floor":25},{"not_picked":["Leg Sweep+1","Flying Knee","Storm of Steel+1"],"picked":"SKIP","floor":28},{"not_picked":["Deadly Poison+1","Blade Dance+1","Flying Knee"],"picked":"SKIP","floor":29},{"not_picked":["Dagger Spray","Leg Sweep+1"],"picked":"Cloak And Dagger+1","floor":31},{"not_picked":["Corpse Explosion+1","Die Die Die"],"picked":"Malaise+1","floor":33},{"not_picked":["Deadly Poison+1","Crippling Poison+1","Flechettes"],"picked":"SKIP","floor":35},{"not_picked":["Bane","Noxious Fumes"],"picked":"PiercingWail+1","floor":37},{"not_picked":["Poisoned Stab","Terror+1","Reflex+1"],"picked":"SKIP","floor":39},{"not_picked":["Dagger Throw","Envenom"],"picked":"Acrobatics+1","floor":40},{"not_picked":["Escape Plan+1","Prepared+1"],"picked":"Backflip+1","floor":42},{"not_picked":["Blade Dance+1","Flying Knee","Dagger Throw"],"picked":"SKIP","floor":45},{"not_picked":["Reflex+1","Wraith Form v2","Heel Hook+1"],"picked":"SKIP","floor":48},{"not_picked":["Quick Slash","Poisoned Stab"],"picked":"After Image","floor":55}],"player_experience":5677328,"relics_obtained":[{"floor":7,"key":"Toxic Egg 2"},{"floor":9,"key":"Calipers"},{"floor":13,"key":"Ginger"},{"floor":20,"key":"Red Mask"},{"floor":25,"key":"Shovel"},{"floor":26,"key":"Bag of Marbles"},{"floor":28,"key":"Omamori"},{"floor":30,"key":"Mummified Hand"},{"floor":32,"key":"Vajra"},{"floor":36,"key":"Ice Cream"},{"floor":40,"key":"Boot"},{"floor":40,"key":"Regal Pillow"},{"floor":42,"key":"Bag of Preparation"},{"floor":42,"key":"Smiling Mask"},{"floor":44,"key":"Oddly Smooth Stone"},{"floor":45,"key":"Paper Crane"},{"floor":45,"key":"Blood Vial"},{"floor":46,"key":"Lantern"},{"floor":49,"key":"Kunai"},{"floor":53,"key":"Sundial"},{"floor":55,"key":"Pen Nib"},{"floor":55,"key":"Bronze Scales"}],"event_choices":[{"damage_healed":20,"gold_gain":0,"player_choice":"Banana","damage_taken":0,"max_hp_gain":0,"max_hp_loss":0,"event_name":"Big Fish","floor":5,"gold_loss":0},{"damage_healed":0,"gold_gain":0,"player_choice":"Fought Bandits","damage_taken":0,"max_hp_gain":0,"max_hp_loss":0,"event_name":"Masked Bandits","floor":20,"gold_loss":0},{"damage_healed":0,"gold_gain":0,"player_choice":"Fight","damage_taken":0,"max_hp_gain":0,"max_hp_loss":0,"event_name":"Mysterious Sphere","floor":36,"gold_loss":0},{"damage_healed":0,"gold_gain":0,"player_choice":"Embrace Madness","damage_taken":12,"max_hp_gain":0,"max_hp_loss":0,"event_name":"Winding Halls","floor":41,"gold_loss":0,"cards_obtained":["Madness","Madness"]}],"is_beta":false,"boss_relics":[{"not_picked":["Empty Cage","Sozu"],"picked":"Pandora\u0027s Box"},{"not_picked":["Busted Crown","Orrery"],"picked":"Black Star"}],"items_purged_floors":[27,38,47,54],"is_endless":false,"potions_floor_spawned":[3,13,14,16,19,25,29,35,36,39,48],"ascension_level":20}