{"gold_per_floor":[115,115,125,142,156,156,181,181,205,237,162,181,181,192,192,264,264,278,288,105,117,117,142,17,17,17,17,46,46,58,89,89,163,163,178,178,190,190,204,233,233,263,341,341,376,394,394,155,155,155,155],"floor_reached":51,"playtime":2013,"items_purged":["Strike_G+1","Strike_G","Strike_G","Strike_G"],"score":1556,"play_id":"e343d32a-c0c7-413e-aba4-1ce442fa8da7","local_time":"20190420023021","is_ascension_mode":true,"campfire_choices":[{"data":"Crippling Poison","floor":6.0,"key":"SMITH"},{"data":"Bullet Time","floor":8.0,"key":"SMITH"},{"data":"Bouncing Flask","floor":15.0,"key":"SMITH"},{"floor":25,"key":"REST"},{"floor":29,"key":"REST"},{"data":"Footwork","floor":32,"key":"SMITH"},{"floor":41,"key":"RECALL"},{"data":"Acrobatics","floor":44,"key":"SMITH"},{"data":"Dodge and Roll","floor":47,"key":"SMITH"},{"data":"Footwork","floor":49,"key":"SMITH"}],"neow_cost":"NONE","seed_source_timestamp":266047208542499,"circlet_count":0,"master_deck":["AscendersBane","Defend_G","Defend_G","Defend_G","Defend_G","Strike_G","Survivor","Neutralize+1","Bullet Time+1","Crippling Poison+1","Dagger Spray","Flying Knee","Dodge and Roll+1","Corpse Explosion","Bouncing Flask+1","Dagger Spray+1","Glass Knife+1","Riddle With Holes+1","Acrobatics+1","Predator+1","Dash+1","Footwork+1","Backflip+1","Bullet Time","Bouncing Flask+1","Dash+1","Dash+1","PiercingWail","Footwork+1"],"special_seed":0,"relics":["Ring of the Snake","Whetstone","Strawberry","Blood Vial","Molten Egg 2","Snecko Eye","PreservedInsect","Bird Faced Urn","WingedGreaves","Meat on the Bone","Runic Dome","Bronze Scales","Turnip","Bottled Lightning"],"potions_floor_usage":[33,50],"damage_taken":[{"damage":1.0,"enemies":"2 Louse","floor":1.0,"turns":5.0},{"damage":1.0,"enemies":"Cultist","floor":3.0,"turns":4.0},{"damage":4.0,"enemies":"Small Slimes","floor":4.0,"turns":4.0},{"damage":4.0,"enemies":"Exordium Wildlife","floor":5.0,"turns":5.0},{"damage":15.0,"enemies":"Lagavulin","floor":7.0,"turns":6.0},{"damage":20.0,"enemies":"Gremlin Nob","floor":10.0,"turns":4.0},{"damage":0.0,"enemies":"Large Slime","floor":12.0,"turns":6.0},{"damage":5.0,"enemies":"Blue Slaver","floor":14.0,"turns":4.0},{"damage":11.0,"enemies":"Hexaghost","floor":16.0,"turns":9.0},{"damage":10,"enemies":"Shell Parasite","floor":18,"turns":2},{"damage":0,"enemies":"3 Byrds","floor":19,"turns":2},{"damage":12,"enemies":"Cultist and Chosen","floor":21,"turns":4},{"damage":19,"enemies":"Gremlin Leader","floor":23,"turns":4},{"damage":13,"enemies":"Book of Stabbing","floor":28,"turns":3},{"damage":0,"enemies":"Sentry and Sphere","floor":30,"turns":2},{"damage":24,"enemies":"Slavers","floor":31,"turns":2},{"damage":39,"enemies":"Collector","floor":33,"turns":7},{"damage":0,"enemies":"3 Darklings","floor":35,"turns":2},{"damage":0,"enemies":"3 Shapes","floor":37,"turns":2},{"damage":9,"enemies":"Sphere and 2 Shapes","floor":39,"turns":4},{"damage":0,"enemies":"Giant Head","floor":40,"turns":4},{"damage":15,"enemies":"Reptomancer","floor":42,"turns":4},{"damage":28,"enemies":"Giant Head","floor":45,"turns":6},{"damage":0,"enemies":"3 Darklings","floor":46,"turns":3},{"damage":41,"enemies":"Awakened One","floor":50,"turns":12},{"damage":33,"enemies":"Time Eater","floor":51,"turns":7}],"seed_played":"6468056595821750638","potions_obtained":[{"floor":1.0,"key":"Dexterity Potion"},{"floor":5.0,"key":"Poison Potion"},{"floor":21,"key":"EssenceOfSteel"},{"floor":35,"key":"Weak Potion"},{"floor":39,"key":"Block Potion"},{"floor":46,"key":"GamblersBrew"}],"is_trial":false,"path_per_floor":["M","?","M","M","M","R","E","R","T","E","$","M","T","M","R","B",null,"M","M","$","M","?","E","$","R","T","$","E","R","M","E","R","B",null,"M","?","M","?","M","E","R","E","T","R","E","M","R","$","R","B","B"],"character_chosen":"THE_SILENT","items_purchased":["Predator+1","Footwork"],"campfire_rested":2,"item_purchase_floors":[20,48],"current_hp_per_floor":[58,58,57,53,49,49,34,34,41,21,21,23,23,20,20,11,58,50,52,52,42,42,25,25,46,46,46,35,56,58,36,36,13,58,62,62,64,64,59,63,63,52,52,52,40,44,44,44,44,21,0],"gold":155,"neow_bonus":"ONE_RANDOM_RARE_CARD","is_prod":false,"is_daily":false,"chose_seed":false,"campfire_upgraded":7,"win_rate":0,"timestamp":1555695021,"path_taken":["M","?","M","M","?","R","E","R","T","E","?","?","?","M","R","BOSS","M","M","?","M","?","E","?","R","T","$","E","R","M","E","R","BOSS","M","?","M","?","?","E","R","E","T","R","E","M","R","$","R","BOSS","BOSS"],"build_version":"2019-01-23","purchased_purges":4,"victory":false,"max_hp_per_floor":[66,66,66,66,66,66,66,66,73,73,73,73,73,73,73,73,73,73,73,73,73,73,73,73,73,73,73,73,73,73,73,73,73,73,73,73,73,73,73,73,73,73,73,73,73,73,73,73,73,73,73],"card_choices":[{"not_picked":["Underhanded Strike","Bane"],"picked":"Crippling Poison","floor":1.0},{"not_picked":["Slice","Acrobatics"],"picked":"Flying Knee","floor":3.0},{"not_picked":["Prepared","Slice"],"picked":"Dodge and Roll","floor":4.0},{"not_picked":["Expertise","Deflect","Dodge and Roll"],"picked":"SKIP","floor":5.0},{"not_picked":["Leg Sweep","Escape Plan"],"picked":"Corpse Explosion","floor":7.0},{"not_picked":["Riddle With Holes","Bullet Time"],"picked":"Bouncing Flask","floor":10.0},{"not_picked":["Slice","Flying Knee","Dagger Throw"],"picked":"SKIP","floor":12.0},{"not_picked":["Cloak And Dagger","Noxious Fumes"],"picked":"Dagger Spray+1","floor":14.0},{"not_picked":["Night Terror","Phantasmal Killer"],"picked":"Glass Knife+1","floor":16.0},{"not_picked":["Deadly Poison","Prepared"],"picked":"Riddle With Holes+1","floor":18},{"not_picked":["Quick Slash+1","PiercingWail"],"picked":"Acrobatics","floor":19},{"not_picked":["Endless Agony+1","Caltrops","Acrobatics"],"picked":"SKIP","floor":21},{"not_picked":["Deflect","Masterful Stab+1","Dagger Spray+1"],"picked":"SKIP","floor":23},{"not_picked":["Venomology","Acrobatics","Skewer+1"],"picked":"SKIP","floor":28},{"not_picked":["Slice+1","Eviscerate+1"],"picked":"Footwork","floor":30},{"not_picked":["Infinite Blades","Acrobatics"],"picked":"Backflip+1","floor":31},{"not_picked":["Adrenaline","Malaise"],"picked":"Bullet Time","floor":33},{"not_picked":["Underhanded Strike+1","Slice+1","Bane+1"],"picked":"SKIP","floor":35},{"not_picked":["Eviscerate+1","Blade Dance"],"picked":"Bouncing Flask","floor":37},{"not_picked":["Backflip","Dodge and Roll"],"picked":"Dash+1","floor":39},{"not_picked":["Tools of the Trade","Cloak And Dagger"],"picked":"Dash+1","floor":40},{"not_picked":["Setup","Venomology","Backflip"],"picked":"SKIP","floor":42},{"not_picked":["PiercingWail","Escape Plan","Finisher+1"],"picked":"SKIP","floor":45},{"not_picked":["Escape Plan","Finisher+1"],"picked":"PiercingWail","floor":45},{"not_picked":["Noxious Fumes","Quick Slash+1","Blade Dance"],"picked":"SKIP","floor":46}],"player_experience":4846005,"relics_obtained":[{"floor":7.0,"key":"Whetstone"},{"floor":9.0,"key":"Strawberry"},{"floor":10.0,"key":"Blood Vial"},{"floor":13.0,"key":"Molten Egg 2"},{"floor":23,"key":"PreservedInsect"},{"floor":26,"key":"Bird Faced Urn"},{"floor":28,"key":"WingedGreaves"},{"floor":31,"key":"Meat on the Bone"},{"floor":40,"key":"Bronze Scales"},{"floor":42,"key":"Turnip"},{"floor":45,"key":"Bottled Lightning"}],"event_choices":[{"damage_healed":0.0,"max_hp_gain":0.0,"max_hp_loss":0.0,"gold_gain":0.0,"cards_transformed":["Defend_G"],"event_name":"Transmorgrifier","player_choice":"Transformed","floor":2.0,"gold_loss":0.0,"damage_taken":0.0,"cards_obtained":["Dagger Spray"]},{"damage_healed":0,"gold_gain":0,"player_choice":"Read","damage_taken":0,"max_hp_gain":0,"max_hp_loss":0,"event_name":"The Library","floor":22,"gold_loss":0,"cards_obtained":["Dash"]},{"damage_healed":0,"gold_gain":0,"player_choice":"Ignored","damage_taken":0,"max_hp_gain":0,"max_hp_loss":0,"event_name":"Tomb of Lord Red Mask","floor":36,"gold_loss":0},{"damage_healed":0,"gold_gain":0,"player_choice":"Upgraded","damage_taken":0,"max_hp_gain":0,"max_hp_loss":0,"event_name":"Upgrade Shrine","floor":38,"gold_loss":0,"cards_upgraded":["Bouncing Flask"]}],"is_beta":false,"boss_relics":[{"not_picked":["Ring of the Serpent","Eternal Feather"],"picked":"Snecko Eye"},{"not_picked":["HoveringKite","Velvet Choker"],"picked":"Runic Dome"}],"items_purged_floors":[11,20,24,48],"is_endless":false,"potions_floor_spawned":[1,5,21,28,30,35,39,46],"killed_by":"Time Eater","ascension_level":20}