{"gold_per_floor":[113,113,132,147,147,172,187,187],"floor_reached":8,"playtime":264,"items_purged":[],"score":61,"play_id":"9b7b174b-4c6d-4877-bfcb-1f2d2e391370","local_time":"20190720150546","is_ascension_mode":true,"campfire_choices":[],"neow_cost":"NONE","seed_source_timestamp":853789000810500,"circlet_count":0,"master_deck":["Strike_B","Strike_B","Strike_B","Strike_B+1","Defend_B","Defend_B","Defend_B","Defend_B","Zap","Dualcast","Cold Snap+1","Reprogram","Self Repair","Hologram","Leap"],"relics":["Cracked Core","Darkstone Periapt"],"potions_floor_usage":[6],"damage_taken":[{"damage":4,"enemies":"Small Slimes","floor":1,"turns":3},{"damage":5,"enemies":"2 Louse","floor":3,"turns":2},{"damage":0,"enemies":"Cultist","floor":4,"turns":3},{"damage":47,"enemies":"Lagavulin","floor":6,"turns":7},{"damage":4,"enemies":"Looter","floor":7,"turns":3},{"damage":33,"enemies":"Gremlin Nob","floor":8,"turns":4}],"seed_played":"9203575817816109135","potions_obtained":[{"floor":3,"key":"Ancient Potion"}],"is_trial":false,"path_per_floor":["M","?","M","M","?","E","M","E"],"character_chosen":"DEFECT","items_purchased":[],"campfire_rested":0,"item_purchase_floors":[],"current_hp_per_floor":[78,62,57,57,57,17,20,0],"gold":187,"neow_bonus":"TEN_PERCENT_HP_BONUS","is_prod":false,"is_daily":false,"chose_seed":false,"campfire_upgraded":0,"win_rate":0,"timestamp":1563653146,"path_taken":["M","?","M","M","?","E","?","E"],"build_version":"2019-07-17","purchased_purges":0,"victory":false,"max_hp_per_floor":[82,82,82,82,82,82,82,82],"card_choices":[{"not_picked":["Steam","Rip and Tear"],"picked":"Cold Snap","floor":1},{"not_picked":["Go for the Eyes","Redo"],"picked":"Reprogram","floor":3},{"not_picked":["Auto Shields","Gash"],"picked":"Self Repair","floor":4},{"not_picked":["Sweeping Beam","Steam"],"picked":"Hologram","floor":6},{"not_picked":["Gash","Sweeping Beam"],"picked":"Leap","floor":7}],"player_experience":118592,"relics_obtained":[{"floor":6,"key":"Darkstone Periapt"}],"event_choices":[{"damage_healed":0,"gold_gain":0,"player_choice":"Entered Light","damage_taken":16,"max_hp_gain":0,"max_hp_loss":0,"event_name":"Shining Light","floor":2,"gold_loss":0,"cards_upgraded":["Strike_B","Cold Snap"]},{"cards_removed":["Defend_B"],"damage_healed":0,"gold_gain":0,"player_choice":"Took Card","damage_taken":0,"max_hp_gain":0,"max_hp_loss":0,"event_name":"NoteForYourself","floor":5,"gold_loss":0,"cards_obtained":["Defend_B"]}],"is_beta":false,"boss_relics":[],"items_purged_floors":[],"is_endless":false,"potions_floor_spawned":[3],"killed_by":"Gremlin Nob","ascension_level":1}