{"gold_per_floor":[113,126,137,147,160,181,181,203,203,213,238,248,278,70,70,132,132,141,153,7,16,26,53,53,78,78,78,104,29,49,63,63,121,121,130,130,10,24,32,56,56,70,70,83,83,97,108,135,135,135,135,135,135,21,41,41],"floor_reached":57,"playtime":3104,"items_purged":["Strike_G","Strike_G","Defend_G"],"score":4192,"play_id":"4693d451-7d77-42d1-aa73-4d3b569cd63f","local_time":"20190503014841","is_ascension_mode":true,"campfire_choices":[{"data":"Corruption","floor":10,"key":"SMITH"},{"data":"Neutralize","floor":15,"key":"SMITH"},{"floor":24,"key":"REST"},{"floor":32,"key":"RECALL"},{"data":"Acrobatics","floor":45,"key":"SMITH"},{"data":"Blade Dance","floor":49,"key":"SMITH"},{"data":"Ghostly","floor":53,"key":"SMITH"}],"neow_cost":"","seed_source_timestamp":0,"circlet_count":0,"master_deck":["Cloak And Dagger","Blade Dance+1","Survivor","Defend_G","Defend_G","Defend_G","Neutralize+1","Corruption+1","Backstab","Crippling Poison","Infinite Blades","Calculated Gamble","Infinite Blades","Night Terror","Escape Plan","After Image","Backflip","Acrobatics+1","Ghostly+1","Ghostly","Ghostly","Corruption+1","Night Terror"],"relics":["Ring of the Snake","Dead Branch","Matryoshka","Potion Belt","Anchor","MawBank","The Courier","Orichalcum","Empty Cage","Shuriken","Happy Flower","Singing Bowl","Meat on the Bone","Oddly Smooth Stone","Sundial","Strawberry","Omamori","Bag of Marbles"],"potions_floor_usage":[5,50,56,56],"damage_taken":[{"damage":3,"enemies":"Jaw Worm","floor":1,"turns":4},{"damage":0,"enemies":"Small Slimes","floor":2,"turns":1},{"damage":0,"enemies":"2 Louse","floor":3,"turns":2},{"damage":0,"enemies":"Blue Slaver","floor":4,"turns":2},{"damage":1,"enemies":"Red Slaver","floor":5,"turns":4},{"damage":0,"enemies":"Lagavulin","floor":6,"turns":5},{"damage":0,"enemies":"3 Sentries","floor":8,"turns":2},{"damage":0,"enemies":"Lots of Slimes","floor":11,"turns":2},{"damage":0,"enemies":"Gremlin Nob","floor":13,"turns":2},{"damage":12,"enemies":"Hexaghost","floor":16,"turns":4},{"damage":16,"enemies":"Spheric Guardian","floor":18,"turns":4},{"damage":0,"enemies":"Chosen","floor":19,"turns":3},{"damage":0,"enemies":"Snake Plant","floor":21,"turns":4},{"damage":0,"enemies":"Snecko","floor":22,"turns":4},{"damage":0,"enemies":"Book of Stabbing","floor":23,"turns":2},{"damage":0,"enemies":"Slavers","floor":25,"turns":2},{"damage":0,"enemies":"Book of Stabbing","floor":28,"turns":2},{"damage":0,"enemies":"Gremlin Leader","floor":30,"turns":4},{"damage":0,"enemies":"Centurion and Healer","floor":31,"turns":3},{"damage":0,"enemies":"Automaton","floor":33,"turns":4},{"damage":0,"enemies":"3 Darklings","floor":35,"turns":2},{"damage":0,"enemies":"Orb Walker","floor":38,"turns":2},{"damage":0,"enemies":"Maw","floor":39,"turns":1},{"damage":0,"enemies":"Reptomancer","floor":40,"turns":6},{"damage":0,"enemies":"Writhing Mass","floor":42,"turns":1},{"damage":0,"enemies":"Spire Growth","floor":44,"turns":1},{"damage":0,"enemies":"Maw","floor":46,"turns":2},{"damage":0,"enemies":"Sphere and 2 Shapes","floor":47,"turns":3},{"damage":0,"enemies":"Nemesis","floor":48,"turns":3},{"damage":0,"enemies":"Time Eater","floor":50,"turns":7},{"damage":0,"enemies":"Awakened One","floor":51,"turns":3},{"damage":0,"enemies":"Shield and Spear","floor":55,"turns":4},{"damage":17,"enemies":"The Heart","floor":56,"turns":7}],"seed_played":"8117950125877488813","potions_obtained":[{"floor":2,"key":"FearPotion"},{"floor":3,"key":"Regen Potion"},{"floor":11,"key":"Weak Potion"},{"floor":16,"key":"PowerPotion"},{"floor":18,"key":"Swift Potion"},{"floor":44,"key":"GhostInAJar"},{"floor":46,"key":"Energy Potion"}],"is_trial":true,"path_per_floor":["M","M","M","M","M","E","?","E","T","R","M","?","E","$","R","B",null,"M","M","$","M","M","E","R","E","T","?","E","?","E","M","R","B",null,"M","?","$","M","M","E","$","M","T","M","R","M","M","E","R","B","B",null,"R","$","E","B",null],"character_chosen":"THE_SILENT","items_purchased":["Night Terror","Escape Plan","Acrobatics","GamblersBrew","Block Potion"],"campfire_rested":1,"item_purchase_floors":[14,14,20,54,54],"current_hp_per_floor":[56,56,56,56,66,66,59,59,59,59,59,54,54,54,54,42,33,17,17,17,17,17,17,24,24,24,16,18,18,20,22,22,24,24,26,26,26,28,30,38,38,40,40,42,42,44,46,48,48,48,48,49,49,49,49,32],"gold":41,"neow_bonus":"","is_prod":false,"is_daily":false,"chose_seed":false,"campfire_upgraded":5,"win_rate":0,"timestamp":1556815721,"path_taken":["M","M","M","M","M","E","?","E","T","R","M","?","E","$","R","BOSS","M","M","$","M","M","E","R","E","T","?","E","?","E","M","R","BOSS","M","?","$","?","M","E","?","?","T","M","R","M","M","E","R","BOSS","BOSS","R","$","E","BOSS"],"build_version":"2019-01-23","purchased_purges":3,"victory":true,"max_hp_per_floor":[66,66,66,66,66,66,66,66,66,66,66,66,66,66,66,66,33,33,33,33,33,33,33,33,33,33,16,18,18,20,22,22,24,24,26,26,26,28,30,39,39,41,41,43,43,45,47,49,49,49,49,49,49,49,49,49],"card_choices":[{"not_picked":["Poisoned Stab","Escape Plan"],"picked":"Backstab","floor":1},{"not_picked":["PiercingWail","Concentrate"],"picked":"Crippling Poison","floor":2},{"not_picked":["Sucker Punch","Setup","Deflect"],"picked":"SKIP","floor":3},{"not_picked":["Dagger Spray","Poisoned Stab","Reflex"],"picked":"SKIP","floor":4},{"not_picked":["Dagger Throw","Sucker Punch","Deadly Poison"],"picked":"SKIP","floor":5},{"not_picked":["Doppelganger","Calculated Gamble"],"picked":"Infinite Blades","floor":6},{"not_picked":["Heel Hook","Bouncing Flask"],"picked":"Calculated Gamble","floor":8},{"not_picked":["Blade Dance","Acrobatics"],"picked":"Infinite Blades","floor":11},{"not_picked":["Dagger Spray","Outmaneuver","Quick Slash"],"picked":"SKIP","floor":13},{"not_picked":["Envenom","Tools of the Trade"],"picked":"After Image","floor":16},{"not_picked":["Flying Knee","Poisoned Stab"],"picked":"Backflip","floor":18},{"not_picked":["Blade Dance","Bane+1","Slice"],"picked":"SKIP","floor":19},{"not_picked":["Outmaneuver","Dash","Dagger Throw+1"],"picked":"SKIP","floor":21},{"not_picked":["Dodge and Roll+1","Escape Plan","Outmaneuver+1"],"picked":"SKIP","floor":22},{"not_picked":["Sucker Punch+1","Underhanded Strike","Endless Agony"],"picked":"SKIP","floor":23},{"not_picked":["Dagger Throw","Accuracy","Underhanded Strike"],"picked":"SKIP","floor":25},{"not_picked":["Outmaneuver","Deadly Poison","Burst"],"picked":"Singing Bowl","floor":28},{"not_picked":["Riddle With Holes","Tactician+1","Noxious Fumes+1"],"picked":"Singing Bowl","floor":30},{"not_picked":["Acrobatics","Slice","Dodge and Roll"],"picked":"Singing Bowl","floor":31},{"not_picked":["Glass Knife","Envenom","Doppelganger"],"picked":"Singing Bowl","floor":33},{"not_picked":["Deflect+1","Acrobatics","Cloak And Dagger"],"picked":"Singing Bowl","floor":35},{"not_picked":["Bane","Flechettes","Quick Slash"],"picked":"Singing Bowl","floor":38},{"not_picked":["Endless Agony","Prepared","Noxious Fumes"],"picked":"Singing Bowl","floor":39},{"not_picked":["Blade Dance","Leg Sweep+1","Well Laid Plans"],"picked":"Singing Bowl","floor":40},{"not_picked":["Bane+1","Cloak And Dagger+1","Flying Knee+1"],"picked":"Singing Bowl","floor":42},{"not_picked":["Prepared","Endless Agony","Blade Dance"],"picked":"Singing Bowl","floor":44},{"not_picked":["Acrobatics+1","Finisher+1","Riddle With Holes+1"],"picked":"Singing Bowl","floor":46},{"not_picked":["PiercingWail","Outmaneuver","Bane"],"picked":"Singing Bowl","floor":47},{"not_picked":["Blade Dance","Poisoned Stab","Backflip"],"picked":"Singing Bowl","floor":48},{"not_picked":["Terror","Dodge and Roll"],"picked":"Night Terror","floor":55}],"player_experience":4899663,"relics_obtained":[{"floor":6,"key":"Matryoshka"},{"floor":8,"key":"Potion Belt"},{"floor":9,"key":"Anchor"},{"floor":9,"key":"MawBank"},{"floor":13,"key":"Orichalcum"},{"floor":23,"key":"Shuriken"},{"floor":25,"key":"Happy Flower"},{"floor":26,"key":"Singing Bowl"},{"floor":26,"key":"Meat on the Bone"},{"floor":28,"key":"Oddly Smooth Stone"},{"floor":30,"key":"Sundial"},{"floor":40,"key":"Strawberry"},{"floor":48,"key":"Omamori"},{"floor":55,"key":"Bag of Marbles"}],"event_choices":[{"cards_removed":["Strike_G"],"damage_healed":0,"gold_gain":0,"player_choice":"Card Removal","damage_taken":7,"max_hp_gain":0,"max_hp_loss":0,"event_name":"Golden Wing","floor":7,"gold_loss":0},{"damage_healed":0,"gold_gain":0,"player_choice":"Success","damage_taken":5,"relics_obtained":["The Courier"],"max_hp_gain":0,"max_hp_loss":0,"event_name":"Scrap Ooze","floor":12,"gold_loss":0},{"damage_healed":0,"gold_gain":0,"player_choice":"Became a Ghost","damage_taken":0,"max_hp_gain":0,"max_hp_loss":17,"event_name":"Ghosts","floor":27,"gold_loss":0,"cards_obtained":["Ghostly","Ghostly","Ghostly"]},{"cards_removed":["Defend_G"],"damage_healed":0,"gold_gain":0,"player_choice":"Gave Gold","damage_taken":0,"max_hp_gain":0,"max_hp_loss":0,"event_name":"Beggar","floor":29,"gold_loss":75},{"damage_healed":0,"gold_gain":0,"player_choice":"Copied","damage_taken":0,"max_hp_gain":0,"max_hp_loss":0,"event_name":"Duplicator","floor":36,"gold_loss":0,"cards_obtained":["Corruption"]}],"is_beta":false,"boss_relics":[{"not_picked":["TwistingMind"],"picked":"BlightedDurian"},{"not_picked":["TwistingMind"],"picked":"BlightedDurian"},{"not_picked":["WristBlade","Philosopher\u0027s Stone"],"picked":"Empty Cage"},{"not_picked":["GraspOfShadows"],"picked":"TwistingMind"},{"not_picked":["GraspOfShadows"],"picked":"TwistingMind"}],"items_purged_floors":[14,20,37],"is_endless":false,"potions_floor_spawned":[2,3,4,11,16,18,19,25,28,33,35,44,46,47,48],"ascension_level":25}