{"gold_per_floor":[117,132,151,165,165,165,196,196,196,196,224,241,254,273,273,346,346,358,377,216,216,176,176,176],"floor_reached":24,"playtime":728,"items_purged":["Perfected Strike"],"score":441,"play_id":"1c15a1b2-8d8d-4a4d-be7d-8efcc02fad07","local_time":"20190330013313","is_ascension_mode":true,"campfire_choices":[{"data":"Perfected Strike","floor":6.0,"key":"SMITH"},{"data":"Bloodletting","floor":8.0,"key":"SMITH"},{"data":"Perfected Strike","floor":10.0,"key":"SMITH"},{"floor":15.0,"key":"REST"},{"floor":23.0,"key":"REST"}],"neow_cost":"PERCENT_DAMAGE","seed_source_timestamp":1388196671442300,"circlet_count":0,"master_deck":["AscendersBane","Bash","Feel No Pain","Perfected Strike+1","Perfected Strike+1","Second Wind","Bloodletting+1","Seeing Red","Corruption+1","Dual Wield","Inflame+1","Barricade+1","Reaper","Feel No Pain+1","Dual Wield","Barricade+1","Combust+1","Fire Breathing+1","Intimidate","Wild Strike","Blood for Blood+1","Battle Trance","Power Through"],"special_seed":0,"relics":["Burning Blood","Frozen Egg 2","Champion Belt","Bird Faced Urn","Pandora\u0027s Box"],"potions_floor_usage":[24,24],"damage_taken":[{"damage":1.0,"enemies":"Small Slimes","floor":1.0,"turns":5.0},{"damage":10.0,"enemies":"2 Louse","floor":2.0,"turns":3.0},{"damage":0.0,"enemies":"Cultist","floor":3.0,"turns":3.0},{"damage":21.0,"enemies":"Lots of Slimes","floor":4.0,"turns":5.0},{"damage":24.0,"enemies":"Lagavulin","floor":7.0,"turns":7.0},{"damage":19.0,"enemies":"3 Sentries","floor":11.0,"turns":8.0},{"damage":9.0,"enemies":"Red Slaver","floor":12.0,"turns":2.0},{"damage":8.0,"enemies":"Blue Slaver","floor":13.0,"turns":3.0},{"damage":10.0,"enemies":"Exordium Wildlife","floor":14.0,"turns":4.0},{"damage":46.0,"enemies":"The Guardian","floor":16.0,"turns":12.0},{"damage":51.0,"enemies":"Shell Parasite","floor":18.0,"turns":7.0},{"damage":19.0,"enemies":"Chosen","floor":19.0,"turns":7.0},{"damage":91,"enemies":"Gremlin Leader","floor":24,"turns":4}],"seed_played":"1682933449520119368","potions_obtained":[{"floor":1.0,"key":"Swift Potion"},{"floor":3.0,"key":"Dexterity Potion"},{"floor":16.0,"key":"GamblersBrew"},{"floor":18.0,"key":"Block Potion"}],"is_trial":false,"path_per_floor":["M","M","M","M","?","R","E","R","T","R","E","M","M","M","R","B",null,"M","M","$","?","?","R","E"],"character_chosen":"IRONCLAD","items_purchased":["Power Through"],"campfire_rested":2,"item_purchase_floors":[20],"current_hp_per_floor":[69,65,71,56,61,61,43,43,43,43,30,27,27,27,55,21,76,56,61,61,33,33,62,0],"gold":176,"neow_bonus":"TWENTY_PERCENT_HP_BONUS","is_prod":false,"is_daily":false,"chose_seed":false,"campfire_upgraded":3,"win_rate":0,"timestamp":1553877193,"path_taken":["M","M","M","M","?","R","E","R","T","R","E","M","M","M","R","BOSS","M","M","$","?","?","R","E"],"build_version":"2019-01-23","purchased_purges":1,"victory":false,"max_hp_per_floor":[89,89,89,89,94,94,94,94,94,94,94,94,94,94,94,94,94,94,94,94,99,99,99,99],"card_choices":[{"not_picked":["Fire Breathing","Headbutt"],"picked":"Feel No Pain","floor":1.0},{"not_picked":["Shrug It Off","Dropkick"],"picked":"Perfected Strike","floor":2.0},{"not_picked":["Heavy Blade","Evolve"],"picked":"Perfected Strike","floor":3.0},{"not_picked":["Shockwave","Clash"],"picked":"Second Wind","floor":4.0},{"not_picked":["Searing Blow","Body Slam"],"picked":"Bloodletting","floor":7.0},{"not_picked":["Body Slam","True Grit"],"picked":"Seeing Red","floor":11.0},{"not_picked":["Clothesline","Sever Soul"],"picked":"Corruption+1","floor":12.0},{"not_picked":["Rage","Whirlwind"],"picked":"Dual Wield","floor":13.0},{"not_picked":["Sword Boomerang","Thunderclap"],"picked":"Inflame+1","floor":14.0},{"not_picked":["Double Tap","Brutality+1"],"picked":"Barricade+1","floor":16.0},{"not_picked":["Burning Pact","Twin Strike"],"picked":"Blood for Blood+1","floor":18.0},{"not_picked":["Body Slam","Flex"],"picked":"Battle Trance","floor":19.0}],"player_experience":4664707,"relics_obtained":[{"floor":7.0,"key":"Frozen Egg 2"},{"floor":9.0,"key":"Champion Belt"},{"floor":11.0,"key":"Bird Faced Urn"}],"event_choices":[{"damage_healed":0.0,"max_hp_gain":5.0,"max_hp_loss":0.0,"gold_gain":0.0,"event_name":"Big Fish","player_choice":"Donut","floor":5.0,"gold_loss":0.0,"damage_taken":0.0},{"damage_healed":0.0,"max_hp_gain":5.0,"max_hp_loss":0.0,"gold_gain":0.0,"event_name":"Forgotten Altar","player_choice":"Shed Blood","floor":21.0,"gold_loss":0.0,"damage_taken":33.0},{"damage_healed":0.0,"max_hp_gain":0.0,"max_hp_loss":0.0,"gold_gain":0.0,"event_name":"The Woman in Blue","player_choice":"Bought 3 Potions","floor":22.0,"gold_loss":0.0,"damage_taken":0.0}],"is_beta":false,"boss_relics":[{"not_picked":["Ectoplasm","Lizard Tail"],"picked":"Pandora\u0027s Box"}],"items_purged_floors":[20],"is_endless":false,"potions_floor_spawned":[1,3,7,11,12,16,18,19],"killed_by":"Gremlin Leader","ascension_level":20}