{"gold_per_floor":[113,288,288,31,51,51,66,66,66,66,66,83,111,127,127,127],"floor_reached":16,"playtime":513,"items_purged":[],"score":105,"play_id":"3162503e-8d44-466d-922d-041a9f7bdc5b","local_time":"20190720183253","is_ascension_mode":true,"campfire_choices":[{"data":"Darkness","floor":6,"key":"SMITH"},{"floor":8,"key":"RECALL"},{"data":"Defragment","floor":10,"key":"SMITH"},{"floor":15,"key":"REST"}],"neow_cost":"NONE","seed_source_timestamp":865966610957900,"circlet_count":0,"master_deck":["Strike_B","Strike_B","Strike_B","Strike_B","Defend_B","Defend_B","Defend_B","Defend_B","Zap","Dualcast","Darkness+1","Doubt","Conserve Battery","Defragment+1","Double Energy","Capacitor","Hyperbeam"],"relics":["Sozu","Girya","Matryoshka","Omamori","WarpedTongs","Turnip"],"potions_floor_usage":[],"damage_taken":[{"damage":1,"enemies":"Jaw Worm","floor":1,"turns":3},{"damage":8,"enemies":"2 Louse","floor":5,"turns":2},{"damage":0,"enemies":"Cultist","floor":7,"turns":3},{"damage":3,"enemies":"Large Slime","floor":12,"turns":5},{"damage":30,"enemies":"Gremlin Nob","floor":13,"turns":5},{"damage":0,"enemies":"Red Slaver","floor":14,"turns":3},{"damage":43,"enemies":"Hexaghost","floor":16,"turns":10}],"seed_played":"-2638971008780796440","potions_obtained":[],"is_trial":false,"path_per_floor":["M","?","?","$","M","R","M","R","T","R","?","M","E","M","R","B"],"character_chosen":"DEFECT","items_purchased":["Matryoshka"],"campfire_rested":1,"item_purchase_floors":[4],"current_hp_per_floor":[74,74,62,62,54,54,54,54,54,54,54,51,21,21,43,0],"gold":127,"neow_bonus":"BOSS_RELIC","is_prod":false,"is_daily":false,"chose_seed":false,"campfire_upgraded":2,"win_rate":0,"timestamp":1563665573,"path_taken":["M","?","?","?","M","R","?","R","T","R","?","M","E","M","R","BOSS"],"build_version":"2019-07-17","purchased_purges":0,"victory":false,"max_hp_per_floor":[75,75,75,75,75,75,75,75,75,75,75,75,75,75,75,75],"card_choices":[{"not_picked":["Cold Snap","Stack"],"picked":"Darkness","floor":1},{"not_picked":["Beam Cell","Hologram"],"picked":"Conserve Battery","floor":5},{"not_picked":["Coolheaded","Barrage"],"picked":"Defragment","floor":7},{"not_picked":["Conserve Battery","Defragment"],"picked":"Double Energy","floor":12},{"not_picked":["Cold Snap","Blizzard"],"picked":"Capacitor","floor":13},{"not_picked":["Steam Power","Chill"],"picked":"Hyperbeam","floor":14}],"player_experience":124318,"relics_obtained":[{"floor":9,"key":"Omamori"},{"floor":13,"key":"Turnip"}],"event_choices":[{"damage_healed":0,"gold_gain":175,"player_choice":"AGREE","damage_taken":0,"max_hp_gain":0,"max_hp_loss":0,"event_name":"Liars Game","floor":2,"gold_loss":0,"cards_obtained":["Doubt"]},{"damage_healed":0,"gold_gain":0,"player_choice":"Success","damage_taken":12,"relics_obtained":["Girya"],"max_hp_gain":0,"max_hp_loss":0,"event_name":"Scrap Ooze","floor":3,"gold_loss":0},{"damage_healed":0,"gold_gain":0,"player_choice":"Rummage","damage_taken":0,"relics_obtained":["WarpedTongs"],"max_hp_gain":0,"max_hp_loss":0,"event_name":"Accursed Blacksmith","floor":11,"gold_loss":0,"cards_obtained":["Pain"]}],"is_beta":false,"boss_relics":[],"items_purged_floors":[],"is_endless":false,"potions_floor_spawned":[1,5,13,14],"killed_by":"Hexaghost","ascension_level":1}