{"gold_per_floor":[110,128,53,53,53,82,82,94,94,124,49,99,114,133,133,207,207,219,195,95,20,36,36,68,85,85,95,120,120,146,146,146,218,218,228,228,16,30,41,76,90,90,90,90,100,120,150,250,250,250,250,250,250,19,49,49],"floor_reached":57,"playtime":2712,"items_purged":["Strike_R","Strike_R","Strike_R+1","Bash"],"score":3114,"play_id":"b024543a-aa99-420f-b419-f181256437da","local_time":"20190407021319","is_ascension_mode":true,"campfire_choices":[{"data":"Armaments","floor":7,"key":"SMITH"},{"data":"Offering","floor":15,"key":"SMITH"},{"data":"Corruption","floor":23,"key":"SMITH"},{"data":"Offering","floor":29,"key":"SMITH"},{"data":"Burning Pact","floor":32,"key":"SMITH"},{"floor":42,"key":"RECALL"},{"data":"Barricade","floor":44,"key":"SMITH"},{"data":"Feel No Pain","floor":49,"key":"SMITH"},{"data":"Disarm","floor":53,"key":"SMITH"}],"neow_cost":"NONE","seed_source_timestamp":371376614238700,"circlet_count":0,"master_deck":["AscendersBane","Defend_R","Defend_R","Defend_R+1","Defend_R","Offering+1","Armaments+1","Sever Soul","Disarm+1","Reaper","Corruption+1","Ghostly Armor","Burning Pact+1","Offering+1","Barricade+1","Feel No Pain+1","Reaper","Corruption","Disarm"],"special_seed":0,"relics":["Burning Blood","Shuriken","Gremlin Horn","Dead Branch","Pantograph","Sozu","Torii","Nunchaku","Blue Candle","Singing Bowl","Busted Crown","Centennial Puzzle","Ancient Tea Set","Bag of Marbles","Turnip","Bag of Preparation"],"potions_floor_usage":[51,56],"damage_taken":[{"damage":4.0,"enemies":"Small Slimes","floor":1.0,"turns":4.0},{"damage":6,"enemies":"Jaw Worm","floor":2,"turns":4},{"damage":14,"enemies":"Gremlin Nob","floor":6,"turns":3},{"damage":0,"enemies":"2 Louse","floor":8,"turns":5},{"damage":26,"enemies":"Lagavulin","floor":10,"turns":5},{"damage":10,"enemies":"Large Slime","floor":13,"turns":6},{"damage":6,"enemies":"Looter","floor":14,"turns":2},{"damage":20,"enemies":"The Guardian","floor":16,"turns":11},{"damage":13,"enemies":"3 Byrds","floor":18,"turns":6},{"damage":12,"enemies":"2 Thieves","floor":19,"turns":4},{"damage":5,"enemies":"Snecko","floor":22,"turns":3},{"damage":43,"enemies":"Slavers","floor":24,"turns":7},{"damage":6,"enemies":"Snake Plant","floor":25,"turns":3},{"damage":6,"enemies":"Centurion and Healer","floor":27,"turns":2},{"damage":6,"enemies":"Gremlin Leader","floor":28,"turns":4},{"damage":6,"enemies":"Slavers","floor":30,"turns":2},{"damage":30,"enemies":"Automaton","floor":33,"turns":7},{"damage":6,"enemies":"3 Darklings","floor":35,"turns":2},{"damage":12,"enemies":"Orb Walker","floor":38,"turns":2},{"damage":12,"enemies":"Sphere and 2 Shapes","floor":39,"turns":3},{"damage":8,"enemies":"Reptomancer","floor":40,"turns":3},{"damage":12,"enemies":"Spire Growth","floor":41,"turns":3},{"damage":12,"enemies":"Writhing Mass","floor":45,"turns":2},{"damage":6,"enemies":"Transient","floor":46,"turns":6},{"damage":9,"enemies":"Giant Head","floor":47,"turns":7},{"damage":12,"enemies":"Mind Bloom Boss Battle","floor":48,"turns":4},{"damage":37,"enemies":"Time Eater","floor":50,"turns":10},{"damage":77,"enemies":"Awakened One","floor":51,"turns":7},{"damage":7,"enemies":"Shield and Spear","floor":55,"turns":1},{"damage":20,"enemies":"The Heart","floor":56,"turns":7}],"seed_played":"3371950336161047946","potions_obtained":[{"floor":2,"key":"GamblersBrew"},{"floor":6,"key":"Strength Potion"}],"is_trial":false,"path_per_floor":["M","M","?","?","T","E","R","M","T","E","$","T","M","M","R","B",null,"M","M","$","?","M","R","E","M","T","M","E","R","E","?","R","B",null,"M","?","$","M","M","E","M","R","T","R","M","M","E","?","R","B","B",null,"R","$","E","B",null],"character_chosen":"IRONCLAD","items_purchased":["Feel No Pain","Corruption"],"campfire_rested":0,"item_purchase_floors":[37,54],"current_hp_per_floor":[70,70,70,47,47,39,39,45,45,25,25,25,21,21,21,32,64,69,63,63,63,64,64,36,41,41,51,51,51,71,49,49,70,79,84,84,84,80,86,90,86,86,86,86,82,94,96,92,92,92,98,98,98,98,98,98],"gold":49,"neow_bonus":"ONE_RANDOM_RARE_CARD","is_prod":false,"is_daily":false,"chose_seed":false,"campfire_upgraded":8,"win_rate":0,"timestamp":1554570799,"path_taken":["M","M","?","?","?","E","R","M","T","E","$","?","M","M","R","BOSS","M","M","$","?","M","R","E","M","T","M","E","R","E","?","R","BOSS","M","?","$","M","M","E","M","R","T","R","M","M","E","?","R","BOSS","BOSS","R","$","E","BOSS"],"build_version":"2019-01-23","purchased_purges":4,"victory":true,"max_hp_per_floor":[75,75,75,75,75,75,75,75,75,75,75,75,75,75,75,75,75,75,75,75,75,75,75,75,75,75,75,75,75,77,82,82,82,82,84,84,84,86,88,90,92,92,92,92,94,96,96,98,98,98,98,98,98,98,98,98],"card_choices":[{"not_picked":["Headbutt","Flex"],"picked":"Armaments","floor":1},{"not_picked":["Havoc","Warcry"],"picked":"Blood for Blood","floor":2},{"not_picked":["Cleave","Pommel Strike","Thunderclap"],"picked":"SKIP","floor":6},{"not_picked":["Rampage","Bludgeon","Heavy Blade"],"picked":"SKIP","floor":8},{"not_picked":["Iron Wave","Clash","Body Slam"],"picked":"SKIP","floor":10},{"not_picked":["Combust","True Grit"],"picked":"Sever Soul","floor":13},{"not_picked":["Power Through","Headbutt"],"picked":"Disarm","floor":14},{"not_picked":["Demon Form","Double Tap"],"picked":"Reaper","floor":16},{"not_picked":["Clothesline","Twin Strike","Rampage"],"picked":"SKIP","floor":18},{"not_picked":["Thunderclap","Iron Wave"],"picked":"Corruption","floor":19},{"not_picked":["Flex","Anger"],"picked":"Ghostly Armor","floor":22},{"not_picked":["Limit Break","Flex","Uppercut"],"picked":"SKIP","floor":24},{"not_picked":["Perfected Strike","Feel No Pain"],"picked":"Burning Pact","floor":25},{"not_picked":["Dual Wield","Heavy Blade","Demon Form"],"picked":"SKIP","floor":27},{"not_picked":["Flame Barrier","Dual Wield"],"picked":"Offering","floor":28},{"not_picked":["Twin Strike","Armaments+1","Iron Wave"],"picked":"Singing Bowl","floor":30},{"not_picked":["Fiend Fire","Immolate"],"picked":"Barricade","floor":33},{"not_picked":["Bloodletting"],"picked":"Singing Bowl","floor":35},{"not_picked":["Havoc"],"picked":"Singing Bowl","floor":38},{"not_picked":["Body Slam"],"picked":"Singing Bowl","floor":39},{"not_picked":["Anger"],"picked":"Singing Bowl","floor":40},{"not_picked":["Wild Strike"],"picked":"Singing Bowl","floor":41},{"not_picked":["Sword Boomerang"],"picked":"Singing Bowl","floor":45},{"not_picked":["Clash"],"picked":"Singing Bowl","floor":46},{"not_picked":[],"picked":"Reaper","floor":47},{"not_picked":["Perfected Strike"],"picked":"Singing Bowl","floor":48},{"not_picked":[],"picked":"Disarm","floor":55}],"player_experience":4720069,"relics_obtained":[{"floor":5,"key":"Shuriken"},{"floor":6,"key":"Gremlin Horn"},{"floor":9,"key":"Dead Branch"},{"floor":10,"key":"Pantograph"},{"floor":24,"key":"Torii"},{"floor":26,"key":"Nunchaku"},{"floor":28,"key":"Blue Candle"},{"floor":30,"key":"Singing Bowl"},{"floor":40,"key":"Centennial Puzzle"},{"floor":43,"key":"Ancient Tea Set"},{"floor":47,"key":"Bag of Marbles"},{"floor":48,"key":"Turnip"},{"floor":55,"key":"Bag of Preparation"}],"event_choices":[{"cards_removed":["Strike_R"],"damage_healed":0,"gold_gain":0,"player_choice":"Card Removal","damage_taken":0,"max_hp_gain":0,"max_hp_loss":0,"event_name":"The Cleric","floor":3,"gold_loss":75},{"damage_healed":0,"gold_gain":0,"player_choice":"Entered Light","damage_taken":23,"max_hp_gain":0,"max_hp_loss":0,"event_name":"Shining Light","floor":4,"gold_loss":0,"cards_upgraded":["Strike_R","Defend_R"]},{"cards_removed":["Strike_R"],"damage_healed":0,"gold_gain":0,"player_choice":"Gave Gold","damage_taken":0,"max_hp_gain":0,"max_hp_loss":0,"event_name":"Beggar","floor":21,"gold_loss":75},{"damage_healed":0,"gold_gain":0,"player_choice":"Shed Blood","damage_taken":27,"max_hp_gain":5,"max_hp_loss":0,"event_name":"Forgotten Altar","floor":31,"gold_loss":0},{"cards_removed":["Blood for Blood"],"damage_healed":0,"gold_gain":0,"player_choice":"Removed Attack","damage_taken":0,"max_hp_gain":0,"max_hp_loss":0,"event_name":"Falling","floor":36,"gold_loss":0},{"damage_healed":0,"gold_gain":0,"player_choice":"Fight","damage_taken":0,"max_hp_gain":0,"max_hp_loss":0,"event_name":"MindBloom","floor":48,"gold_loss":0}],"is_beta":false,"boss_relics":[{"not_picked":["Black Star","White Beast Statue"],"picked":"Sozu"},{"not_picked":["Calling Bell","Runic Dome"],"picked":"Busted Crown"}],"items_purged_floors":[11,20,37,54],"is_endless":false,"potions_floor_spawned":[2,6,13,19,24,25,35,39,45],"ascension_level":20}