{"gold_per_floor":[116,116,116,136,147,147,147,172,172,207,88,122,122,142,142,142],"floor_reached":16,"playtime":264,"items_purged":["Strike_R"],"score":236,"play_id":"bd82fe29-0431-4487-9bb4-84072decc9d4","local_time":"20190413022047","is_ascension_mode":true,"campfire_choices":[{"data":"Bash","floor":6,"key":"SMITH"},{"data":"Burning Pact","floor":13,"key":"SMITH"},{"floor":15,"key":"REST"}],"neow_cost":"NONE","seed_source_timestamp":95572768284500,"circlet_count":0,"master_deck":["AscendersBane","Strike_R","Strike_R","Strike_R","Defend_R","Defend_R","Defend_R","Defend_R","Bash+1","Dropkick","Burning Pact+1","Warcry+1","Seeing Red+1","True Grit+1"],"relics":["Burning Blood","NeowsBlessing","Sundial","Toxic Egg 2","PreservedInsect","Nunchaku"],"potions_floor_usage":[10],"damage_taken":[{"damage":0,"enemies":"Jaw Worm","floor":1,"turns":1},{"damage":2,"enemies":"2 Louse","floor":4,"turns":2},{"damage":0,"enemies":"Cultist","floor":5,"turns":1},{"damage":50,"enemies":"Lagavulin","floor":8,"turns":6},{"damage":8,"enemies":"Gremlin Nob","floor":10,"turns":3},{"damage":10,"enemies":"Lagavulin","floor":12,"turns":5},{"damage":28,"enemies":"3 Louse","floor":14,"turns":6},{"damage":67,"enemies":"Slime Boss","floor":16,"turns":6}],"seed_played":"-4418975373124905331","potions_obtained":[{"floor":4,"key":"Swift Potion"},{"floor":12,"key":"SpeedPotion"}],"is_trial":false,"path_per_floor":["M","?","?","M","M","R","?","E","T","E","$","E","R","M","R","B"],"character_chosen":"IRONCLAD","items_purchased":["Seeing Red+1"],"campfire_rested":1,"item_purchase_floors":[11],"current_hp_per_floor":[74,79,79,80,80,80,80,36,36,34,34,30,30,8,32,0],"gold":142,"neow_bonus":"THREE_ENEMY_KILL","is_prod":false,"is_daily":false,"chose_seed":false,"campfire_upgraded":2,"win_rate":0,"timestamp":1555089647,"path_taken":["M","?","?","M","?","R","?","E","T","E","$","E","R","M","R","BOSS"],"build_version":"2019-01-23","purchased_purges":1,"victory":false,"max_hp_per_floor":[75,80,80,80,80,80,80,80,80,80,80,80,80,80,80,80],"card_choices":[{"not_picked":["Shrug It Off","Dual Wield"],"picked":"Dropkick","floor":1},{"not_picked":["Body Slam","Pommel Strike","Wild Strike"],"picked":"SKIP","floor":4},{"not_picked":["Pommel Strike","True Grit"],"picked":"Burning Pact","floor":5},{"not_picked":["Seeing Red","Havoc","Juggernaut"],"picked":"SKIP","floor":8},{"not_picked":["Pommel Strike","Whirlwind"],"picked":"Warcry+1","floor":10},{"not_picked":["Inflame","Blood for Blood"],"picked":"True Grit+1","floor":12},{"not_picked":["Fire Breathing","Havoc+1","Combust"],"picked":"SKIP","floor":14}],"player_experience":4771095,"relics_obtained":[{"floor":8,"key":"Sundial"},{"floor":9,"key":"Toxic Egg 2"},{"floor":10,"key":"PreservedInsect"},{"floor":12,"key":"Nunchaku"}],"event_choices":[{"damage_healed":0,"gold_gain":0,"player_choice":"Donut","damage_taken":0,"max_hp_gain":5,"max_hp_loss":0,"event_name":"Big Fish","floor":2,"gold_loss":0},{"cards_removed":["Strike_R"],"damage_healed":0,"gold_gain":0,"player_choice":"Offered Basic","damage_taken":0,"max_hp_gain":0,"max_hp_loss":0,"event_name":"Bonfire Elementals","floor":3,"gold_loss":0},{"damage_healed":0,"gold_gain":0,"player_choice":"Ignored","damage_taken":0,"max_hp_gain":0,"max_hp_loss":0,"event_name":"Liars Game","floor":7,"gold_loss":0}],"is_beta":false,"boss_relics":[],"items_purged_floors":[11],"is_endless":false,"potions_floor_spawned":[4,12],"killed_by":"Slime Boss","ascension_level":20}