{"gold_per_floor":[118,131,146,47,22,55,55,72,72,72,85,119,138,173,173,250,250,264,314,326,200,115,143,143,176,226,226,226,246,256,267,267,341,341,353,20,39,39,89,89,189,189,189,189,206,538,538,570,570,570,570],"floor_reached":51,"playtime":2530,"items_purged":["Doubt","Regret"],"score":1526,"play_id":"43162f0c-0c16-4229-b855-2aaabf45341e","local_time":"20190615033843","is_ascension_mode":true,"campfire_choices":[{"data":"Deadly Poison","floor":7,"key":"SMITH"},{"data":"Crippling Poison","floor":10,"key":"SMITH"},{"floor":15,"key":"REST"},{"data":"A Thousand Cuts","floor":24,"key":"SMITH"},{"data":"Noxious Fumes","floor":27,"key":"SMITH"},{"floor":32,"key":"REST"},{"data":"After Image","floor":40,"key":"SMITH"},{"data":"Well Laid Plans","floor":44,"key":"SMITH"},{"floor":47,"key":"REST"},{"floor":49,"key":"RECALL"}],"neow_cost":"","seed_source_timestamp":32565169260700,"circlet_count":0,"master_deck":["Deflect","Deflect","Deflect","Deflect","Deflect","Slice","Slice","Slice","Slice","Survivor","Neutralize","Echo Form","Dagger Spray","Riddle With Holes","After Image+1","Deadly Poison+1","Well Laid Plans+1","Crippling Poison+1","Expertise","Leg Sweep","Acrobatics","Die Die Die+1","Decay","Dagger Throw+1","Noxious Fumes+1","Bane+1","A Thousand Cuts+1","Adrenaline","Dagger Throw+1","Leg Sweep+1","Writhe","Escape Plan+1","Calculated Gamble+1","Malaise"],"relics":["Ring of the Snake","Darkstone Periapt","Gambling Chip","Art of War","Molten Egg 2","Calling Bell","Anchor","Gremlin Horn","Torii","Juzu Bracelet","Boot","Potion Belt","Pen Nib","Eternal Feather","Membership Card","Ice Cream","Singing Bowl","Old Coin","Question Card"],"potions_floor_usage":[6,11,13,18,29,33,37,41,46,46,46,46,46,50,50],"damage_taken":[{"damage":6,"enemies":"Cultist","floor":1,"turns":5},{"damage":0,"enemies":"2 Louse","floor":2,"turns":3},{"damage":0,"enemies":"Small Slimes","floor":3,"turns":1},{"damage":23,"enemies":"Lagavulin","floor":6,"turns":7},{"damage":2,"enemies":"3 Louse","floor":8,"turns":3},{"damage":8,"enemies":"Blue Slaver","floor":11,"turns":4},{"damage":7,"enemies":"Gremlin Nob","floor":12,"turns":3},{"damage":0,"enemies":"Gremlin Gang","floor":13,"turns":1},{"damage":9,"enemies":"Lagavulin","floor":14,"turns":4},{"damage":18,"enemies":"Slime Boss","floor":16,"turns":15},{"damage":1,"enemies":"Spheric Guardian","floor":18,"turns":3},{"damage":0,"enemies":"Shell Parasite","floor":20,"turns":5},{"damage":15,"enemies":"Book of Stabbing","floor":23,"turns":6},{"damage":3,"enemies":"Gremlin Leader","floor":25,"turns":5},{"damage":22,"enemies":"Snake Plant","floor":29,"turns":4},{"damage":14,"enemies":"Shelled Parasite and Fungi","floor":30,"turns":3},{"damage":15,"enemies":"Sentry and Sphere","floor":31,"turns":5},{"damage":12,"enemies":"Automaton","floor":33,"turns":7},{"damage":0,"enemies":"3 Shapes","floor":35,"turns":3},{"damage":0,"enemies":"3 Darklings","floor":37,"turns":5},{"damage":13,"enemies":"Mind Bloom Boss Battle","floor":41,"turns":7},{"damage":11,"enemies":"Jaw Worm Horde","floor":45,"turns":3},{"damage":75,"enemies":"Giant Head","floor":46,"turns":10},{"damage":46,"enemies":"Nemesis","floor":48,"turns":8},{"damage":17,"enemies":"Awakened One","floor":50,"turns":23},{"damage":13,"enemies":"Donu and Deca","floor":51,"turns":2}],"seed_played":"1701344830811511856","potions_obtained":[{"floor":1,"key":"SpeedPotion"},{"floor":2,"key":"Regen Potion"},{"floor":6,"key":"Explosive Potion"},{"floor":16,"key":"SteroidPotion"},{"floor":23,"key":"SpeedPotion"},{"floor":25,"key":"Energy Potion"},{"floor":29,"key":"Fruit Juice"},{"floor":33,"key":"Weak Potion"},{"floor":35,"key":"Energy Potion"},{"floor":41,"key":"GamblersBrew"}],"is_trial":true,"path_per_floor":["M","M","M","?","$","E","R","M","T","R","M","E","M","E","R","B",null,"M","?","M","$","?","E","R","E","T","R","?","M","M","M","R","B",null,"M","$","M","?","?","R","?","?","T","R","M","E","R","E","R","B","B"],"character_chosen":"THE_SILENT","items_purchased":["Deadly Poison","Bane+1","Membership Card","EntropicBrew"],"campfire_rested":3,"item_purchase_floors":[5,21,36,36],"current_hp_per_floor":[53,53,53,53,53,30,30,28,28,28,34,27,27,18,37,19,72,71,71,71,71,71,56,56,53,53,53,53,36,22,7,33,21,72,72,72,72,95,86,95,82,82,82,95,84,9,55,9,27,10,0],"gold":570,"neow_bonus":"","is_prod":false,"is_daily":false,"chose_seed":false,"campfire_upgraded":6,"win_rate":0,"timestamp":1560537523,"path_taken":["M","?","M","?","?","E","R","M","T","R","M","E","?","E","R","BOSS","M","?","M","$","?","E","R","E","T","R","?","M","M","M","R","BOSS","M","$","M","?","?","R","?","?","T","R","M","E","R","E","R","BOSS","BOSS"],"build_version":"2019-01-23","purchased_purges":2,"victory":false,"max_hp_per_floor":[66,66,66,66,66,66,66,66,66,66,66,66,66,66,66,66,84,84,84,84,84,84,84,84,84,84,84,84,89,89,89,89,89,89,89,89,89,95,95,95,95,95,95,95,95,95,95,95,95,95,95],"card_choices":[{"not_picked":["Blade Dance","Dodge and Roll"],"picked":"Dagger Spray","floor":1},{"not_picked":["Escape Plan","Flying Knee"],"picked":"Riddle With Holes","floor":2},{"not_picked":["Catalyst","Deadly Poison"],"picked":"After Image","floor":3},{"not_picked":["Dodge and Roll","Bane"],"picked":"Well Laid Plans","floor":6},{"not_picked":["PiercingWail","Slice"],"picked":"Crippling Poison","floor":8},{"not_picked":["Accuracy","Dagger Throw"],"picked":"Expertise","floor":11},{"not_picked":["Setup","Dagger Throw","Infinite Blades"],"picked":"SKIP","floor":12},{"not_picked":["Acrobatics","Flying Knee"],"picked":"Leg Sweep","floor":13},{"not_picked":["Tactician","Concentrate"],"picked":"Acrobatics","floor":14},{"not_picked":["Venomology","Glass Knife+1"],"picked":"Die Die Die+1","floor":16},{"not_picked":["Dagger Spray+1","Acrobatics"],"picked":"Dagger Throw+1","floor":18},{"not_picked":["Prepared","Slice+1"],"picked":"Noxious Fumes","floor":20},{"not_picked":["Tools of the Trade","Cloak And Dagger+1"],"picked":"A Thousand Cuts","floor":23},{"not_picked":["Riddle With Holes+1","Slice+1"],"picked":"Adrenaline","floor":25},{"not_picked":["Acrobatics","Tactician","Dagger Spray+1"],"picked":"SKIP","floor":29},{"not_picked":["Accuracy","Sucker Punch+1"],"picked":"Dagger Throw+1","floor":30},{"not_picked":["Dagger Throw+1","Cloak And Dagger","Slice+1"],"picked":"SKIP","floor":31},{"not_picked":["Sucker Punch+1","Dash+1"],"picked":"Leg Sweep+1","floor":35},{"not_picked":["Deflect","Masterful Stab+1","Prepared"],"picked":"SKIP","floor":37},{"not_picked":["PiercingWail","Outmaneuver"],"picked":"Escape Plan+1","floor":45},{"not_picked":["Tactician","Blade Dance"],"picked":"Calculated Gamble+1","floor":46},{"not_picked":["Sucker Punch+1","Setup"],"picked":"Malaise","floor":48}],"player_experience":5366301,"relics_obtained":[{"floor":6,"key":"Gambling Chip"},{"floor":12,"key":"Art of War"},{"floor":14,"key":"Molten Egg 2"},{"floor":17,"key":"Anchor"},{"floor":17,"key":"Gremlin Horn"},{"floor":17,"key":"Torii"},{"floor":23,"key":"Boot"},{"floor":25,"key":"Potion Belt"},{"floor":26,"key":"Pen Nib"},{"floor":41,"key":"Ice Cream"},{"floor":43,"key":"Singing Bowl"},{"floor":46,"key":"Old Coin"},{"floor":48,"key":"Question Card"}],"event_choices":[{"damage_healed":0,"gold_gain":0,"player_choice":"Paid Gold","damage_taken":0,"relics_obtained":["Darkstone Periapt"],"max_hp_gain":0,"max_hp_loss":0,"event_name":"WeMeetAgain","floor":4,"gold_loss":99},{"damage_healed":0,"gold_gain":50,"player_choice":"Stole From Cult","damage_taken":0,"max_hp_gain":0,"max_hp_loss":0,"event_name":"Nest","floor":19,"gold_loss":0},{"damage_healed":0,"gold_gain":0,"player_choice":"Obtained Relic","damage_taken":0,"relics_obtained":["Juzu Bracelet"],"max_hp_gain":0,"max_hp_loss":0,"event_name":"Addict","floor":22,"gold_loss":85},{"damage_healed":0,"gold_gain":0,"player_choice":"Ignored","damage_taken":0,"max_hp_gain":0,"max_hp_loss":0,"event_name":"The Mausoleum","floor":28,"gold_loss":0},{"damage_healed":18,"gold_gain":0,"player_choice":"Writhe","damage_taken":0,"max_hp_gain":0,"max_hp_loss":0,"event_name":"Winding Halls","floor":38,"gold_loss":0,"cards_obtained":["Writhe"]},{"damage_healed":0,"gold_gain":50,"player_choice":"Touch","damage_taken":9,"max_hp_gain":0,"max_hp_loss":0,"event_name":"FaceTrader","floor":39,"gold_loss":0},{"damage_healed":0,"gold_gain":0,"player_choice":"Fight","damage_taken":0,"max_hp_gain":0,"max_hp_loss":0,"event_name":"MindBloom","floor":41,"gold_loss":0},{"cards_removed":["Slice"],"damage_healed":0,"gold_gain":0,"player_choice":"Removed Attack","damage_taken":0,"max_hp_gain":0,"max_hp_loss":0,"event_name":"Falling","floor":42,"gold_loss":0}],"is_beta":false,"boss_relics":[{"not_picked":["Busted Crown","Philosopher\u0027s Stone"],"picked":"Calling Bell"},{"not_picked":["Velvet Choker","Tiny House"],"picked":"Eternal Feather"}],"items_purged_floors":[21,36],"is_endless":false,"potions_floor_spawned":[1,2,6,8,16,23,25,29,33,35,41],"killed_by":"Donu and Deca","ascension_level":20}