{"gold_per_floor":[118,131,150,160,160,160,173,199,224,224,249,261,273,285,297,309],"floor_reached":16,"playtime":324,"items_purged":[],"score":220,"play_id":"4c1444e3-9614-45b7-8ff6-2e51ba20fbe9","local_time":"20190527003620","is_ascension_mode":true,"campfire_choices":[{"data":"Inflame","floor":6.0,"key":"SMITH"},{"floor":10.0,"key":"REST"},{"data":"Demon Form","floor":13.0,"key":"SMITH"},{"data":"Dual Wield","floor":15.0,"key":"SMITH"}],"neow_cost":"NONE","seed_source_timestamp":10799881887700,"circlet_count":0,"master_deck":["AscendersBane","Strike_R","Strike_R","Strike_R","Strike_R","Strike_R","Defend_R","Defend_R","Defend_R","Defend_R","Bash","Headbutt","Reckless Charge","Inflame+1","Second Wind","Demon Form+1","Dual Wield+1","Dropkick"],"special_seed":0,"relics":["Burning Blood","Bird Faced Urn","Pen Nib","MawBank","SsserpentHead"],"potions_floor_usage":[16],"damage_taken":[{"damage":17.0,"enemies":"Small Slimes","floor":1.0,"turns":5.0},{"damage":1.0,"enemies":"2 Louse","floor":2.0,"turns":3.0},{"damage":1.0,"enemies":"Cultist","floor":3.0,"turns":3.0},{"damage":30.0,"enemies":"Gremlin Gang","floor":4.0,"turns":5.0},{"damage":10.0,"enemies":"3 Louse","floor":7.0,"turns":4.0},{"damage":32.0,"enemies":"Gremlin Nob","floor":8.0,"turns":4.0},{"damage":30.0,"enemies":"3 Sentries","floor":11.0,"turns":7.0},{"damage":55,"enemies":"The Guardian","floor":16,"turns":8}],"seed_played":"-3333016132581813368","potions_obtained":[{"floor":2.0,"key":"GamblersBrew"},{"floor":4.0,"key":"EssenceOfSteel"},{"floor":7.0,"key":"Explosive Potion"},{"floor":8.0,"key":"SpeedPotion"}],"is_trial":false,"path_per_floor":["M","M","M","M","?","R","M","E","T","R","E","?","R","?","R","B"],"character_chosen":"IRONCLAD","items_purchased":[],"campfire_rested":1,"item_purchase_floors":[],"current_hp_per_floor":[64,69,74,50,50,50,46,20,20,44,22,49,49,49,49,0],"gold":309,"neow_bonus":"TEN_PERCENT_HP_BONUS","is_prod":false,"is_daily":false,"chose_seed":false,"campfire_upgraded":3,"win_rate":0,"timestamp":1558884980,"path_taken":["M","M","M","M","?","R","M","E","T","R","E","?","R","?","R","BOSS"],"build_version":"2019-01-23","purchased_purges":0,"victory":false,"max_hp_per_floor":[82,82,82,82,82,82,82,82,82,82,82,82,82,82,82,82],"card_choices":[{"not_picked":["Iron Wave","Pommel Strike"],"picked":"Headbutt","floor":1.0},{"not_picked":["Intimidate","Body Slam"],"picked":"Reckless Charge","floor":2.0},{"not_picked":["Clash","Havoc"],"picked":"Inflame","floor":3.0},{"not_picked":["Perfected Strike","Dropkick"],"picked":"Second Wind","floor":4.0},{"not_picked":["Twin Strike","Pummel"],"picked":"Demon Form","floor":7.0},{"not_picked":["Sever Soul","Heavy Blade"],"picked":"Dual Wield","floor":8.0},{"not_picked":["Perfected Strike","Entrench"],"picked":"Dropkick","floor":11.0}],"player_experience":5163766,"relics_obtained":[{"floor":8.0,"key":"Bird Faced Urn"},{"floor":9.0,"key":"Pen Nib"},{"floor":11.0,"key":"MawBank"}],"event_choices":[{"damage_healed":0.0,"max_hp_gain":0.0,"max_hp_loss":0.0,"gold_gain":0.0,"event_name":"Liars Game","player_choice":"Ignored","floor":5.0,"gold_loss":0.0,"damage_taken":0.0},{"damage_healed":27.0,"max_hp_gain":0.0,"max_hp_loss":0.0,"gold_gain":0.0,"event_name":"Big Fish","player_choice":"Banana","floor":12.0,"gold_loss":0.0,"damage_taken":0.0},{"damage_healed":0.0,"max_hp_gain":0.0,"max_hp_loss":0.0,"gold_gain":0.0,"event_name":"FaceTrader","player_choice":"Trade","floor":14.0,"gold_loss":0.0,"damage_taken":0.0,"relics_obtained":["SsserpentHead"]}],"is_beta":false,"boss_relics":[],"items_purged_floors":[],"is_endless":false,"potions_floor_spawned":[2,4,7,8],"killed_by":"The Guardian","ascension_level":20}