{"gold_per_floor":[118,42,42,59,79,79,107,107,107,138,2,35,35,48,48,153,153,169,84,101,118,46,46,65,65,65,65,65,79,91,15,15,15],"floor_reached":33,"playtime":1484,"items_purged":[],"score":449,"play_id":"eced7d59-8309-431c-a087-fd626ffc1442","local_time":"20190711021248","is_ascension_mode":true,"campfire_choices":[{"data":"True Grit","floor":6,"key":"SMITH"},{"floor":8,"key":"REST"},{"floor":13,"key":"REST"},{"floor":15,"key":"REST"},{"floor":23,"key":"REST"},{"floor":25,"key":"REST"},{"data":"Corruption","floor":32,"key":"SMITH"}],"neow_cost":"NONE","seed_source_timestamp":1688467558184441,"circlet_count":0,"master_deck":["AscendersBane","Defend_R","Defend_R","Defend_R+1","Bash","True Grit+1","Evolve","Flame Barrier+1","Cleave","Cleave","Feel No Pain","Corruption+1","Impervious","Berserk","True Grit","Disarm","Flex","Infernal Blade","Feel No Pain","Bite","Bite","Bite","Bite","Bite","Impervious","Havoc"],"relics":["Mark of Pain","War Paint","Darkstone Periapt","Smiling Mask","Orichalcum","Empty Cage","Self Forming Clay","Blue Candle","Sundial"],"potions_floor_usage":[7,7,10,12,12,12,16,21,29,29,33,33],"damage_taken":[{"damage":10,"enemies":"Cultist","floor":1,"turns":4},{"damage":10,"enemies":"Small Slimes","floor":4,"turns":5},{"damage":4,"enemies":"Jaw Worm","floor":5,"turns":4},{"damage":25,"enemies":"Gremlin Nob","floor":7,"turns":4},{"damage":15,"enemies":"Lagavulin","floor":10,"turns":8},{"damage":21,"enemies":"3 Sentries","floor":12,"turns":7},{"damage":3,"enemies":"Blue Slaver","floor":14,"turns":4},{"damage":48,"enemies":"Slime Boss","floor":16,"turns":15},{"damage":0,"enemies":"3 Byrds","floor":18,"turns":4},{"damage":23,"enemies":"Chosen","floor":20,"turns":8},{"damage":16,"enemies":"Snake Plant","floor":21,"turns":6},{"damage":30,"enemies":"3 Cultists","floor":24,"turns":6},{"damage":6,"enemies":"Chosen and Byrds","floor":29,"turns":8},{"damage":16,"enemies":"Snake Plant","floor":30,"turns":7},{"damage":143,"enemies":"Champ","floor":33,"turns":19}],"seed_played":"2299597686012163627","potions_obtained":[{"floor":1,"key":"Fire Potion"},{"floor":5,"key":"Poison Potion"},{"floor":7,"key":"PowerPotion"},{"floor":10,"key":"Regen Potion"},{"floor":16,"key":"AttackPotion"},{"floor":21,"key":"SpeedPotion"},{"floor":24,"key":"Dexterity Potion"},{"floor":29,"key":"Weak Potion"}],"is_trial":false,"path_per_floor":["M","$","?","M","M","R","E","R","T","E","$","E","R","M","R","B",null,"M","?","M","M","$","R","M","R","T","?","T","M","M","$","R","B"],"character_chosen":"IRONCLAD","items_purchased":["Evolve","Feel No Pain","EntropicBrew","Infernal Blade","Havoc","FearPotion"],"campfire_rested":5,"item_purchase_floors":[2,11,11,22,31,31],"current_hp_per_floor":[62,62,55,45,41,41,16,40,40,25,25,19,43,40,64,16,64,64,64,41,25,25,49,19,43,43,43,43,56,51,51,51,0],"gold":15,"neow_bonus":"BOSS_RELIC","is_prod":false,"is_daily":false,"chose_seed":false,"campfire_upgraded":2,"win_rate":0,"timestamp":1562807568,"path_taken":["M","$","?","M","M","R","E","R","T","E","$","E","R","M","R","BOSS","M","?","M","M","$","R","M","R","T","?","?","M","M","$","R","BOSS"],"build_version":"2019-07-05","purchased_purges":0,"victory":false,"max_hp_per_floor":[80,80,80,80,80,80,80,80,80,80,80,80,80,80,80,80,80,80,80,80,80,80,80,80,80,80,56,56,56,56,56,56,56],"card_choices":[{"not_picked":["Armaments","Spot Weakness"],"picked":"True Grit","floor":1},{"not_picked":["Wild Strike","Flex"],"picked":"Flame Barrier","floor":4},{"not_picked":["Hemokinesis","Headbutt","Corruption"],"picked":"SKIP","floor":5},{"not_picked":["Searing Blow","Metallicize"],"picked":"Cleave","floor":7},{"not_picked":["Havoc","Power Through"],"picked":"Cleave","floor":10},{"not_picked":["True Grit","Anger"],"picked":"Corruption","floor":12},{"not_picked":["Hemokinesis","Twin Strike"],"picked":"Impervious","floor":14},{"not_picked":["Feed","Double Tap"],"picked":"Berserk","floor":16},{"not_picked":["Clothesline","Thunderclap"],"picked":"True Grit","floor":18},{"not_picked":["Flex","True Grit"],"picked":"Disarm","floor":20},{"not_picked":["Anger","Heavy Blade+1"],"picked":"Flex","floor":21},{"not_picked":["Sword Boomerang","Metallicize"],"picked":"Feel No Pain","floor":24},{"not_picked":["Dropkick+1","Perfected Strike","Metallicize"],"picked":"SKIP","floor":29},{"not_picked":["Anger","Ghostly Armor"],"picked":"Impervious","floor":30}],"player_experience":342930,"relics_obtained":[{"floor":7,"key":"War Paint"},{"floor":9,"key":"Darkstone Periapt"},{"floor":10,"key":"Smiling Mask"},{"floor":12,"key":"Orichalcum"},{"floor":26,"key":"Blue Candle"},{"floor":28,"key":"Sundial"}],"event_choices":[{"cards_removed":["Strike_R"],"damage_healed":0,"gold_gain":0,"player_choice":"Card Removal","damage_taken":7,"max_hp_gain":0,"max_hp_loss":0,"event_name":"Golden Wing","floor":3,"gold_loss":0},{"damage_healed":0,"gold_gain":0,"player_choice":"Obtained Relic","damage_taken":0,"relics_obtained":["Self Forming Clay"],"max_hp_gain":0,"max_hp_loss":0,"event_name":"Addict","floor":19,"gold_loss":85},{"damage_healed":0,"gold_gain":0,"player_choice":"Became a vampire","damage_taken":0,"max_hp_gain":0,"max_hp_loss":24,"event_name":"Vampires","floor":27,"gold_loss":0,"cards_obtained":["Bite","Bite","Bite","Bite","Bite"]}],"is_beta":false,"boss_relics":[{"not_picked":["Runic Cube","Coffee Dripper"],"picked":"Empty Cage"}],"items_purged_floors":[],"is_endless":false,"potions_floor_spawned":[1,5,7,10,16,21,24,29],"killed_by":"Champ","ascension_level":12}