{"gold_per_floor":[20,37,49,49,66,92,109,135,162,162,182,202,236,268,280,370,382,412,424,448,17,34,34,49,77,103,103,103,63,74,74,74,74],"floor_reached":33,"playtime":696,"items_purged":[],"score":607,"play_id":"e7fc596c-07be-4069-924c-9eef2902486c","local_time":"20190509010724","is_ascension_mode":true,"campfire_choices":[{"floor":10,"key":"REST"},{"data":"Bash","floor":15,"key":"SMITH"},{"floor":23,"key":"REST"},{"data":"Havoc","floor":27,"key":"SMITH"},{"data":"Perfected Strike","floor":32,"key":"SMITH"}],"neow_cost":"NO_GOLD","seed_source_timestamp":284427381857400,"circlet_count":0,"master_deck":["AscendersBane","Strike_R","Strike_R","Strike_R","Defend_R","Defend_R","Defend_R","Defend_R","Bash+1","Perfected Strike","Havoc+1","Perfected Strike","Perfected Strike","Wild Strike","Flame Barrier","Armaments+1","Clash","Headbutt","Intimidate","Wild Strike","Offering","Perfected Strike+1","Wild Strike","Pommel Strike","Dual Wield","Battle Trance","Shame"],"relics":["Burning Blood","Bronze Scales","Mango","Lantern","MawBank","Runic Dome","Bag of Marbles","Orichalcum","Art of War","Vajra","MutagenicStrength","Dodecahedron"],"potions_floor_usage":[12,13,16,20,25,33,33],"damage_taken":[{"damage":2,"enemies":"Cultist","floor":1,"turns":4},{"damage":1,"enemies":"2 Louse","floor":2,"turns":3},{"damage":9,"enemies":"Jaw Worm","floor":3,"turns":4},{"damage":7,"enemies":"Exordium Wildlife","floor":5,"turns":3},{"damage":50,"enemies":"Lagavulin","floor":6,"turns":7},{"damage":0,"enemies":"2 Fungi Beasts","floor":7,"turns":2},{"damage":32,"enemies":"Gremlin Nob","floor":8,"turns":4},{"damage":0,"enemies":"Large Slime","floor":11,"turns":5},{"damage":0,"enemies":"Gremlin Gang","floor":12,"turns":2},{"damage":20,"enemies":"Lagavulin","floor":13,"turns":6},{"damage":8,"enemies":"Looter","floor":14,"turns":2},{"damage":34,"enemies":"Hexaghost","floor":16,"turns":7},{"damage":21,"enemies":"3 Byrds","floor":18,"turns":4},{"damage":10,"enemies":"Shell Parasite","floor":20,"turns":3},{"damage":3,"enemies":"Centurion and Healer","floor":22,"turns":5},{"damage":0,"enemies":"Snake Plant","floor":24,"turns":2},{"damage":20,"enemies":"Book of Stabbing","floor":25,"turns":3},{"damage":0,"enemies":"Cultist and Chosen","floor":30,"turns":2},{"damage":79,"enemies":"Automaton","floor":33,"turns":6}],"seed_played":"-2133795161882442221","potions_obtained":[{"floor":2,"key":"Explosive Potion"},{"floor":6,"key":"SkillPotion"},{"floor":13,"key":"AttackPotion"},{"floor":16,"key":"PowerPotion"},{"floor":24,"key":"PowerPotion"},{"floor":29,"key":"Block Potion"},{"floor":29,"key":"Energy Potion"}],"is_trial":false,"path_per_floor":["M","M","M","$","M","E","M","E","T","R","M","M","E","M","R","B",null,"M","?","M","$","M","R","M","E","T","R","?","?","M","?","R","B"],"character_chosen":"IRONCLAD","items_purchased":["Perfected Strike","Bag of Marbles","Wild Strike","Orichalcum"],"campfire_rested":2,"item_purchase_floors":[21,21,21,21],"current_hp_per_floor":[72,75,72,72,71,27,33,21,21,47,53,59,45,43,43,15,71,56,56,52,52,55,81,87,73,73,73,73,73,79,79,79,0],"gold":74,"neow_bonus":"TRANSFORM_TWO_CARDS","is_prod":false,"is_daily":false,"chose_seed":false,"campfire_upgraded":3,"win_rate":0,"timestamp":1557331644,"path_taken":["M","M","M","?","M","E","M","E","T","R","?","M","E","M","R","BOSS","M","?","M","$","?","R","M","E","T","R","?","?","?","?","R","BOSS"],"build_version":"2019-01-23","purchased_purges":0,"victory":false,"max_hp_per_floor":[75,75,75,75,75,75,75,89,89,89,89,89,89,89,89,89,89,89,89,89,89,89,89,89,89,89,89,89,89,89,89,89,89],"card_choices":[{"not_picked":["Uppercut","True Grit"],"picked":"Perfected Strike","floor":1},{"not_picked":["Power Through","Clothesline"],"picked":"Perfected Strike","floor":2},{"not_picked":["Corruption","Armaments"],"picked":"Wild Strike","floor":3},{"not_picked":["Anger","Warcry"],"picked":"Flame Barrier","floor":5},{"not_picked":["Cleave","Havoc"],"picked":"Armaments","floor":6},{"not_picked":["Clash","Warcry","Sword Boomerang"],"picked":"SKIP","floor":7},{"not_picked":["Warcry","Sword Boomerang"],"picked":"Clash","floor":7},{"not_picked":["Flex","Flame Barrier","Anger"],"picked":"SKIP","floor":8},{"not_picked":["Sever Soul","Rampage"],"picked":"Headbutt","floor":11},{"not_picked":["Clash","Sentinel"],"picked":"Intimidate","floor":12},{"not_picked":["Flex","Headbutt","Clothesline"],"picked":"SKIP","floor":13},{"not_picked":["Clash","Body Slam"],"picked":"Wild Strike","floor":14},{"not_picked":["Demon Form","Berserk"],"picked":"Offering","floor":16},{"not_picked":["Intimidate","Cleave","Metallicize"],"picked":"SKIP","floor":18},{"not_picked":["Warcry","Body Slam+1","Anger"],"picked":"SKIP","floor":20},{"not_picked":["Havoc","Pummel"],"picked":"Pommel Strike","floor":22},{"not_picked":["True Grit","Anger"],"picked":"Dual Wield","floor":24},{"not_picked":["Seeing Red","Havoc"],"picked":"Battle Trance","floor":25},{"not_picked":["Clash","Clothesline","True Grit"],"picked":"SKIP","floor":30}],"player_experience":4953152,"relics_obtained":[{"floor":6,"key":"Bronze Scales"},{"floor":8,"key":"Mango"},{"floor":9,"key":"Lantern"},{"floor":13,"key":"MawBank"},{"floor":25,"key":"Art of War"},{"floor":26,"key":"Vajra"}],"event_choices":[{"damage_healed":0,"gold_gain":0,"player_choice":"Forge","damage_taken":0,"max_hp_gain":0,"max_hp_loss":0,"event_name":"Accursed Blacksmith","floor":19,"gold_loss":0,"cards_upgraded":["Armaments"]},{"damage_healed":0,"gold_gain":0,"player_choice":"Inject Mutagens","damage_taken":0,"relics_obtained":["MutagenicStrength"],"max_hp_gain":0,"max_hp_loss":0,"event_name":"Drug Dealer","floor":28,"gold_loss":0},{"damage_healed":0,"gold_gain":0,"player_choice":"Bought 3 Potions","damage_taken":0,"max_hp_gain":0,"max_hp_loss":0,"event_name":"The Woman in Blue","floor":29,"gold_loss":0},{"damage_healed":0,"gold_gain":0,"player_choice":"Stole Relic","damage_taken":0,"relics_obtained":["Dodecahedron"],"max_hp_gain":0,"max_hp_loss":0,"event_name":"Addict","floor":31,"gold_loss":0,"cards_obtained":["Shame"]}],"is_beta":false,"boss_relics":[{"not_picked":["White Beast Statue","Black Star"],"picked":"Runic Dome"}],"items_purged_floors":[],"is_endless":false,"potions_floor_spawned":[2,6,7,13,16,24,30],"killed_by":"Automaton","ascension_level":20}