{"gold_per_floor":[211,231,58,58,74,74,94,94,119,36,47,47,47,66,66,162,162,182,282,282,54,54,54,54,54,54,54,64,64,74,92,92,92],"floor_reached":33,"playtime":751,"items_purged":["Strike_B","Strike_B"],"score":235,"play_id":"44a297d5-40f6-4558-ae42-afbcab3e6869","local_time":"20190625145804","is_ascension_mode":false,"campfire_choices":[{"data":"Dualcast","floor":6.0,"key":"SMITH"},{"data":"Defragment","floor":8.0,"key":"SMITH"},{"data":"Discovery","floor":13,"key":"SMITH"},{"data":"Discovery","floor":15,"key":"SMITH"},{"floor":23,"key":"REST"},{"data":"Seek","floor":25,"key":"SMITH"},{"data":"Coolheaded","floor":27,"key":"SMITH"},{"floor":29,"key":"REST"},{"floor":32,"key":"REST"}],"neow_cost":"NONE","seed_source_timestamp":32414880713155,"circlet_count":0,"master_deck":["Strike_B","Strike_B","Defend_B","Defend_B","Defend_B","Defend_B","Zap+1","Dualcast+1","Coolheaded+1","Ball Lightning","Discovery+1","Defragment+1","Rebound","Discovery+1","Conserve Battery","Seek+1","Ball Lightning","Decay","Compile Driver+1"],"special_seed":0,"relics":["Cracked Core","Happy Flower","Busted Crown","Prayer Wheel","Singing Bowl","Dodecahedron"],"potions_floor_usage":[16,19,19,19,19,19,33],"damage_taken":[{"damage":1.0,"enemies":"Jaw Worm","floor":1.0,"turns":4.0},{"damage":3.0,"enemies":"2 Louse","floor":2.0,"turns":3.0},{"damage":0.0,"enemies":"Cultist","floor":5.0,"turns":2.0},{"damage":5.0,"enemies":"Looter","floor":7.0,"turns":2.0},{"damage":7,"enemies":"Large Slime","floor":11,"turns":4},{"damage":2,"enemies":"2 Fungi Beasts","floor":14,"turns":3},{"damage":17,"enemies":"Hexaghost","floor":16,"turns":8},{"damage":21,"enemies":"3 Byrds","floor":18,"turns":4},{"damage":18,"enemies":"Colosseum Slavers","floor":19,"turns":3},{"damage":22,"enemies":"Colosseum Nobs","floor":19,"turns":5},{"damage":20,"enemies":"2 Thieves","floor":28,"turns":3},{"damage":9,"enemies":"Snecko","floor":30,"turns":6},{"damage":5,"enemies":"3 Cultists","floor":31,"turns":5},{"damage":10,"enemies":"Automaton","floor":33,"turns":3}],"seed_played":"-2692604525143104212","potions_obtained":[{"floor":1.0,"key":"LiquidBronze"},{"floor":5.0,"key":"EntropicBrew"},{"floor":7.0,"key":"SteroidPotion"},{"floor":28,"key":"EssenceOfSteel"},{"floor":30,"key":"Poison Potion"}],"is_trial":false,"path_per_floor":["M","M","$","?","M","R","M","R","T","$","M","?","R","M","R","B",null,"M","?","?","$","?","R","?","R","T","R","M","R","M","M","R","B"],"character_chosen":"DEFECT","items_purchased":["Discovery","Discovery","Regen Potion","Ball Lightning"],"campfire_rested":3,"item_purchase_floors":[3,10,21,21],"current_hp_per_floor":[74,71,71,71,71,71,66,66,66,66,59,59,59,57,57,40,75,54,16,16,16,16,39,39,39,39,39,23,47,40,39,65,64],"gold":92,"neow_bonus":"HUNDRED_GOLD","is_prod":false,"is_daily":false,"chose_seed":false,"campfire_upgraded":6,"win_rate":0,"timestamp":1561496284,"path_taken":["M","M","$","?","M","R","M","R","T","$","M","?","R","M","R","BOSS","M","?","?","$","?","R","?","R","T","R","M","R","M","M","R","BOSS"],"build_version":"2019-01-23","purchased_purges":2,"victory":false,"max_hp_per_floor":[75,75,75,75,75,75,75,75,75,75,75,75,75,75,75,75,75,75,77,77,77,77,77,77,77,77,77,81,81,83,87,87,87],"card_choices":[{"not_picked":["Blizzard","Reprogram"],"picked":"Coolheaded","floor":1.0},{"not_picked":["Streamline","Consume"],"picked":"Ball Lightning","floor":2.0},{"not_picked":["Darkness","Undo"],"picked":"Defragment","floor":5.0},{"not_picked":["Turbo","Streamline"],"picked":"Rebound","floor":7.0},{"not_picked":["Lockon","Skim","Leap"],"picked":"SKIP","floor":11},{"not_picked":["Sweeping Beam","Steam"],"picked":"Conserve Battery","floor":14},{"not_picked":["All For One","Machine Learning"],"picked":"Seek","floor":16},{"not_picked":["Streamline"],"picked":"SKIP","floor":18},{"not_picked":["Double Energy"],"picked":"Singing Bowl","floor":19},{"not_picked":["Static Discharge"],"picked":"Singing Bowl","floor":28},{"not_picked":["Chill+1"],"picked":"Singing Bowl","floor":28},{"not_picked":[],"picked":"Compile Driver+1","floor":30},{"not_picked":["Turbo+1"],"picked":"Singing Bowl","floor":30},{"not_picked":["Gash"],"picked":"Singing Bowl","floor":31},{"not_picked":["Cold Snap"],"picked":"Singing Bowl","floor":31}],"player_experience":1508014,"relics_obtained":[{"floor":9.0,"key":"Happy Flower"},{"floor":19,"key":"Prayer Wheel"},{"floor":19,"key":"Singing Bowl"},{"floor":26,"key":"Dodecahedron"}],"event_choices":[{"damage_healed":0.0,"max_hp_gain":0.0,"max_hp_loss":0.0,"gold_gain":0.0,"event_name":"Living Wall","player_choice":"Grow","floor":4.0,"gold_loss":0.0,"damage_taken":0.0,"cards_upgraded":["Zap"]},{"damage_healed":0,"gold_gain":0,"player_choice":"Got Potions","damage_taken":0,"max_hp_gain":0,"max_hp_loss":0,"event_name":"Lab","floor":12,"gold_loss":0},{"damage_healed":0,"gold_gain":0,"player_choice":"Fight","damage_taken":0,"max_hp_gain":0,"max_hp_loss":0,"event_name":"Colosseum","floor":19,"gold_loss":0},{"damage_healed":0,"gold_gain":0,"player_choice":"Fought Nobs","damage_taken":0,"max_hp_gain":0,"max_hp_loss":0,"event_name":"Colosseum","floor":19,"gold_loss":0},{"damage_healed":0,"gold_gain":0,"player_choice":"Ignored","damage_taken":0,"max_hp_gain":0,"max_hp_loss":0,"event_name":"Cursed Tome","floor":20,"gold_loss":0},{"damage_healed":0,"gold_gain":0,"player_choice":"Smashed Altar","damage_taken":0,"max_hp_gain":0,"max_hp_loss":0,"event_name":"Forgotten Altar","floor":22,"gold_loss":0,"cards_obtained":["Decay"]},{"damage_healed":0,"gold_gain":0,"player_choice":"Ignored","damage_taken":0,"max_hp_gain":0,"max_hp_loss":0,"event_name":"Beggar","floor":24,"gold_loss":0}],"is_beta":false,"boss_relics":[{"not_picked":["Lizard Tail","Tiny House"],"picked":"Busted Crown"}],"items_purged_floors":[3,21],"is_endless":false,"potions_floor_spawned":[1,5,7,14,19,28,30],"killed_by":"Automaton","ascension_level":0}