{"gold_per_floor":[113,128,141,158,175,175,175,215,215,215,258,276,276,300,300,395,395,419,439,477,33,83,118,138,176,176,194,4,4,4,24,24,123,123,148,148,163,163,178,178,219,235,290,313,346,365,365,403,403,403,403,403,403,32,76,76],"floor_reached":57,"playtime":3128,"items_purged":["Strike_R","Strike_R","Wild Strike+1"],"score":3392,"play_id":"77898678-0e63-413a-a106-322f26cf9cde","local_time":"20190419004359","is_ascension_mode":true,"campfire_choices":[{"data":"Wild Strike","floor":6.0,"key":"SMITH"},{"data":"Intimidate","floor":10.0,"key":"SMITH"},{"data":"Evolve","floor":15.0,"key":"SMITH"},{"data":"Corruption","floor":29.0,"key":"SMITH"},{"data":"Burning Pact","floor":32.0,"key":"SMITH"},{"floor":40.0,"key":"RECALL"},{"data":"Offering","floor":47.0,"key":"SMITH"},{"data":"Havoc","floor":49,"key":"SMITH"},{"data":"Warcry","floor":53,"key":"SMITH"}],"neow_cost":"NONE","seed_source_timestamp":171993080987900,"circlet_count":0,"master_deck":["AscendersBane","Bash","Second Wind","Evolve+1","Intimidate+1","True Grit","Warcry","Fiend Fire","Shrug It Off","Impervious","Fiend Fire","Warcry+1","Infernal Blade","Corruption+1","Burning Pact+1","Reaper","Fiend Fire","Barricade+1","Body Slam","Exhume","Berserk","Offering+1","Combust","Second Wind","Havoc+1","Shrug It Off","Power Through","Havoc+1"],"special_seed":0,"relics":["Burning Blood","Golden Idol","Dead Branch","Gambling Chip","Coffee Dripper","Red Mask","DollysMirror","Pear","Prayer Wheel","Paper Frog","Pandora\u0027s Box","Turnip","Smiling Mask","Charon\u0027s Ashes","Red Skull","FossilizedHelix","Ornamental Fan"],"potions_floor_usage":[56,56],"damage_taken":[{"damage":9.0,"enemies":"Jaw Worm","floor":1.0,"turns":4.0},{"damage":1.0,"enemies":"Small Slimes","floor":2.0,"turns":4.0},{"damage":1.0,"enemies":"Cultist","floor":3.0,"turns":3.0},{"damage":16.0,"enemies":"Large Slime","floor":4.0,"turns":6.0},{"damage":13.0,"enemies":"3 Louse","floor":5.0,"turns":4.0},{"damage":35.0,"enemies":"Lagavulin","floor":8.0,"turns":6.0},{"damage":28.0,"enemies":"3 Sentries","floor":11.0,"turns":7.0},{"damage":0.0,"enemies":"Blue Slaver","floor":12.0,"turns":3.0},{"damage":1.0,"enemies":"Looter","floor":14.0,"turns":4.0},{"damage":44.0,"enemies":"Slime Boss","floor":16.0,"turns":13.0},{"damage":7.0,"enemies":"3 Byrds","floor":18.0,"turns":8.0},{"damage":7.0,"enemies":"Chosen","floor":19.0,"turns":4.0},{"damage":10.0,"enemies":"Masked Bandits","floor":20.0,"turns":3.0},{"damage":24.0,"enemies":"Gremlin Leader","floor":23.0,"turns":6.0},{"damage":6.0,"enemies":"Centurion and Healer","floor":24.0,"turns":3.0},{"damage":24.0,"enemies":"Book of Stabbing","floor":25.0,"turns":5.0},{"damage":13.0,"enemies":"Snecko","floor":27.0,"turns":5.0},{"damage":0.0,"enemies":"Snake Plant","floor":31.0,"turns":3.0},{"damage":0.0,"enemies":"Collector","floor":33.0,"turns":3.0},{"damage":0.0,"enemies":"3 Shapes","floor":35.0,"turns":2.0},{"damage":6.0,"enemies":"Orb Walker","floor":37.0,"turns":2.0},{"damage":4.0,"enemies":"Spire Growth","floor":39.0,"turns":5.0},{"damage":0.0,"enemies":"Nemesis","floor":41.0,"turns":5.0},{"damage":12.0,"enemies":"Writhing Mass","floor":42.0,"turns":4.0},{"damage":9.0,"enemies":"Jaw Worm Horde","floor":44.0,"turns":5.0},{"damage":46.0,"enemies":"Reptomancer","floor":45.0,"turns":7.0},{"damage":0.0,"enemies":"Sphere and 2 Shapes","floor":46.0,"turns":2.0},{"damage":12,"enemies":"Nemesis","floor":48,"turns":11},{"damage":6,"enemies":"Awakened One","floor":50,"turns":10},{"damage":6,"enemies":"Time Eater","floor":51,"turns":4},{"damage":0,"enemies":"Shield and Spear","floor":55,"turns":4},{"damage":1,"enemies":"The Heart","floor":56,"turns":7}],"seed_played":"-183576657416395375","potions_obtained":[{"floor":1.0,"key":"Dexterity Potion"},{"floor":3.0,"key":"SmokeBomb"},{"floor":4.0,"key":"FearPotion"},{"floor":16.0,"key":"FearPotion"},{"floor":18.0,"key":"SpeedPotion"},{"floor":19.0,"key":"PowerPotion"},{"floor":25.0,"key":"Strength Potion"},{"floor":33.0,"key":"Block Potion"}],"is_trial":false,"path_per_floor":["M","M","M","M","M","R","?","E","T","R","E","M","?","M","R","B",null,"M","M","?","$","?","E","M","E","T","M","$","R","?","M","R","B",null,"M","?","M","?","M","R","E","M","T","M","E","M","R","E","R","B","B",null,"R","$","E","B",null],"character_chosen":"IRONCLAD","items_purchased":["Impervious","DollysMirror","Reaper","FossilizedHelix"],"campfire_rested":0,"item_purchase_floors":[21,21,28,54],"current_hp_per_floor":[65,70,75,65,58,58,58,29,29,29,7,13,68,68,68,30,59,58,57,53,53,53,45,45,27,27,20,20,20,20,26,26,68,76,78,78,78,78,78,78,78,78,78,75,35,41,41,37,37,50,50,71,71,71,78,78],"gold":76,"neow_bonus":"RANDOM_COLORLESS","is_prod":false,"is_daily":false,"chose_seed":false,"campfire_upgraded":8,"win_rate":0,"timestamp":1555602239,"path_taken":["M","M","M","M","M","R","?","E","T","R","E","M","?","?","R","BOSS","M","M","?","$","?","E","M","E","T","M","?","R","?","M","R","BOSS","M","?","M","?","M","R","E","M","T","?","E","M","R","E","R","BOSS","BOSS","R","$","E","BOSS"],"build_version":"2019-01-23","purchased_purges":3,"victory":true,"max_hp_per_floor":[75,75,75,75,75,75,68,68,68,68,68,68,68,68,68,68,68,68,68,68,68,68,78,78,78,78,78,78,78,78,78,78,78,78,78,78,78,78,78,78,78,78,78,78,78,78,78,78,78,78,78,78,78,78,78,78],"card_choices":[{"not_picked":["Seeing Red","Clash"],"picked":"Wild Strike","floor":1.0},{"not_picked":["Body Slam","Iron Wave"],"picked":"Clothesline","floor":2.0},{"not_picked":["Corruption","Burning Pact","Pommel Strike"],"picked":"SKIP","floor":3.0},{"not_picked":["True Grit","Entrench"],"picked":"Second Wind","floor":4.0},{"not_picked":["Infernal Blade","Uppercut"],"picked":"Evolve","floor":5.0},{"not_picked":["Warcry","Double Tap"],"picked":"Intimidate","floor":8.0},{"not_picked":["Dual Wield","Pommel Strike","Blood for Blood"],"picked":"SKIP","floor":11.0},{"not_picked":["Flex","Metallicize"],"picked":"True Grit","floor":12.0},{"not_picked":["Flex","Thunderclap"],"picked":"Warcry","floor":14.0},{"not_picked":["Reaper","Bludgeon"],"picked":"Fiend Fire","floor":16.0},{"not_picked":["Rupture","Havoc","Iron Wave"],"picked":"SKIP","floor":18.0},{"not_picked":["Pommel Strike","Havoc"],"picked":"Shrug It Off","floor":19.0},{"not_picked":["Cleave","Inflame"],"picked":"Warcry","floor":23.0},{"not_picked":["Cleave","Clash+1"],"picked":"Infernal Blade","floor":24.0},{"not_picked":["Rupture","Second Wind"],"picked":"Corruption","floor":25.0},{"not_picked":["Bloodletting","Clash+1"],"picked":"Burning Pact","floor":27.0},{"not_picked":["Armaments","Iron Wave","Wild Strike"],"picked":"SKIP","floor":27.0},{"not_picked":["Headbutt","Armaments"],"picked":"Fiend Fire","floor":31.0},{"not_picked":["Armaments","Clothesline","Dropkick"],"picked":"SKIP","floor":31.0},{"not_picked":["Bludgeon","Brutality"],"picked":"Barricade","floor":33.0},{"not_picked":["Sword Boomerang+1","Shrug It Off","Bloodletting"],"picked":"SKIP","floor":35.0},{"not_picked":["Heavy Blade","Clash+1","Body Slam"],"picked":"SKIP","floor":35.0},{"not_picked":["Clothesline+1","Fire Breathing","Spot Weakness"],"picked":"SKIP","floor":37.0},{"not_picked":["Heavy Blade+1","Body Slam","Metallicize"],"picked":"SKIP","floor":37.0},{"not_picked":["Anger","Combust"],"picked":"Shrug It Off","floor":39.0},{"not_picked":["Double Tap","Body Slam+1","Heavy Blade+1"],"picked":"SKIP","floor":39.0},{"not_picked":["Sentinel","Wild Strike","Flex"],"picked":"SKIP","floor":41.0},{"not_picked":["Sword Boomerang","Uppercut+1","Double Tap"],"picked":"SKIP","floor":42.0},{"not_picked":["Hemokinesis","Sword Boomerang+1","Flex"],"picked":"SKIP","floor":42.0},{"not_picked":["Twin Strike","Shrug It Off","Sword Boomerang"],"picked":"SKIP","floor":44.0},{"not_picked":["Cleave","Pommel Strike","Shrug It Off+1"],"picked":"SKIP","floor":44.0},{"not_picked":["Brutality","Pommel Strike","Iron Wave"],"picked":"SKIP","floor":45.0},{"not_picked":["Combust","Rage"],"picked":"Power Through","floor":46.0},{"not_picked":["Twin Strike","Headbutt+1","Limit Break"],"picked":"SKIP","floor":46.0},{"not_picked":["Shrug It Off","Thunderclap"],"picked":"Havoc+1","floor":48},{"not_picked":["Bludgeon","Twin Strike+1","Headbutt"],"picked":"SKIP","floor":55}],"player_experience":4832326,"relics_obtained":[{"floor":8.0,"key":"Dead Branch"},{"floor":11.0,"key":"Gambling Chip"},{"floor":20.0,"key":"Red Mask"},{"floor":23.0,"key":"Pear"},{"floor":25.0,"key":"Prayer Wheel"},{"floor":26.0,"key":"Paper Frog"},{"floor":41.0,"key":"Turnip"},{"floor":43.0,"key":"Smiling Mask"},{"floor":45.0,"key":"Charon\u0027s Ashes"},{"floor":48,"key":"Red Skull"},{"floor":55,"key":"Ornamental Fan"}],"event_choices":[{"damage_healed":0.0,"max_hp_gain":0.0,"max_hp_loss":7.0,"gold_gain":0.0,"event_name":"Golden Idol","player_choice":"Lose Max HP","floor":7.0,"gold_loss":0.0,"damage_taken":0.0,"relics_obtained":["Golden Idol"]},{"cards_removed":["Trip"],"damage_healed":55.0,"max_hp_gain":0.0,"max_hp_loss":0.0,"gold_gain":0.0,"event_name":"Bonfire Elementals","player_choice":"Offered Uncommon","floor":13.0,"gold_loss":0.0,"damage_taken":0.0},{"damage_healed":0.0,"max_hp_gain":0.0,"max_hp_loss":0.0,"gold_gain":0.0,"event_name":"Masked Bandits","player_choice":"Fought Bandits","floor":20.0,"gold_loss":0.0,"damage_taken":0.0},{"damage_healed":0.0,"max_hp_gain":0.0,"max_hp_loss":0.0,"gold_gain":50.0,"event_name":"Nest","player_choice":"Stole From Cult","floor":22.0,"gold_loss":0.0,"damage_taken":0.0},{"damage_healed":0.0,"max_hp_gain":0.0,"max_hp_loss":0.0,"gold_gain":0.0,"event_name":"The Mausoleum","player_choice":"Ignored","floor":30.0,"gold_loss":0.0,"damage_taken":0.0},{"cards_removed":["Clothesline"],"damage_healed":0.0,"max_hp_gain":0.0,"max_hp_loss":0.0,"gold_gain":0.0,"event_name":"Falling","player_choice":"Removed Attack","floor":36.0,"gold_loss":0.0,"damage_taken":0.0},{"damage_healed":0.0,"max_hp_gain":0.0,"max_hp_loss":0.0,"gold_gain":0.0,"event_name":"Upgrade Shrine","player_choice":"Upgraded","floor":38.0,"gold_loss":0.0,"damage_taken":0.0,"cards_upgraded":["Barricade"]}],"is_beta":false,"boss_relics":[{"not_picked":["Tiny House","Runic Dome"],"picked":"Coffee Dripper"},{"not_picked":["Eternal Feather","Runic Cube"],"picked":"Pandora\u0027s Box"}],"items_purged_floors":[21,28,54],"is_endless":false,"potions_floor_spawned":[1,3,4,8,16,18,19,25,33,41,45,46,48,55],"ascension_level":20}