{"gold_per_floor":[113,131,149,109,126,155,181,181,181,181,181,181,181,217,217,217],"floor_reached":16,"playtime":360,"items_purged":[],"score":216,"play_id":"12ea98b1-a17c-4355-904f-6fdaf1d61318","local_time":"20190312015223","is_ascension_mode":true,"campfire_choices":[{"data":"Bludgeon","floor":8,"key":"SMITH"},{"data":"Armaments","floor":11,"key":"SMITH"},{"data":"Bash","floor":15,"key":"SMITH"}],"neow_cost":"NONE","seed_source_timestamp":375521515050800,"circlet_count":0,"master_deck":["AscendersBane","Strike_R","Strike_R","Strike_R","Strike_R","Strike_R","Defend_R","Defend_R","Defend_R","Defend_R","Bash+1","Anger","Pommel Strike","Armaments+1","Twin Strike","Seeing Red","Bludgeon+1","Shrug It Off","Corruption"],"relics":["Burning Blood","Anchor","Odd Mushroom","Matryoshka","StoneCalendar","Golden Idol","Question Card"],"potions_floor_usage":[6,14,16],"damage_taken":[{"damage":4,"enemies":"2 Louse","floor":1,"turns":3},{"damage":12,"enemies":"Small Slimes","floor":2,"turns":4},{"damage":19,"enemies":"Jaw Worm","floor":3,"turns":4},{"damage":1,"enemies":"Looter","floor":4,"turns":4},{"damage":13,"enemies":"Large Slime","floor":5,"turns":6},{"damage":25,"enemies":"3 Sentries","floor":6,"turns":7},{"damage":19,"enemies":"The Mushroom Lair","floor":7,"turns":5},{"damage":10,"enemies":"Lagavulin","floor":14,"turns":7},{"damage":24,"enemies":"Hexaghost","floor":16,"turns":7}],"seed_played":"6751630442663876862","potions_obtained":[{"floor":2,"key":"LiquidBronze"},{"floor":5,"key":"Fire Potion"},{"floor":7,"key":"Block Potion"}],"is_trial":false,"path_per_floor":["M","M","M","M","M","E","?","R","T","?","R","?","?","E","R","B"],"character_chosen":"IRONCLAD","items_purchased":[],"campfire_rested":0,"item_purchase_floors":[],"current_hp_per_floor":[77,71,58,63,56,37,24,24,24,51,51,40,40,36,36,12],"gold":217,"neow_bonus":"TEN_PERCENT_HP_BONUS","is_prod":false,"is_daily":false,"chose_seed":false,"campfire_upgraded":3,"win_rate":0,"timestamp":1552323143,"path_taken":["M","M","M","M","M","E","?","R","T","?","R","?","?","E","R","BOSS"],"build_version":"2019-01-23","purchased_purges":0,"victory":false,"max_hp_per_floor":[82,82,82,82,82,82,82,82,82,82,82,82,74,74,74,74],"card_choices":[{"not_picked":["Wild Strike","Warcry"],"picked":"Anger","floor":1},{"not_picked":["Sever Soul","Burning Pact"],"picked":"Pommel Strike","floor":2},{"not_picked":["Rampage","Sword Boomerang"],"picked":"Armaments","floor":3},{"not_picked":["Body Slam","Ghostly Armor"],"picked":"Twin Strike","floor":4},{"not_picked":["Intimidate","Reckless Charge"],"picked":"Seeing Red","floor":5},{"not_picked":["Warcry","Dropkick"],"picked":"Bludgeon","floor":6},{"not_picked":["Wild Strike","True Grit"],"picked":"Shrug It Off","floor":7},{"not_picked":["Flex","Reckless Charge"],"picked":"Corruption","floor":14}],"player_experience":4513439,"relics_obtained":[{"floor":6,"key":"Anchor"},{"floor":7,"key":"Odd Mushroom"},{"floor":9,"key":"Matryoshka"},{"floor":14,"key":"Question Card"}],"event_choices":[{"damage_healed":0,"gold_gain":0,"player_choice":"Fought Mushrooms","damage_taken":0,"max_hp_gain":0,"max_hp_loss":0,"event_name":"Mushrooms","floor":7,"gold_loss":0},{"damage_healed":27,"gold_gain":0,"player_choice":"Banana","damage_taken":0,"max_hp_gain":0,"max_hp_loss":0,"event_name":"Big Fish","floor":10,"gold_loss":0},{"damage_healed":0,"gold_gain":0,"player_choice":"Success","damage_taken":11,"relics_obtained":["StoneCalendar"],"max_hp_gain":0,"max_hp_loss":0,"event_name":"Scrap Ooze","floor":12,"gold_loss":0},{"damage_healed":0,"gold_gain":0,"player_choice":"Lose Max HP","damage_taken":0,"relics_obtained":["Golden Idol"],"max_hp_gain":0,"max_hp_loss":8,"event_name":"Golden Idol","floor":13,"gold_loss":0}],"is_beta":false,"boss_relics":[],"items_purged_floors":[],"is_endless":false,"potions_floor_spawned":[2,5,7],"killed_by":"Hexaghost","ascension_level":20}