{"gold_per_floor":[10,30,48,123,123,152,179,190,190,190,200,235,258,303,315,402,414,438,750,762,792,804,816,828,840,882,237,248,273,273,301,301,376,376,395,146,1145,452,452,484,484,534,534,534,562,562,170,183,183,183],"floor_reached":50,"playtime":1446,"items_purged":["Anger","Normality","Normality"],"score":1404,"play_id":"f2ec9009-1005-4594-bf6e-8dc92f9d8c20","local_time":"20190710000009","is_ascension_mode":true,"campfire_choices":[{"data":"Dual Wield","floor":15.0,"key":"SMITH"},{"data":"Heavy Blade","floor":23.0,"key":"SMITH"},{"data":"Inflame","floor":25.0,"key":"SMITH"},{"floor":30.0,"key":"RECALL"},{"data":"Berserk","floor":32,"key":"SMITH"},{"data":"Bite","floor":44,"key":"SMITH"},{"data":"Bite","floor":49,"key":"SMITH"}],"neow_cost":"NO_GOLD","seed_source_timestamp":22793846660000,"circlet_count":0,"master_deck":["AscendersBane","Defend_R+1","Defend_R","Defend_R+1","Defend_R","Bash","Inflame+1","Shrug It Off","Twin Strike","Twin Strike","Anger","Berserk+1","Cleave","Dual Wield+1","Reaper","Twin Strike+1","Writhe","Heavy Blade+1","Bite+1","Bite+1","Bite","Bite","Bite","Decay","Clumsy","Evolve+1","Whirlwind","Clothesline","Corruption+1","Combust+1","Barricade+1","Metallicize+1","Master of Strategy+1","Normality","Havoc+1","Twin Strike+1","Metallicize+1","Infernal Blade+1","Secret Technique+1","Jack Of All Trades+1","Pain","Warcry+1","Writhe","Limit Break+1","Reaper+1","Bandage Up+1","Sword Boomerang+1"],"special_seed":0,"relics":["Burning Blood","Du-Vu Doll","Orichalcum","Ancient Tea Set","Pear","MawBank","Sundial","Cursed Key","Old Coin","Tiny Chest","Membership Card","Magic Flower","Frozen Egg 2","Toxic Egg 2","Lizard Tail","MealTicket","Lee\u0027s Waffle","War Paint","Molten Egg 2","Champion Belt","Mummified Hand","FossilizedHelix","DollysMirror","Dream Catcher"],"potions_floor_usage":[33,33,40,45],"damage_taken":[{"damage":0.0,"enemies":"Cultist","floor":1.0,"turns":3.0},{"damage":11.0,"enemies":"Small Slimes","floor":2.0,"turns":4.0},{"damage":14.0,"enemies":"Jaw Worm","floor":3.0,"turns":5.0},{"damage":20.0,"enemies":"Lagavulin","floor":6.0,"turns":6.0},{"damage":0.0,"enemies":"Exordium Thugs","floor":8.0,"turns":3.0},{"damage":6.0,"enemies":"2 Fungi Beasts","floor":11.0,"turns":3.0},{"damage":2.0,"enemies":"Gremlin Nob","floor":12.0,"turns":3.0},{"damage":11.0,"enemies":"Gremlin Gang","floor":13.0,"turns":4.0},{"damage":14.0,"enemies":"Lagavulin","floor":14.0,"turns":5.0},{"damage":14.0,"enemies":"Slime Boss","floor":16.0,"turns":8.0},{"damage":21.0,"enemies":"2 Thieves","floor":18.0,"turns":4.0},{"damage":6.0,"enemies":"3 Byrds","floor":21.0,"turns":4.0},{"damage":18.0,"enemies":"Snake Plant","floor":28.0,"turns":2.0},{"damage":53.0,"enemies":"Slavers","floor":29.0,"turns":5.0},{"damage":23.0,"enemies":"Book of Stabbing","floor":31.0,"turns":3.0},{"damage":104,"enemies":"Champ","floor":33,"turns":10},{"damage":51,"enemies":"3 Darklings","floor":35,"turns":4},{"damage":39,"enemies":"Reptomancer","floor":40,"turns":8},{"damage":99,"enemies":"Nemesis","floor":45,"turns":7},{"damage":12,"enemies":"3 Shapes","floor":48,"turns":2},{"damage":76,"enemies":"Awakened One","floor":50,"turns":5}],"seed_played":"7812685558741769496","potions_obtained":[{"floor":1.0,"key":"Fire Potion"},{"floor":2.0,"key":"Energy Potion"},{"floor":10.0,"key":"Swift Potion"},{"floor":10.0,"key":"GamblersBrew"},{"floor":13.0,"key":"SkillPotion"},{"floor":16.0,"key":"EssenceOfSteel"},{"floor":31,"key":"Block Potion"},{"floor":35,"key":"Poison Potion"}],"is_trial":false,"path_per_floor":["M","M","M","?","?","E","T","M","T","?","M","E","M","E","R","B",null,"M","?","?","M","?","R","?","R","T","$","M","E","R","E","R","B",null,"M","$","?","$","?","E","?","T","T","R","E","?","$","M","R","B"],"character_chosen":"IRONCLAD","items_purchased":["Membership Card","Magic Flower","Frozen Egg 2","Evolve+1","Whirlwind","MealTicket","Metallicize+1","Master of Strategy+1","Lee\u0027s Waffle","War Paint","Molten Egg 2","Havoc+1","Twin Strike+1","Metallicize+1","Infernal Blade+1","Secret Technique+1","Jack Of All Trades+1","SkillPotion","Limit Break+1","DollysMirror","Bandage Up+1","Dream Catcher"],"campfire_rested":0,"item_purchase_floors":[27,27,27,27,27,36,36,36,38,38,38,38,38,38,38,38,38,38,47,47,47,47],"current_hp_per_floor":[74,69,61,50,43,29,29,35,45,45,45,49,44,36,36,28,71,56,56,56,68,59,59,59,59,59,59,50,54,54,45,45,17,49,13,13,13,66,66,51,51,51,51,51,59,66,66,63,63,0],"gold":183,"neow_bonus":"ONE_RARE_RELIC","is_prod":false,"is_daily":false,"chose_seed":false,"campfire_upgraded":6,"win_rate":0,"timestamp":1562684409,"path_taken":["M","M","M","?","?","E","?","?","T","?","?","E","M","E","R","BOSS","M","?","?","?","?","R","?","R","T","$","M","E","R","E","R","BOSS","M","$","?","$","?","E","?","?","T","R","E","?","?","M","R","BOSS"],"build_version":"2019-07-05","purchased_purges":3,"victory":false,"max_hp_per_floor":[75,75,75,75,75,75,75,75,85,85,85,85,85,85,85,85,85,85,85,85,85,59,59,59,59,59,59,59,59,59,59,59,59,59,59,59,59,66,66,66,66,66,66,66,66,66,66,66,66,66],"card_choices":[{"not_picked":["Shrug It Off","Iron Wave"],"picked":"Inflame","floor":1.0},{"not_picked":["Headbutt","Body Slam"],"picked":"Shrug It Off","floor":2.0},{"not_picked":["Perfected Strike","Wild Strike"],"picked":"Twin Strike","floor":3.0},{"not_picked":["Clothesline","Second Wind"],"picked":"Twin Strike","floor":6.0},{"not_picked":["Pommel Strike","Rupture"],"picked":"Anger","floor":8.0},{"not_picked":["Perfected Strike","Disarm"],"picked":"Anger","floor":11.0},{"not_picked":["Fire Breathing","Corruption"],"picked":"Berserk","floor":12.0},{"not_picked":["Clash","Body Slam"],"picked":"Cleave","floor":13.0},{"not_picked":["Flex","Sentinel"],"picked":"Dual Wield","floor":14.0},{"not_picked":["Brutality","Dark Embrace"],"picked":"Reaper","floor":16.0},{"not_picked":["Anger","Pommel Strike"],"picked":"Twin Strike+1","floor":18.0},{"not_picked":["Body Slam+1","Warcry"],"picked":"Heavy Blade","floor":21.0},{"not_picked":["True Grit","Perfected Strike+1"],"picked":"Clothesline","floor":28.0},{"not_picked":["Blood for Blood","Clash"],"picked":"Corruption+1","floor":29.0},{"not_picked":["Dropkick","Uppercut"],"picked":"Combust+1","floor":31},{"not_picked":["Bludgeon","Brutality+1"],"picked":"Barricade+1","floor":33},{"not_picked":["Whirlwind","Sword Boomerang"],"picked":"Warcry+1","floor":35},{"not_picked":["Hemokinesis+1","Corruption+1","Anger+1"],"picked":"SKIP","floor":40},{"not_picked":["Searing Blow+1","Thunderclap+1"],"picked":"Warcry+1","floor":45},{"not_picked":["Warcry+1","Heavy Blade+1"],"picked":"Sword Boomerang+1","floor":48}],"player_experience":5629966,"relics_obtained":[{"floor":6.0,"key":"Orichalcum"},{"floor":7.0,"key":"Ancient Tea Set"},{"floor":9.0,"key":"Pear"},{"floor":12.0,"key":"MawBank"},{"floor":14.0,"key":"Sundial"},{"floor":26.0,"key":"Tiny Chest"},{"floor":29.0,"key":"Toxic Egg 2"},{"floor":40,"key":"Champion Belt"},{"floor":43,"key":"Mummified Hand"},{"floor":45,"key":"FossilizedHelix"}],"event_choices":[{"damage_healed":0.0,"max_hp_gain":0.0,"max_hp_loss":0.0,"gold_gain":75.0,"event_name":"World of Goop","player_choice":"Gather Gold","floor":4.0,"gold_loss":0.0,"damage_taken":11.0},{"cards_removed":["Strike_R"],"damage_healed":0.0,"max_hp_gain":0.0,"max_hp_loss":0.0,"gold_gain":0.0,"event_name":"Golden Wing","player_choice":"Card Removal","floor":5.0,"gold_loss":0.0,"damage_taken":7.0},{"damage_healed":0.0,"max_hp_gain":0.0,"max_hp_loss":0.0,"gold_gain":0.0,"event_name":"Lab","player_choice":"Got Potions","floor":10.0,"gold_loss":0.0,"damage_taken":0.0},{"damage_healed":0.0,"max_hp_gain":0.0,"max_hp_loss":0.0,"gold_gain":0.0,"event_name":"The Mausoleum","player_choice":"Opened","floor":19.0,"gold_loss":0.0,"damage_taken":0.0,"relics_obtained":["Old Coin"],"cards_obtained":["Writhe"]},{"damage_healed":0.0,"max_hp_gain":0.0,"max_hp_loss":0.0,"gold_gain":0.0,"event_name":"Fountain of Cleansing","player_choice":"Ignored","floor":20.0,"gold_loss":0.0,"damage_taken":0.0},{"damage_healed":0.0,"max_hp_gain":0.0,"max_hp_loss":26.0,"gold_gain":0.0,"event_name":"Vampires","player_choice":"Became a vampire","floor":22.0,"gold_loss":0.0,"damage_taken":0.0,"cards_obtained":["Bite","Bite","Bite","Bite","Bite"]},{"damage_healed":0.0,"max_hp_gain":0.0,"max_hp_loss":0.0,"gold_gain":0.0,"event_name":"Forgotten Altar","player_choice":"Smashed Altar","floor":24.0,"gold_loss":0.0,"damage_taken":0.0,"cards_obtained":["Decay"]},{"damage_healed":0,"gold_gain":999,"player_choice":"Gold","damage_taken":0,"max_hp_gain":0,"max_hp_loss":0,"event_name":"MindBloom","floor":37,"gold_loss":0,"cards_obtained":["Normality","Normality"]},{"cards_removed":["Warcry"],"damage_healed":0,"gold_gain":0,"player_choice":"Removed Skill","damage_taken":0,"max_hp_gain":0,"max_hp_loss":0,"event_name":"Falling","floor":39,"gold_loss":0},{"damage_healed":0,"gold_gain":0,"player_choice":"Ignored","damage_taken":0,"max_hp_gain":0,"max_hp_loss":0,"event_name":"Tomb of Lord Red Mask","floor":41,"gold_loss":0},{"damage_healed":13,"gold_gain":0,"player_choice":"Writhe","damage_taken":0,"max_hp_gain":0,"max_hp_loss":0,"event_name":"Winding Halls","floor":46,"gold_loss":0,"cards_obtained":["Writhe"]}],"is_beta":false,"boss_relics":[{"not_picked":["Astrolabe","Mark of Pain"],"picked":"Cursed Key"},{"not_picked":["Runic Cube","Eternal Feather"],"picked":"Lizard Tail"}],"items_purged_floors":[27,38,47],"is_endless":false,"potions_floor_spawned":[1,2,13,16,31,35],"killed_by":"Awakened One","ascension_level":20}