{"gold_per_floor":[112,132,146,165,165,165,165,180,207,187,201,151,164,181,181,276,276,287,227,247,247,247,247,259,259,286,299,299],"floor_reached":28,"playtime":3010,"items_purged":[],"score":214,"play_id":"d2790fe0-5799-45aa-accd-2f9b16cf971e","local_time":"20190630155050","is_ascension_mode":false,"campfire_choices":[{"data":"Headbutt","floor":6,"key":"SMITH"},{"data":"Bloodletting","floor":15,"key":"SMITH"},{"floor":23,"key":"REST"},{"floor":25,"key":"REST"}],"neow_cost":"NONE","seed_source_timestamp":104807743343100,"circlet_count":0,"master_deck":["Strike_R","Strike_R","Strike_R+1","Strike_R","Defend_R","Defend_R","Bash","Infernal Blade","Twin Strike","Headbutt+1","Dual Wield","Armaments","Bloodletting+1","Twin Strike","Dark Embrace","Pommel Strike","Inflame","Sword Boomerang+1","Impervious","Disarm","Shockwave+1","Intimidate","Clothesline","Battle Trance","Double Tap","RitualDagger","Rage","Feed"],"relics":["Burning Blood","Juzu Bracelet","Happy Flower","Regal Pillow","Orrery","Whetstone"],"potions_floor_usage":[28],"damage_taken":[{"damage":6,"enemies":"Cultist","floor":1,"turns":3},{"damage":6,"enemies":"Jaw Worm","floor":2,"turns":3},{"damage":13,"enemies":"2 Louse","floor":3,"turns":4},{"damage":16,"enemies":"Red Slaver","floor":4,"turns":3},{"damage":6,"enemies":"3 Louse","floor":8,"turns":3},{"damage":13,"enemies":"2 Fungi Beasts","floor":11,"turns":3},{"damage":5,"enemies":"Looter","floor":13,"turns":3},{"damage":20,"enemies":"Blue Slaver","floor":14,"turns":3},{"damage":48,"enemies":"Slime Boss","floor":16,"turns":11},{"damage":51,"enemies":"3 Byrds","floor":18,"turns":7},{"damage":28,"enemies":"Spheric Guardian","floor":20,"turns":5},{"damage":33,"enemies":"Cultist and Chosen","floor":24,"turns":5},{"damage":40,"enemies":"Sentry and Sphere","floor":27,"turns":5},{"damage":36,"enemies":"3 Cultists","floor":28,"turns":4}],"seed_played":"2923061564400383170","potions_obtained":[{"floor":1,"key":"FairyPotion"},{"floor":4,"key":"Weak Potion"},{"floor":10,"key":"GamblersBrew"},{"floor":16,"key":"SteroidPotion"}],"is_trial":false,"path_per_floor":["M","M","M","M","?","R","?","M","T","?","M","?","M","M","R","B",null,"M","?","M","?","?","R","M","R","T","M","M"],"character_chosen":"IRONCLAD","items_purchased":[],"campfire_rested":2,"item_purchase_floors":[],"current_hp_per_floor":[80,80,73,63,80,80,73,73,73,73,66,66,67,53,53,11,80,35,35,13,13,7,46,19,58,58,24,0],"gold":299,"neow_bonus":"RANDOM_COMMON_RELIC","is_prod":false,"is_daily":false,"chose_seed":false,"campfire_upgraded":2,"win_rate":0.0,"timestamp":1561927850,"path_taken":["M","M","M","M","?","R","?","M","T","?","M","?","M","M","R","BOSS","M","?","M","?","?","R","M","R","T","M","M"],"build_version":"2019-01-23","purchased_purges":0,"victory":false,"max_hp_per_floor":[80,80,80,80,80,80,80,80,80,80,80,80,80,80,80,80,80,80,80,80,80,80,80,80,80,80,80,80],"card_choices":[{"not_picked":["Thunderclap","Shrug It Off"],"picked":"Infernal Blade","floor":1},{"not_picked":["Thunderclap","Second Wind"],"picked":"Power Through","floor":2},{"not_picked":["Headbutt","Clash"],"picked":"Twin Strike","floor":3},{"not_picked":["Armaments","Heavy Blade"],"picked":"Headbutt","floor":4},{"not_picked":["Flex","Pommel Strike"],"picked":"Dual Wield","floor":8},{"not_picked":["Perfected Strike","Clothesline"],"picked":"Armaments","floor":11},{"not_picked":["Burning Pact","Heavy Blade"],"picked":"Bloodletting","floor":13},{"not_picked":["Power Through","Headbutt"],"picked":"Twin Strike","floor":14},{"not_picked":["Reaper","Offering"],"picked":"Dark Embrace","floor":16},{"not_picked":["Perfected Strike","Warcry"],"picked":"Pommel Strike","floor":17},{"not_picked":["Sword Boomerang","Spot Weakness"],"picked":"Inflame","floor":17},{"not_picked":["Twin Strike","Cleave"],"picked":"Sword Boomerang","floor":17},{"not_picked":["Rupture","Perfected Strike"],"picked":"Impervious","floor":17},{"not_picked":["Perfected Strike","Headbutt"],"picked":"Disarm","floor":17},{"not_picked":["Searing Blow","Anger"],"picked":"Shockwave+1","floor":18},{"not_picked":["Dual Wield","Sword Boomerang"],"picked":"Battle Trance","floor":20},{"not_picked":["Shrug It Off","Body Slam"],"picked":"Rage","floor":24},{"not_picked":["Hemokinesis+1","Flex"],"picked":"Feed","floor":27}],"player_experience":9071,"relics_obtained":[{"floor":9,"key":"Regal Pillow"},{"floor":26,"key":"Whetstone"}],"event_choices":[{"cards_removed":["Power Through"],"damage_healed":17,"gold_gain":0,"player_choice":"Offered Uncommon","damage_taken":0,"max_hp_gain":0,"max_hp_loss":0,"event_name":"Bonfire Elementals","floor":5,"gold_loss":0},{"damage_healed":0,"gold_gain":0,"player_choice":"Success","damage_taken":7,"relics_obtained":["Happy Flower"],"max_hp_gain":0,"max_hp_loss":0,"event_name":"Scrap Ooze","floor":7,"gold_loss":0},{"damage_healed":0,"gold_gain":0,"player_choice":"Bought 1 Potion","damage_taken":0,"max_hp_gain":0,"max_hp_loss":0,"event_name":"The Woman in Blue","floor":10,"gold_loss":0},{"cards_removed":["Defend_R"],"damage_healed":0,"gold_gain":0,"player_choice":"Card Removal","damage_taken":0,"max_hp_gain":0,"max_hp_loss":0,"event_name":"The Cleric","floor":12,"gold_loss":50},{"damage_healed":0,"gold_gain":0,"cards_transformed":["Strike_R","Defend_R"],"player_choice":"Transformed Cards","damage_taken":0,"max_hp_gain":0,"max_hp_loss":0,"event_name":"Designer","floor":19,"gold_loss":60,"cards_obtained":["Intimidate","Clothesline"]},{"damage_healed":0,"gold_gain":0,"player_choice":"Read","damage_taken":0,"max_hp_gain":0,"max_hp_loss":0,"event_name":"The Library","floor":21,"gold_loss":0,"cards_obtained":["Double Tap"]},{"damage_healed":0,"gold_gain":0,"player_choice":"Joined the Cult","damage_taken":6,"max_hp_gain":0,"max_hp_loss":0,"event_name":"Nest","floor":22,"gold_loss":0,"cards_obtained":["RitualDagger"]}],"is_beta":false,"boss_relics":[{"not_picked":["Cursed Key","Empty Cage"],"picked":"Orrery"}],"items_purged_floors":[],"is_endless":false,"potions_floor_spawned":[1,4,16,18],"killed_by":"3 Cultists","ascension_level":0}