{"gold_per_floor":[116,130,141,141,141,141,167,184,240,271,271,319,372,392,392,392],"floor_reached":16,"playtime":435,"items_purged":[],"score":220,"play_id":"a07622e5-a9e1-40e2-b9f0-6a5877ab6530","local_time":"20190425003036","is_ascension_mode":true,"campfire_choices":[{"data":"Flechettes","floor":6,"key":"SMITH"},{"data":"Acrobatics","floor":11,"key":"SMITH"},{"data":"Tactician","floor":15,"key":"SMITH"}],"neow_cost":"NONE","seed_source_timestamp":336353471110400,"circlet_count":0,"master_deck":["AscendersBane","Defend_G","Defend_G","Defend_G+1","Defend_G","Defend_G","Strike_G","Strike_G","Strike_G","Strike_G","Strike_G","Survivor","Neutralize+1","Flechettes","Flechettes+1","Acrobatics+1","Leg Sweep+1","Tactician+1"],"relics":["Ring of the Snake","Centennial Puzzle","Tiny Chest","War Paint","Happy Flower","Lantern"],"potions_floor_usage":[7,8,10],"damage_taken":[{"damage":0,"enemies":"Jaw Worm","floor":1,"turns":4},{"damage":6,"enemies":"2 Louse","floor":2,"turns":4},{"damage":1,"enemies":"Cultist","floor":3,"turns":5},{"damage":19,"enemies":"3 Sentries","floor":7,"turns":10},{"damage":6,"enemies":"Lots of Slimes","floor":8,"turns":2},{"damage":9,"enemies":"Lagavulin","floor":10,"turns":5},{"damage":13,"enemies":"Large Slime","floor":14,"turns":6},{"damage":10,"enemies":"Hexaghost","floor":16,"turns":7}],"seed_played":"-4583284453724672075","potions_obtained":[{"floor":1,"key":"AttackPotion"},{"floor":3,"key":"Explosive Potion"},{"floor":8,"key":"Swift Potion"}],"is_trial":false,"path_per_floor":["M","M","M","?","?","R","E","M","T","E","R","T","T","M","R","B"],"character_chosen":"THE_SILENT","items_purchased":[],"campfire_rested":0,"item_purchase_floors":[],"current_hp_per_floor":[59,53,52,52,57,57,38,32,32,23,23,23,23,10,10,0],"gold":392,"neow_bonus":"UPGRADE_CARD","is_prod":false,"is_daily":false,"chose_seed":false,"campfire_upgraded":3,"win_rate":0,"timestamp":1556119836,"path_taken":["M","M","M","?","?","R","E","M","T","E","R","?","?","M","R","BOSS"],"build_version":"2019-01-23","purchased_purges":0,"victory":false,"max_hp_per_floor":[66,66,66,66,71,71,71,71,71,71,71,71,71,71,71,71],"card_choices":[{"not_picked":["Leg Sweep","Dagger Throw"],"picked":"Flechettes","floor":1},{"not_picked":["Dodge and Roll","Heel Hook"],"picked":"Flechettes","floor":2},{"not_picked":["Blade Dance","Sucker Punch"],"picked":"Acrobatics","floor":3},{"not_picked":["Underhanded Strike","Deflect"],"picked":"Leg Sweep","floor":7},{"not_picked":["Sucker Punch","Backstab"],"picked":"Tactician","floor":8},{"not_picked":["Dodge and Roll","Skewer","Flying Knee"],"picked":"SKIP","floor":10},{"not_picked":["Catalyst","Accuracy","Quick Slash"],"picked":"SKIP","floor":14}],"player_experience":4841029,"relics_obtained":[{"floor":7,"key":"Centennial Puzzle"},{"floor":9,"key":"Tiny Chest"},{"floor":10,"key":"War Paint"},{"floor":12,"key":"Happy Flower"},{"floor":13,"key":"Lantern"}],"event_choices":[{"damage_healed":0,"gold_gain":0,"player_choice":"Ignored","damage_taken":0,"max_hp_gain":0,"max_hp_loss":0,"event_name":"Liars Game","floor":4,"gold_loss":0},{"damage_healed":0,"gold_gain":0,"player_choice":"Donut","damage_taken":0,"max_hp_gain":5,"max_hp_loss":0,"event_name":"Big Fish","floor":5,"gold_loss":0}],"is_beta":false,"boss_relics":[],"items_purged_floors":[],"is_endless":false,"potions_floor_spawned":[1,3,8],"killed_by":"Hexaghost","ascension_level":20}