{"gold_per_floor":[112,131,146,165,178,178,253,253,253,273,302,320,320,320,320,397,397,417,417,417,417,417,452,452,41,64,64,80,90,103,163,163,163],"floor_reached":33,"playtime":1080,"items_purged":["Strike_G"],"score":574,"play_id":"15f96375-bc9d-44a0-8f6c-6d4ef73cf52a","local_time":"20190721003620","is_ascension_mode":true,"campfire_choices":[{"data":"Crippling Poison","floor":6,"key":"SMITH"},{"data":"Neutralize","floor":8,"key":"SMITH"},{"data":"Calculated Gamble","floor":13,"key":"SMITH"},{"floor":15,"key":"REST"},{"floor":24,"key":"REST"},{"data":"Tactician","floor":27,"key":"SMITH"},{"data":"Reflex","floor":32,"key":"SMITH"}],"neow_cost":"NONE","seed_source_timestamp":7543398860500,"circlet_count":0,"master_deck":["AscendersBane","Strike_G","Strike_G","Defend_G","Defend_G","Defend_G","Defend_G","Survivor","Neutralize+1","Bullet Time","Dagger Spray","Dagger Spray","Riddle With Holes","Cloak And Dagger","Crippling Poison+1","Noxious Fumes","Unload","Calculated Gamble+1","Storm of Steel","Heel Hook","Blade Dance","Tactician+1","Reflex+1","Backflip","Malaise"],"relics":["Ring of the Serpent","Bottled Lightning","Tough Bandages","Meat on the Bone","Happy Flower","Snake Skull","Bag of Marbles","Tiny Chest"],"potions_floor_usage":[11,23,23,33,33],"damage_taken":[{"damage":0,"enemies":"Jaw Worm","floor":1,"turns":4},{"damage":9,"enemies":"Small Slimes","floor":2,"turns":5},{"damage":4,"enemies":"2 Louse","floor":3,"turns":2},{"damage":0,"enemies":"Exordium Wildlife","floor":4,"turns":4},{"damage":13,"enemies":"Large Slime","floor":5,"turns":7},{"damage":0,"enemies":"3 Louse","floor":10,"turns":2},{"damage":5,"enemies":"3 Sentries","floor":11,"turns":6},{"damage":0,"enemies":"Exordium Wildlife","floor":12,"turns":2},{"damage":9,"enemies":"The Guardian","floor":16,"turns":13},{"damage":3,"enemies":"2 Thieves","floor":18,"turns":4},{"damage":24,"enemies":"Slavers","floor":23,"turns":6},{"damage":1,"enemies":"3 Byrds","floor":28,"turns":3},{"damage":21,"enemies":"Snake Plant","floor":29,"turns":5},{"damage":1,"enemies":"Chosen and Byrds","floor":30,"turns":4},{"damage":13,"enemies":"Gremlin Leader","floor":31,"turns":6},{"damage":68,"enemies":"Automaton","floor":33,"turns":12}],"seed_played":"-5968556272201716622","potions_obtained":[{"floor":1,"key":"Strength Potion"},{"floor":5,"key":"Fire Potion"},{"floor":10,"key":"GhostInAJar"},{"floor":12,"key":"Swift Potion"},{"floor":23,"key":"Dexterity Potion"},{"floor":31,"key":"AttackPotion"}],"is_trial":false,"path_per_floor":["M","M","M","M","M","R","?","R","T","M","E","M","R","?","R","B",null,"M","?","?","?","?","E","R","$","T","R","M","M","M","E","R","B"],"character_chosen":"THE_SILENT","items_purchased":["Happy Flower","Snake Skull"],"campfire_rested":2,"item_purchase_floors":[25,25],"current_hp_per_floor":[59,50,46,46,33,33,22,22,22,22,17,17,17,10,29,20,55,52,52,52,52,34,10,31,31,31,31,42,33,44,43,43,0],"gold":163,"neow_bonus":"ONE_RANDOM_RARE_CARD","is_prod":false,"is_daily":false,"chose_seed":false,"campfire_upgraded":5,"win_rate":0,"timestamp":1563636980,"path_taken":["M","M","M","M","M","R","?","R","T","M","E","M","R","?","R","BOSS","M","?","?","?","?","E","R","$","T","R","M","M","?","E","R","BOSS"],"build_version":"2019-07-17","purchased_purges":1,"victory":false,"max_hp_per_floor":[66,66,66,66,66,66,66,66,66,66,66,66,66,66,66,66,66,66,66,66,66,71,71,71,71,71,71,71,71,71,71,71,71],"card_choices":[{"not_picked":["PiercingWail","Bane"],"picked":"Dagger Spray","floor":1},{"not_picked":["Bane","Blade Dance"],"picked":"Dagger Spray","floor":2},{"not_picked":["Acrobatics","Dagger Throw"],"picked":"Riddle With Holes","floor":3},{"not_picked":["Acrobatics","Sucker Punch"],"picked":"Cloak And Dagger","floor":4},{"not_picked":["Dagger Spray","Eviscerate"],"picked":"Crippling Poison","floor":5},{"not_picked":["Bouncing Flask","Underhanded Strike"],"picked":"Noxious Fumes","floor":10},{"not_picked":["Blade Dance","Leg Sweep"],"picked":"Unload","floor":11},{"not_picked":["Tactician","Poisoned Stab"],"picked":"Calculated Gamble","floor":12},{"not_picked":["Burst","Grand Finale"],"picked":"Storm of Steel","floor":16},{"not_picked":["Poisoned Stab","Flechettes","Blade Dance"],"picked":"SKIP","floor":18},{"not_picked":["Masterful Stab","PiercingWail","Leg Sweep"],"picked":"SKIP","floor":23},{"not_picked":["Deadly Poison+1","Slice"],"picked":"Reflex","floor":28},{"not_picked":["Endless Agony","Outmaneuver"],"picked":"Backflip","floor":29},{"not_picked":["Finisher","Slice"],"picked":"Malaise","floor":30},{"not_picked":["Masterful Stab","Dagger Spray","Blade Dance"],"picked":"SKIP","floor":31}],"player_experience":5759220,"relics_obtained":[{"floor":9,"key":"Bottled Lightning"},{"floor":11,"key":"Tough Bandages"},{"floor":23,"key":"Meat on the Bone"},{"floor":26,"key":"Bag of Marbles"},{"floor":31,"key":"Tiny Chest"}],"event_choices":[{"damage_healed":0,"gold_gain":75,"player_choice":"Gather Gold","damage_taken":11,"max_hp_gain":0,"max_hp_loss":0,"event_name":"World of Goop","floor":7,"gold_loss":0},{"cards_removed":["Strike_G"],"damage_healed":0,"gold_gain":0,"player_choice":"Card Removal","damage_taken":7,"max_hp_gain":0,"max_hp_loss":0,"event_name":"Golden Wing","floor":14,"gold_loss":0},{"damage_healed":0,"gold_gain":0,"cards_transformed":["Strike_G","Defend_G"],"player_choice":"Became Test Subject","damage_taken":0,"max_hp_gain":0,"max_hp_loss":0,"event_name":"Drug Dealer","floor":19,"gold_loss":0,"cards_obtained":["Heel Hook","Blade Dance"]},{"damage_healed":0,"gold_gain":0,"player_choice":"Read","damage_taken":0,"max_hp_gain":0,"max_hp_loss":0,"event_name":"The Library","floor":20,"gold_loss":0,"cards_obtained":["Tactician"]},{"damage_healed":0,"gold_gain":0,"player_choice":"Ignored","damage_taken":0,"max_hp_gain":0,"max_hp_loss":0,"event_name":"Vampires","floor":21,"gold_loss":0},{"damage_healed":0,"gold_gain":0,"player_choice":"Shed Blood","damage_taken":23,"max_hp_gain":5,"max_hp_loss":0,"event_name":"Forgotten Altar","floor":22,"gold_loss":0}],"is_beta":false,"boss_relics":[{"not_picked":["Black Star","Cursed Key"],"picked":"Ring of the Serpent"}],"items_purged_floors":[25],"is_endless":false,"potions_floor_spawned":[1,5,10,12,23,31],"killed_by":"Automaton","ascension_level":20}