{"gold_per_floor":[118,118,136,149,149,149,166,166,192,210,84,97,117,147,147,224,224,234,234,22,50,65,65,65,91,118,118,68,68,84,113,113,190,190,210,49,61,78,78,93,93,148,175,203,203,217,217,28,28,28,28,28,28,28,59,59],"floor_reached":56,"playtime":2549,"items_purged":["Strike_B","Writhe","Defend_B"],"score":2030,"play_id":"1a3daae4-0214-459f-88d3-398321cf0955","local_time":"20190606002442","is_ascension_mode":true,"campfire_choices":[{"floor":6.0,"key":"DIG"},{"floor":8.0,"key":"DIG"},{"floor":15.0,"key":"DIG"},{"floor":23.0,"key":"DIG"},{"data":"Defragment","floor":27.0,"key":"SMITH"},{"floor":29.0,"key":"DIG"},{"floor":32.0,"key":"DIG"},{"floor":41.0,"key":"DIG"},{"floor":49.0,"key":"RECALL"},{"floor":53.0,"key":"DIG"}],"neow_cost":"TEN_PERCENT_HP_LOSS","seed_source_timestamp":871349964950500,"circlet_count":0,"master_deck":["AscendersBane","Zap","Dualcast","Ball Lightning","White Noise","Sweeping Beam","Self Repair","Defragment+1","Lockon","Cold Snap","Conserve Battery+1","Chill","Fission+1","Echo Form","Skim","Force Field","Recycle","Go for the Eyes","Force Field","Amplify","All For One","Meteor Strike","Darkness+1","Echo Form","Force Field","Apotheosis"],"special_seed":0,"relics":["Cracked Core","Shovel","Orichalcum","Bottled Lightning","Mummified Hand","DataDisk","Snecko Eye","Smiling Mask","Happy Flower","Red Mask","Sundial","Strawberry","PreservedInsect","Potion Belt","Gambling Chip","Omamori","Philosopher\u0027s Stone","Anchor","Turnip","Art of War","War Paint","Bottled Tornado","Gremlin Horn"],"potions_floor_usage":[56,56,56],"damage_taken":[{"damage":1.0,"enemies":"Cultist","floor":1.0,"turns":3.0},{"damage":9.0,"enemies":"Jaw Worm","floor":3.0,"turns":3.0},{"damage":5.0,"enemies":"Small Slimes","floor":4.0,"turns":4.0},{"damage":6.0,"enemies":"2 Fungi Beasts","floor":7.0,"turns":3.0},{"damage":3.0,"enemies":"Blue Slaver","floor":10.0,"turns":4.0},{"damage":6.0,"enemies":"Large Slime","floor":12.0,"turns":5.0},{"damage":1.0,"enemies":"Looter","floor":13.0,"turns":3.0},{"damage":13.0,"enemies":"Lagavulin","floor":14.0,"turns":5.0},{"damage":2.0,"enemies":"Slime Boss","floor":16.0,"turns":5.0},{"damage":5.0,"enemies":"3 Byrds","floor":18.0,"turns":4.0},{"damage":15.0,"enemies":"Masked Bandits","floor":21.0,"turns":4.0},{"damage":13.0,"enemies":"Shell Parasite","floor":22.0,"turns":5.0},{"damage":0.0,"enemies":"Book of Stabbing","floor":25.0,"turns":5.0},{"damage":0.0,"enemies":"Snecko","floor":30.0,"turns":4.0},{"damage":23.0,"enemies":"Slavers","floor":31.0,"turns":6.0},{"damage":23.0,"enemies":"Champ","floor":33.0,"turns":9.0},{"damage":0.0,"enemies":"3 Shapes","floor":35.0,"turns":2.0},{"damage":0.0,"enemies":"3 Darklings","floor":37.0,"turns":2.0},{"damage":5.0,"enemies":"Maw","floor":38.0,"turns":6.0},{"damage":6.0,"enemies":"Writhing Mass","floor":40.0,"turns":5.0},{"damage":0.0,"enemies":"2 Orb Walkers","floor":42.0,"turns":3.0},{"damage":0.0,"enemies":"Nemesis","floor":44.0,"turns":3.0},{"damage":0.0,"enemies":"Transient","floor":46.0,"turns":6.0},{"damage":0.0,"enemies":"Awakened One","floor":50.0,"turns":8.0},{"damage":16.0,"enemies":"Donu and Deca","floor":51.0,"turns":5.0},{"damage":44.0,"enemies":"Shield and Spear","floor":55.0,"turns":5.0},{"damage":52,"enemies":"The Heart","floor":56,"turns":5}],"seed_played":"-8084432682684720729","potions_obtained":[{"floor":4.0,"key":"SkillPotion"},{"floor":7.0,"key":"GamblersBrew"},{"floor":10.0,"key":"SteroidPotion"},{"floor":16.0,"key":"Energy Potion"},{"floor":21.0,"key":"LiquidBronze"},{"floor":30.0,"key":"EssenceOfSteel"},{"floor":31.0,"key":"Fire Potion"},{"floor":37.0,"key":"FocusPotion"},{"floor":40.0,"key":"LiquidBronze"},{"floor":42.0,"key":"Block Potion"}],"is_trial":false,"path_per_floor":["M","?","M","M","?","R","M","R","T","M","$","M","M","E","R","B",null,"M","?","$","?","M","R","?","E","T","R","$","R","M","E","R","B",null,"M","$","M","M","?","M","R","?","T","E","?","M","?","$","R","B","B",null,"R","$","E","B"],"character_chosen":"DEFECT","items_purchased":["Cold Snap","Happy Flower","Meteor Strike","Apotheosis"],"campfire_rested":0,"item_purchase_floors":[11,20,36,48],"current_hp_per_floor":[63,63,54,49,42,42,43,43,43,47,47,55,61,55,55,60,63,64,64,64,63,57,57,57,71,71,71,71,71,71,48,48,32,61,61,61,71,71,71,71,71,71,71,71,71,71,71,71,71,71,71,71,71,71,47,0],"gold":59,"neow_bonus":"ONE_RARE_RELIC","is_prod":false,"is_daily":false,"chose_seed":false,"campfire_upgraded":1,"win_rate":0,"timestamp":1559748282,"path_taken":["M","?","M","M","?","R","M","R","T","M","$","M","M","E","R","BOSS","M","?","$","?","M","R","?","E","T","R","?","R","M","E","R","BOSS","M","$","M","M","?","M","R","?","T","E","?","M","?","$","R","BOSS","BOSS","R","$","E","BOSS"],"build_version":"2019-01-23","purchased_purges":3,"victory":false,"max_hp_per_floor":[64,64,64,64,64,64,64,64,64,64,64,64,64,64,64,64,64,64,64,64,64,64,64,64,71,71,71,71,71,71,71,71,71,71,71,71,71,71,71,71,71,71,71,71,71,71,71,71,71,71,71,71,71,71,71,71],"card_choices":[{"not_picked":["Sweeping Beam","Aggregate"],"picked":"Ball Lightning","floor":1.0},{"not_picked":["Static Discharge","Compile Driver"],"picked":"Sweeping Beam","floor":3.0},{"not_picked":["Storm","Compile Driver"],"picked":"Self Repair","floor":4.0},{"not_picked":["Streamline","Hello World"],"picked":"Defragment","floor":7.0},{"not_picked":["Redo","Blizzard"],"picked":"Lockon","floor":10.0},{"not_picked":["Stack","Compile Driver"],"picked":"Conserve Battery","floor":12.0},{"not_picked":["Coolheaded","Gash"],"picked":"Chill","floor":13.0},{"not_picked":["Coolheaded","Cold Snap"],"picked":"Fission","floor":14.0},{"not_picked":["Buffer","Reboot"],"picked":"Echo Form","floor":16.0},{"not_picked":["Scrape","BootSequence"],"picked":"Skim","floor":18.0},{"not_picked":["Conserve Battery","Leap+1"],"picked":"Force Field","floor":21.0},{"not_picked":["Aggregate","Gash+1"],"picked":"Recycle","floor":22.0},{"not_picked":["Gash","Cold Snap"],"picked":"Amplify","floor":25.0},{"not_picked":["Beam Cell","Go for the Eyes","Gash"],"picked":"SKIP","floor":30.0},{"not_picked":["Turbo","Gash","Lockon"],"picked":"SKIP","floor":31.0},{"not_picked":["Amplify","Fission"],"picked":"All For One","floor":33.0},{"not_picked":["Static Discharge","Stack","Compile Driver+1"],"picked":"SKIP","floor":35.0},{"not_picked":["Beam Cell+1","Ball Lightning","Gash"],"picked":"SKIP","floor":37.0},{"not_picked":["Melter","Sweeping Beam+1"],"picked":"Darkness+1","floor":38.0},{"not_picked":["Ball Lightning","Hologram+1"],"picked":"Echo Form","floor":40.0},{"not_picked":["Force Field","Leap","Sunder"],"picked":"SKIP","floor":44.0},{"not_picked":["Gash","Redo","Melter"],"picked":"SKIP","floor":46.0},{"not_picked":["Beam Cell","Rebound","Storm"],"picked":"SKIP","floor":55.0},{"not_picked":["Beam Cell","Rebound","Storm"],"picked":"SKIP","floor":55.0}],"player_experience":5279185,"relics_obtained":[{"floor":6.0,"key":"Orichalcum"},{"floor":8.0,"key":"Bottled Lightning"},{"floor":14.0,"key":"Mummified Hand"},{"floor":15.0,"key":"DataDisk"},{"floor":21.0,"key":"Red Mask"},{"floor":23.0,"key":"Sundial"},{"floor":25.0,"key":"Strawberry"},{"floor":26.0,"key":"PreservedInsect"},{"floor":29.0,"key":"Potion Belt"},{"floor":31.0,"key":"Gambling Chip"},{"floor":32.0,"key":"Omamori"},{"floor":41.0,"key":"Anchor"},{"floor":42.0,"key":"Turnip"},{"floor":43.0,"key":"Art of War"},{"floor":44.0,"key":"War Paint"},{"floor":53.0,"key":"Bottled Tornado"},{"floor":55.0,"key":"Gremlin Horn"}],"event_choices":[{"damage_healed":0.0,"max_hp_gain":0.0,"max_hp_loss":0.0,"gold_gain":0.0,"cards_transformed":["Strike_B"],"event_name":"Living Wall","player_choice":"Change","floor":2.0,"gold_loss":0.0,"damage_taken":0.0,"cards_obtained":["White Noise"]},{"cards_removed":["Strike_B"],"damage_healed":0.0,"max_hp_gain":0.0,"max_hp_loss":0.0,"gold_gain":0.0,"event_name":"Golden Wing","player_choice":"Card Removal","floor":5.0,"gold_loss":0.0,"damage_taken":7.0},{"damage_healed":0.0,"max_hp_gain":0.0,"max_hp_loss":0.0,"gold_gain":0.0,"event_name":"The Mausoleum","player_choice":"Opened","floor":19.0,"gold_loss":0.0,"damage_taken":0.0,"relics_obtained":["Smiling Mask"],"cards_obtained":["Writhe"]},{"damage_healed":0.0,"max_hp_gain":0.0,"max_hp_loss":0.0,"gold_gain":0.0,"event_name":"Masked Bandits","player_choice":"Fought Bandits","floor":21.0,"gold_loss":0.0,"damage_taken":0.0},{"damage_healed":0.0,"max_hp_gain":0.0,"max_hp_loss":0.0,"gold_gain":0.0,"cards_transformed":["Strike_B","Defend_B"],"event_name":"Drug Dealer","player_choice":"Became Test Subject","floor":24.0,"gold_loss":0.0,"damage_taken":0.0,"cards_obtained":["Go for the Eyes","Force Field"]},{"cards_removed":["Defend_B"],"damage_healed":0.0,"max_hp_gain":0.0,"max_hp_loss":0.0,"gold_gain":0.0,"event_name":"Falling","player_choice":"Removed Skill","floor":39.0,"gold_loss":0.0,"damage_taken":0.0},{"damage_healed":0.0,"max_hp_gain":0.0,"max_hp_loss":0.0,"gold_gain":0.0,"event_name":"Mysterious Sphere","player_choice":"Fight","floor":42.0,"gold_loss":0.0,"damage_taken":0.0},{"damage_healed":14.0,"max_hp_gain":0.0,"max_hp_loss":0.0,"gold_gain":0.0,"event_name":"Winding Halls","player_choice":"Writhe","floor":45.0,"gold_loss":0.0,"damage_taken":0.0,"cards_obtained":["Writhe"]},{"damage_healed":0.0,"max_hp_gain":0.0,"max_hp_loss":0.0,"gold_gain":0.0,"cards_transformed":["Defend_B"],"event_name":"Transmorgrifier","player_choice":"Transformed","floor":47.0,"gold_loss":0.0,"damage_taken":0.0,"cards_obtained":["Force Field"]}],"is_beta":false,"boss_relics":[{"not_picked":["Coffee Dripper","Empty Cage"],"picked":"Snecko Eye"},{"not_picked":["Busted Crown","Tiny House"],"picked":"Philosopher\u0027s Stone"}],"items_purged_floors":[11,20,28],"is_endless":false,"potions_floor_spawned":[4,7,10,16,21,30,31,37,40,42,44],"killed_by":"The Heart","ascension_level":20}