{"gold_per_floor":[110,126,144,144,144,172,172,197,220,271,271,287,320,320,320,320],"floor_reached":16,"playtime":286,"items_purged":[],"score":236,"play_id":"827c7ee6-06dd-48d0-9eda-1f7e649419ad","local_time":"20190710235420","is_ascension_mode":true,"campfire_choices":[{"data":"Perfected Strike","floor":7,"key":"SMITH"},{"data":"Bash","floor":11,"key":"SMITH"},{"data":"Juggernaut","floor":15,"key":"SMITH"}],"neow_cost":"NONE","seed_source_timestamp":22181873364500,"circlet_count":0,"master_deck":["AscendersBane","Strike_R","Strike_R","Strike_R","Strike_R","Strike_R","Defend_R","Defend_R","Defend_R","Defend_R","Bash+1","Hemokinesis+1","Rupture","Perfected Strike+1","Twin Strike","Seeing Red","Wild Strike","Juggernaut+1"],"relics":["Burning Blood","Blood Vial","Bag of Preparation","Bronze Scales","Strawberry","Omamori","Anchor","WarpedTongs"],"potions_floor_usage":[6,8,12,16],"damage_taken":[{"damage":7,"enemies":"Jaw Worm","floor":1,"turns":5},{"damage":13,"enemies":"Small Slimes","floor":2,"turns":3},{"damage":4,"enemies":"Cultist","floor":3,"turns":3},{"damage":22,"enemies":"Gremlin Nob","floor":6,"turns":4},{"damage":19,"enemies":"Lagavulin","floor":8,"turns":5},{"damage":11,"enemies":"Red Slaver","floor":12,"turns":3},{"damage":10,"enemies":"Gremlin Nob","floor":13,"turns":3},{"damage":65,"enemies":"Slime Boss","floor":16,"turns":6}],"seed_played":"-3533076764470691216","potions_obtained":[{"floor":2,"key":"PowerPotion"},{"floor":3,"key":"Block Potion"},{"floor":8,"key":"Regen Potion"},{"floor":12,"key":"GamblersBrew"}],"is_trial":false,"path_per_floor":["M","M","M","?","?","E","R","E","T","T","R","M","E","?","R","B"],"character_chosen":"IRONCLAD","items_purchased":[],"campfire_rested":0,"item_purchase_floors":[],"current_hp_per_floor":[69,64,68,68,68,54,54,43,50,50,50,56,54,54,54,0],"gold":320,"neow_bonus":"RANDOM_COMMON_RELIC","is_prod":false,"is_daily":false,"chose_seed":false,"campfire_upgraded":3,"win_rate":0,"timestamp":1562770460,"path_taken":["M","M","M","?","?","E","R","E","T","?","R","M","E","?","R","BOSS"],"build_version":"2019-07-05","purchased_purges":0,"victory":false,"max_hp_per_floor":[75,75,75,75,75,75,75,75,82,82,82,82,82,82,82,82],"card_choices":[{"not_picked":["Twin Strike","Bloodletting"],"picked":"Hemokinesis","floor":1},{"not_picked":["Feel No Pain","Body Slam"],"picked":"Rupture","floor":2},{"not_picked":["True Grit","Warcry"],"picked":"Perfected Strike","floor":3},{"not_picked":["Heavy Blade","Dropkick"],"picked":"Twin Strike","floor":6},{"not_picked":["Body Slam","True Grit"],"picked":"Seeing Red","floor":8},{"not_picked":["Thunderclap","Iron Wave"],"picked":"Wild Strike","floor":12},{"not_picked":["Armaments","Searing Blow"],"picked":"Juggernaut","floor":13}],"player_experience":5637859,"relics_obtained":[{"floor":6,"key":"Bag of Preparation"},{"floor":8,"key":"Bronze Scales"},{"floor":9,"key":"Strawberry"},{"floor":10,"key":"Omamori"},{"floor":13,"key":"Anchor"}],"event_choices":[{"damage_healed":0,"gold_gain":0,"player_choice":"Grow","damage_taken":0,"max_hp_gain":0,"max_hp_loss":0,"event_name":"Living Wall","floor":4,"gold_loss":0,"cards_upgraded":["Hemokinesis"]},{"damage_healed":0,"gold_gain":0,"player_choice":"Ignored","damage_taken":0,"max_hp_gain":0,"max_hp_loss":0,"event_name":"Liars Game","floor":5,"gold_loss":0},{"damage_healed":0,"gold_gain":0,"player_choice":"Rummage","damage_taken":0,"relics_obtained":["WarpedTongs"],"max_hp_gain":0,"max_hp_loss":0,"event_name":"Accursed Blacksmith","floor":14,"gold_loss":0,"cards_obtained":["Pain"]}],"is_beta":false,"boss_relics":[],"items_purged_floors":[],"is_endless":false,"potions_floor_spawned":[2,3,8,12],"killed_by":"Slime Boss","ascension_level":20}