{"gold_per_floor":[12,28,47,65,65,65,90,90,90,122,122,139,214,245,257,269],"floor_reached":16,"playtime":364,"items_purged":[],"score":240,"play_id":"879822f9-cc67-45b0-855c-bfe1f712a4e5","local_time":"20190722012203","is_ascension_mode":true,"campfire_choices":[{"data":"Immolate","floor":6,"key":"SMITH"},{"data":"Bludgeon","floor":8,"key":"SMITH"},{"data":"Feel No Pain","floor":11,"key":"SMITH"},{"data":"Disarm","floor":15,"key":"SMITH"}],"neow_cost":"NO_GOLD","seed_source_timestamp":97407431713700,"circlet_count":0,"master_deck":["AscendersBane","Strike_R+1","Strike_R","Strike_R","Strike_R","Defend_R","Defend_R","Defend_R","Defend_R","Bash+1","Immolate+1","Feel No Pain+1","Feel No Pain","Infernal Blade","Bludgeon+1","Immolate+1","Warcry","Disarm+1"],"relics":["Burning Blood","Whetstone","Molten Egg 2","Bottled Flame","MawBank"],"potions_floor_usage":[7],"damage_taken":[{"damage":0,"enemies":"Small Slimes","floor":1,"turns":2},{"damage":11,"enemies":"2 Louse","floor":2,"turns":2},{"damage":2,"enemies":"Jaw Worm","floor":3,"turns":5},{"damage":1,"enemies":"2 Fungi Beasts","floor":4,"turns":3},{"damage":8,"enemies":"Gremlin Nob","floor":7,"turns":3},{"damage":17,"enemies":"3 Sentries","floor":10,"turns":6},{"damage":8,"enemies":"Large Slime","floor":12,"turns":4},{"damage":28,"enemies":"Lagavulin","floor":14,"turns":7},{"damage":13,"enemies":"Hexaghost","floor":16,"turns":9}],"seed_played":"3102114758819158059","potions_obtained":[{"floor":4,"key":"AttackPotion"},{"floor":10,"key":"GamblersBrew"},{"floor":12,"key":"SpeedPotion"}],"is_trial":false,"path_per_floor":["M","M","M","M","?","R","E","R","T","E","R","M","?","E","R","B"],"character_chosen":"IRONCLAD","items_purchased":[],"campfire_rested":0,"item_purchase_floors":[],"current_hp_per_floor":[74,69,73,75,68,68,66,66,66,55,55,53,42,20,20,7],"gold":269,"neow_bonus":"THREE_RARE_CARDS","is_prod":false,"is_daily":false,"chose_seed":false,"campfire_upgraded":4,"win_rate":0,"timestamp":1563726123,"path_taken":["M","M","M","M","?","R","E","R","T","E","R","M","?","E","R","BOSS"],"build_version":"2019-07-17","purchased_purges":0,"victory":false,"max_hp_per_floor":[75,75,75,75,75,75,75,75,75,75,75,75,75,75,75,75],"card_choices":[{"not_picked":["Offering","Reaper"],"picked":"Immolate","floor":0},{"not_picked":["True Grit","Havoc"],"picked":"Feel No Pain","floor":1},{"not_picked":["Body Slam","Clothesline","Sword Boomerang"],"picked":"SKIP","floor":2},{"not_picked":["Body Slam","Iron Wave"],"picked":"Feel No Pain","floor":3},{"not_picked":["Shockwave","Armaments"],"picked":"Infernal Blade","floor":4},{"not_picked":["Evolve","Dark Embrace"],"picked":"Bludgeon","floor":7},{"not_picked":["Warcry","Pommel Strike+1"],"picked":"Immolate+1","floor":10},{"not_picked":["Infernal Blade","Metallicize"],"picked":"Warcry","floor":12},{"not_picked":["Sentinel","Wild Strike+1"],"picked":"Disarm","floor":14}],"player_experience":5772242,"relics_obtained":[{"floor":7,"key":"Whetstone"},{"floor":9,"key":"Molten Egg 2"},{"floor":10,"key":"Bottled Flame"},{"floor":14,"key":"MawBank"}],"event_choices":[{"cards_removed":["Strike_R"],"damage_healed":0,"gold_gain":0,"player_choice":"Card Removal","damage_taken":7,"max_hp_gain":0,"max_hp_loss":0,"event_name":"Golden Wing","floor":5,"gold_loss":0},{"damage_healed":0,"gold_gain":75,"player_choice":"Gather Gold","damage_taken":11,"max_hp_gain":0,"max_hp_loss":0,"event_name":"World of Goop","floor":13,"gold_loss":0}],"is_beta":false,"boss_relics":[],"items_purged_floors":[],"is_endless":false,"potions_floor_spawned":[4,10,12,14],"killed_by":"Hexaghost","ascension_level":20}