{"gold_per_floor":[119,131,151,170,185,185,19,54,54,54,54,22,22,57,57,135,135,154,165,105,120,120,120,138,148,175,175,192,209,226,226,226,226],"floor_reached":33,"playtime":875,"items_purged":["Strike_R"],"score":547,"play_id":"1e461b91-ac64-4657-98ee-49e8cd641368","local_time":"20190606004136","is_ascension_mode":true,"campfire_choices":[{"data":"Blood for Blood","floor":6,"key":"SMITH"},{"data":"Inflame","floor":10,"key":"SMITH"},{"floor":13,"key":"REST"},{"data":"Blood for Blood","floor":15,"key":"SMITH"},{"floor":23,"key":"REST"},{"floor":32,"key":"REST"}],"neow_cost":"TEN_PERCENT_HP_LOSS","seed_source_timestamp":874691020055300,"circlet_count":0,"master_deck":["AscendersBane","Strike_R","Strike_R+1","Strike_R","Defend_R+1","Defend_R","Defend_R","Defend_R","Bash","Feed","Blood for Blood+1","Wild Strike","Wild Strike","Clothesline","Offering","Inflame+1","Double Tap","Blood for Blood+1","Headbutt","Brutality","Dual Wield+1","Uppercut+1","True Grit","Armaments","Second Wind"],"relics":["Burning Blood","Dodecahedron","The Courier","Omamori","Runic Pyramid","Art of War"],"potions_floor_usage":[4,5,8,28,29,30,30,33],"damage_taken":[{"damage":8,"enemies":"2 Louse","floor":1,"turns":3},{"damage":23,"enemies":"Jaw Worm","floor":2,"turns":6},{"damage":14,"enemies":"Small Slimes","floor":3,"turns":5},{"damage":3,"enemies":"3 Louse","floor":4,"turns":3},{"damage":29,"enemies":"Exordium Thugs","floor":5,"turns":7},{"damage":14,"enemies":"Gremlin Nob","floor":8,"turns":3},{"damage":20,"enemies":"Lagavulin","floor":14,"turns":7},{"damage":25,"enemies":"Hexaghost","floor":16,"turns":7},{"damage":27,"enemies":"Shell Parasite","floor":18,"turns":3},{"damage":27,"enemies":"2 Thieves","floor":19,"turns":4},{"damage":19,"enemies":"Cultist and Chosen","floor":21,"turns":3},{"damage":18,"enemies":"3 Cultists","floor":24,"turns":3},{"damage":17,"enemies":"Centurion and Healer","floor":25,"turns":3},{"damage":22,"enemies":"Snake Plant","floor":28,"turns":4},{"damage":12,"enemies":"Cultist and Chosen","floor":29,"turns":4},{"damage":20,"enemies":"Shelled Parasite and Fungi","floor":30,"turns":2},{"damage":101,"enemies":"Automaton","floor":33,"turns":6}],"seed_played":"-7656294282252633352","potions_obtained":[{"floor":2,"key":"Explosive Potion"},{"floor":4,"key":"BloodPotion"},{"floor":5,"key":"GamblersBrew"},{"floor":19,"key":"BloodPotion"},{"floor":24,"key":"FearPotion"},{"floor":29,"key":"EntropicBrew"}],"is_trial":false,"path_per_floor":["M","M","M","M","M","R","$","E","T","R","?","$","R","E","R","B",null,"M","M","$","M","?","R","M","M","T","?","M","M","M","?","R","B"],"character_chosen":"IRONCLAD","items_purchased":["Offering","Inflame","Blood for Blood"],"campfire_rested":3,"item_purchase_floors":[7,7,12],"current_hp_per_floor":[69,55,50,56,44,44,44,39,39,39,13,13,38,27,27,8,69,51,33,33,23,23,52,43,32,32,32,29,23,12,12,44,0],"gold":226,"neow_bonus":"THREE_RARE_CARDS","is_prod":false,"is_daily":false,"chose_seed":false,"campfire_upgraded":3,"win_rate":0,"timestamp":1559749296,"path_taken":["M","M","M","M","M","R","$","E","T","R","?","?","R","E","R","BOSS","M","M","$","M","?","R","M","M","T","?","?","M","?","?","R","BOSS"],"build_version":"2019-01-23","purchased_purges":1,"victory":false,"max_hp_per_floor":[71,74,77,80,83,83,83,86,86,86,86,86,86,89,89,89,89,92,95,95,98,98,98,101,101,101,101,104,104,107,107,107,107],"card_choices":[{"not_picked":["Brutality","Dark Embrace"],"picked":"Feed","floor":0},{"not_picked":["Anger","Perfected Strike"],"picked":"Blood for Blood","floor":1},{"not_picked":["Cleave","Heavy Blade"],"picked":"Wild Strike","floor":2},{"not_picked":["Wild Strike","Sword Boomerang","Pommel Strike"],"picked":"SKIP","floor":3},{"not_picked":["Burning Pact","Searing Blow"],"picked":"Wild Strike","floor":4},{"not_picked":["Body Slam","Flex"],"picked":"Clothesline","floor":5},{"not_picked":["Sword Boomerang","True Grit"],"picked":"Double Tap","floor":8},{"not_picked":["Power Through","Intimidate"],"picked":"Headbutt","floor":14},{"not_picked":["Bludgeon","Berserk"],"picked":"Brutality","floor":16},{"not_picked":["Pommel Strike","Cleave"],"picked":"Dual Wield+1","floor":18},{"not_picked":["Heavy Blade","Seeing Red"],"picked":"Uppercut+1","floor":19},{"not_picked":["Iron Wave","Havoc","Flame Barrier"],"picked":"SKIP","floor":21},{"not_picked":["Dark Embrace","Cleave","Infernal Blade"],"picked":"SKIP","floor":24},{"not_picked":["Sentinel","Spot Weakness"],"picked":"True Grit","floor":25},{"not_picked":["Sword Boomerang","Pommel Strike","Havoc"],"picked":"SKIP","floor":28},{"not_picked":["Warcry","Flame Barrier"],"picked":"Armaments","floor":29},{"not_picked":["Intimidate","Sword Boomerang"],"picked":"Second Wind","floor":30}],"player_experience":5281734,"relics_obtained":[{"floor":8,"key":"Dodecahedron"},{"floor":9,"key":"The Courier"},{"floor":14,"key":"Omamori"},{"floor":26,"key":"Art of War"}],"event_choices":[{"damage_healed":0,"gold_gain":0,"player_choice":"Entered Light","damage_taken":26,"max_hp_gain":0,"max_hp_loss":0,"event_name":"Shining Light","floor":11,"gold_loss":0,"cards_upgraded":["Defend_R","Strike_R"]},{"damage_healed":0,"gold_gain":0,"player_choice":"Ignored","damage_taken":0,"max_hp_gain":0,"max_hp_loss":0,"event_name":"Cursed Tome","floor":22,"gold_loss":0},{"damage_healed":0,"gold_gain":0,"player_choice":"Ignored","damage_taken":0,"max_hp_gain":0,"max_hp_loss":0,"event_name":"Ghosts","floor":27,"gold_loss":0},{"cards_removed":["Strike_R"],"damage_healed":0,"gold_gain":0,"player_choice":"Purged","damage_taken":0,"max_hp_gain":0,"max_hp_loss":0,"event_name":"Purifier","floor":31,"gold_loss":0}],"is_beta":false,"boss_relics":[{"not_picked":["Tiny House","Eternal Feather"],"picked":"Runic Pyramid"}],"items_purged_floors":[20],"is_endless":false,"potions_floor_spawned":[2,4,5,19,24,25,29],"killed_by":"Automaton","ascension_level":20}