{"gold_per_floor":[159,334,352,372,385,385,404,404,404,331,347,347,347,41,41,140,140,150,150,169,169,169],"floor_reached":22,"playtime":621,"items_purged":[],"score":176,"play_id":"26f2d359-dafb-45be-bea4-9fdc2edc4c7e","local_time":"20190703190710","is_ascension_mode":false,"campfire_choices":[{"data":"Perfected Strike","floor":6,"key":"SMITH"},{"data":"Spot Weakness","floor":8,"key":"SMITH"},{"floor":13,"key":"REST"},{"data":"Apotheosis","floor":15,"key":"SMITH"}],"neow_cost":"NONE","seed_source_timestamp":1058985209065798,"circlet_count":0,"master_deck":["Strike_R","Strike_R","Strike_R","Strike_R","Strike_R","Defend_R","Defend_R+1","Defend_R","Defend_R","Bash","Perfected Strike+1","Twin Strike","Doubt","True Grit","Spot Weakness+1","Cleave","Inflame","Dual Wield","Perfected Strike","Apotheosis+1","Double Tap","Limit Break","Perfected Strike","Headbutt"],"relics":["Tiny House"],"potions_floor_usage":[11],"damage_taken":[{"damage":6,"enemies":"2 Louse","floor":1,"turns":2},{"damage":4,"enemies":"Small Slimes","floor":3,"turns":5},{"damage":0,"enemies":"Jaw Worm","floor":4,"turns":3},{"damage":6,"enemies":"Exordium Wildlife","floor":5,"turns":2},{"damage":11,"enemies":"Red Slaver","floor":7,"turns":5},{"damage":35,"enemies":"Exordium Thugs","floor":11,"turns":5},{"damage":26,"enemies":"The Guardian","floor":16,"turns":9},{"damage":10,"enemies":"Spheric Guardian","floor":18,"turns":3},{"damage":36,"enemies":"Shell Parasite","floor":20,"turns":5},{"damage":49,"enemies":"Sentry and Sphere","floor":22,"turns":5}],"seed_played":"-2144833185812063494","potions_obtained":[{"floor":0,"key":"SteroidPotion"},{"floor":3,"key":"FairyPotion"},{"floor":5,"key":"SneckoOil"},{"floor":7,"key":"Regen Potion"},{"floor":11,"key":"Ancient Potion"}],"is_trial":false,"path_per_floor":["M","?","M","M","M","R","M","R","T","$","M","?","R","$","R","B",null,"M","$","M","?","M"],"character_chosen":"IRONCLAD","items_purchased":["Dual Wield","Apotheosis","Double Tap"],"campfire_rested":1,"item_purchase_floors":[10,14,14],"current_hp_per_floor":[79,79,75,75,69,69,58,58,58,58,35,35,60,60,60,34,85,75,75,39,39,0],"gold":169,"neow_bonus":"BOSS_RELIC","is_prod":false,"is_daily":false,"chose_seed":false,"campfire_upgraded":3,"win_rate":0,"timestamp":1562177230,"path_taken":["M","?","M","M","M","R","M","R","T","$","M","?","R","?","R","BOSS","M","$","M","?","M"],"build_version":"2019-07-01","purchased_purges":0,"victory":false,"max_hp_per_floor":[85,85,85,85,85,85,85,85,85,85,85,85,85,85,85,85,85,85,85,85,85,85],"card_choices":[{"not_picked":["Heavy Blade","Twin Strike"],"picked":"Perfected Strike","floor":0},{"not_picked":["Iron Wave","Entrench"],"picked":"Twin Strike","floor":1},{"not_picked":["Iron Wave","Anger"],"picked":"True Grit","floor":3},{"not_picked":["Hemokinesis","Entrench"],"picked":"Spot Weakness","floor":4},{"not_picked":["Havoc","Clothesline"],"picked":"Cleave","floor":5},{"not_picked":["Metallicize","Warcry"],"picked":"Inflame","floor":7},{"not_picked":["Headbutt","Warcry"],"picked":"Perfected Strike","floor":11},{"not_picked":["Offering","Brutality"],"picked":"Limit Break","floor":16},{"not_picked":["Iron Wave","Battle Trance+1"],"picked":"Perfected Strike","floor":18},{"not_picked":["Power Through","Rupture"],"picked":"Headbutt","floor":20}],"player_experience":98433,"relics_obtained":[],"event_choices":[{"damage_healed":0,"gold_gain":175,"player_choice":"AGREE","damage_taken":0,"max_hp_gain":0,"max_hp_loss":0,"event_name":"Liars Game","floor":2,"gold_loss":0,"cards_obtained":["Doubt"]},{"damage_healed":0,"gold_gain":0,"player_choice":"Fled","damage_taken":0,"max_hp_gain":0,"max_hp_loss":0,"event_name":"Scrap Ooze","floor":12,"gold_loss":0},{"damage_healed":0,"gold_gain":0,"player_choice":"Ignored","damage_taken":0,"max_hp_gain":0,"max_hp_loss":0,"event_name":"Transmorgrifier","floor":21,"gold_loss":0}],"is_beta":false,"boss_relics":[{"not_picked":["Ectoplasm","Astrolabe","Calling Bell"]}],"items_purged_floors":[],"is_endless":false,"potions_floor_spawned":[3,5,7,11],"killed_by":"Sentry and Sphere","ascension_level":0}