{"gold_per_floor":[114,129,140,151,151,151,179,179,179,179,192,225,225,250,250,339,339,362,376,42,63,63,63,87,121,121,121,144,144,158,177,177,270,270,286,301,301,317,333,372,372,395,420,420,436,454,477,496,496,496,496,496,496,13,49,49],"floor_reached":57,"playtime":2515,"items_purged":["Strike_R"],"score":2873,"play_id":"6a2c0527-4f8b-404b-aeda-bf48e36606c3","local_time":"20190414041927","is_ascension_mode":true,"campfire_choices":[{"data":"Demon Form","floor":8.0,"key":"SMITH"},{"data":"Evolve","floor":13.0,"key":"SMITH"},{"data":"Uppercut","floor":15.0,"key":"SMITH"},{"floor":23.0,"key":"REST"},{"floor":29.0,"key":"REST"},{"floor":32.0,"key":"REST"},{"floor":41,"key":"RECALL"},{"floor":44,"key":"REST"},{"floor":49,"key":"REST"},{"floor":53,"key":"REST"}],"neow_cost":"NONE","seed_source_timestamp":186718064614200,"circlet_count":0,"master_deck":["AscendersBane","Strike_R","Strike_R","Defend_R","Defend_R","Defend_R","Defend_R","Bash","Cleave","Uppercut+1","Second Wind","Fiend Fire","Demon Form+1","Evolve+1","Warcry+1","Shrug It Off+1","Corruption","Armaments+1","Heavy Blade","Limit Break+1","Sentinel+1","Bludgeon","True Grit+1","Feed","Heavy Blade+1","Shockwave+1","Impervious+1","Ghostly Armor+1","Corruption","Ghostly Armor+1","Berserk","Dark Embrace","Disarm+1","Reaper","Shrug It Off+1","Barricade","Flame Barrier+1","Armaments+1","Burning Pact+1","Armaments+1","Offering+1"],"special_seed":0,"relics":["Burning Blood","Nunchaku","Golden Idol","Toxic Egg 2","Snecko Eye","Prayer Wheel","Happy Flower","Kunai","Fusion Hammer","Boot","Smiling Mask","Vajra","Art of War","Thread and Needle"],"potions_floor_usage":[33,56,56],"damage_taken":[{"damage":7.0,"enemies":"Cultist","floor":1.0,"turns":4.0},{"damage":3.0,"enemies":"2 Louse","floor":2.0,"turns":4.0},{"damage":7.0,"enemies":"Small Slimes","floor":3.0,"turns":3.0},{"damage":1.0,"enemies":"2 Fungi Beasts","floor":4.0,"turns":3.0},{"damage":26.0,"enemies":"Gremlin Nob","floor":7.0,"turns":4.0},{"damage":12.0,"enemies":"Exordium Thugs","floor":11.0,"turns":5.0},{"damage":25.0,"enemies":"Lagavulin","floor":12.0,"turns":7.0},{"damage":26.0,"enemies":"Lots of Slimes","floor":14.0,"turns":4.0},{"damage":5.0,"enemies":"Hexaghost","floor":16.0,"turns":8.0},{"damage":23.0,"enemies":"3 Byrds","floor":18.0,"turns":5.0},{"damage":23.0,"enemies":"Shell Parasite","floor":19.0,"turns":4.0},{"damage":6.0,"enemies":"Chosen and Byrds","floor":21.0,"turns":5.0},{"damage":10.0,"enemies":"Cultist and Chosen","floor":24.0,"turns":5.0},{"damage":37.0,"enemies":"Book of Stabbing","floor":25.0,"turns":4.0},{"damage":0.0,"enemies":"Snake Plant","floor":28.0,"turns":3.0},{"damage":15.0,"enemies":"Centurion and Healer","floor":30.0,"turns":4.0},{"damage":13.0,"enemies":"Shelled Parasite and Fungi","floor":31.0,"turns":5.0},{"damage":18,"enemies":"Automaton","floor":33,"turns":6},{"damage":24,"enemies":"3 Shapes","floor":35,"turns":5},{"damage":9,"enemies":"Orb Walker","floor":36,"turns":5},{"damage":19,"enemies":"Jaw Worm Horde","floor":38,"turns":3},{"damage":2,"enemies":"Transient","floor":39,"turns":6},{"damage":0,"enemies":"Nemesis","floor":40,"turns":5},{"damage":2,"enemies":"3 Darklings","floor":42,"turns":4},{"damage":7,"enemies":"Jaw Worm Horde","floor":45,"turns":6},{"damage":20,"enemies":"Sphere and 2 Shapes","floor":46,"turns":5},{"damage":0,"enemies":"3 Darklings","floor":47,"turns":6},{"damage":11,"enemies":"Writhing Mass","floor":48,"turns":5},{"damage":0,"enemies":"Donu and Deca","floor":50,"turns":4},{"damage":63,"enemies":"Awakened One","floor":51,"turns":9},{"damage":77,"enemies":"Shield and Spear","floor":55,"turns":11},{"damage":59,"enemies":"The Heart","floor":56,"turns":7}],"seed_played":"-5684927097820485187","potions_obtained":[{"floor":3.0,"key":"EssenceOfSteel"},{"floor":4.0,"key":"Weak Potion"},{"floor":14.0,"key":"Dexterity Potion"},{"floor":18.0,"key":"GamblersBrew"},{"floor":21.0,"key":"AttackPotion"},{"floor":25.0,"key":"Block Potion"},{"floor":28.0,"key":"Strength Potion"},{"floor":38,"key":"FearPotion"},{"floor":40,"key":"Strength Potion"},{"floor":45,"key":"Regen Potion"}],"is_trial":false,"path_per_floor":["M","M","M","M","?","?","E","R","T","?","M","E","R","M","R","B",null,"M","M","$","M","?","R","M","E","T","?","M","R","M","M","R","B",null,"M","M","?","M","M","E","R","M","T","R","M","M","M","M","R","B","B",null,"R","$","E","B",null],"character_chosen":"IRONCLAD","items_purchased":["Prayer Wheel","Burning Pact+1","Armaments+1","Vajra","Art of War"],"campfire_rested":6,"item_purchase_floors":[20,54,54,54,54],"current_hp_per_floor":[74,77,76,81,86,79,59,59,59,59,53,34,34,14,14,15,63,46,29,29,29,29,52,48,17,17,17,23,46,37,34,58,46,74,59,59,59,50,54,60,60,67,67,95,96,99,102,100,105,108,91,107,112,112,103,102],"gold":49,"neow_bonus":"TEN_PERCENT_HP_BONUS","is_prod":false,"is_daily":false,"chose_seed":false,"campfire_upgraded":3,"win_rate":0,"timestamp":1555183167,"path_taken":["M","M","M","?","?","?","E","R","T","?","M","E","R","M","R","BOSS","M","M","$","M","?","R","?","E","T","?","M","R","M","M","R","BOSS","M","M","?","M","M","E","R","M","T","R","M","M","M","M","R","BOSS","BOSS","R","$","E","BOSS"],"build_version":"2019-01-23","purchased_purges":1,"victory":true,"max_hp_per_floor":[82,82,82,82,87,87,87,87,87,79,79,79,79,79,79,79,79,79,79,79,79,79,79,79,79,79,79,79,79,79,83,83,83,83,86,89,89,93,93,93,93,96,96,96,96,99,102,105,105,108,112,112,112,112,115,119],"card_choices":[{"not_picked":["Seeing Red","Heavy Blade"],"picked":"Cleave","floor":1.0},{"not_picked":["Pommel Strike","Flex"],"picked":"Uppercut","floor":2.0},{"not_picked":["Anger","Headbutt"],"picked":"Second Wind","floor":3.0},{"not_picked":["Anger","Rupture"],"picked":"Fiend Fire","floor":4.0},{"not_picked":["Whirlwind","Searing Blow"],"picked":"Demon Form","floor":7.0},{"not_picked":["Twin Strike","Cleave","Body Slam"],"picked":"SKIP","floor":11.0},{"not_picked":["Clothesline","Second Wind"],"picked":"Evolve","floor":12.0},{"not_picked":["Flex+1","Body Slam"],"picked":"Warcry+1","floor":14.0},{"not_picked":["Flex+1","Sever Soul+1"],"picked":"Shrug It Off+1","floor":18.0},{"not_picked":["Carnage","Evolve+1"],"picked":"Corruption","floor":19.0},{"not_picked":["Body Slam","Metallicize"],"picked":"Armaments+1","floor":21.0},{"not_picked":["Rage+1","Twin Strike"],"picked":"Heavy Blade","floor":21.0},{"not_picked":["Perfected Strike","Flex+1"],"picked":"Limit Break+1","floor":24.0},{"not_picked":["Flex+1","Havoc+1","Searing Blow"],"picked":"SKIP","floor":24.0},{"not_picked":["Clothesline","Wild Strike"],"picked":"Sentinel+1","floor":25.0},{"not_picked":["Rage+1","Heavy Blade+1"],"picked":"Bludgeon","floor":28.0},{"not_picked":["Iron Wave","Searing Blow"],"picked":"True Grit+1","floor":28.0},{"not_picked":["Havoc+1","Headbutt"],"picked":"Feed","floor":30.0},{"not_picked":["Iron Wave","Pommel Strike","Perfected Strike"],"picked":"SKIP","floor":30.0},{"not_picked":["Sword Boomerang+1","Pommel Strike"],"picked":"Heavy Blade+1","floor":31.0},{"not_picked":["Heavy Blade","True Grit+1"],"picked":"Shockwave+1","floor":31.0},{"not_picked":["Bludgeon","Berserk"],"picked":"Impervious+1","floor":33},{"not_picked":["Clash+1","Evolve"],"picked":"Ghostly Armor+1","floor":35},{"not_picked":["Carnage","Uppercut","Headbutt"],"picked":"SKIP","floor":35},{"not_picked":["Thunderclap","Pommel Strike+1"],"picked":"Corruption","floor":36},{"not_picked":["Twin Strike+1","Perfected Strike+1"],"picked":"Ghostly Armor+1","floor":36},{"not_picked":["Entrench+1","Body Slam"],"picked":"Dark Embrace","floor":38},{"not_picked":["Iron Wave+1","Pummel+1","Warcry+1"],"picked":"SKIP","floor":38},{"not_picked":["Perfected Strike","Warcry+1","Clash"],"picked":"SKIP","floor":39},{"not_picked":["Headbutt","Anger","Pommel Strike+1"],"picked":"SKIP","floor":39},{"not_picked":["Battle Trance+1","Perfected Strike"],"picked":"Disarm+1","floor":40},{"not_picked":["Corruption","Shockwave+1"],"picked":"Reaper","floor":42},{"not_picked":["Iron Wave","Heavy Blade","Thunderclap"],"picked":"SKIP","floor":42},{"not_picked":["Rampage","Perfected Strike"],"picked":"Shrug It Off+1","floor":45},{"not_picked":["Rupture","Rampage","Warcry+1"],"picked":"SKIP","floor":45},{"not_picked":["Iron Wave","Uppercut","Headbutt"],"picked":"SKIP","floor":46},{"not_picked":["Body Slam+1","Thunderclap","Flex+1"],"picked":"SKIP","floor":46},{"not_picked":["Iron Wave","Uppercut","Headbutt"],"picked":"SKIP","floor":46},{"not_picked":["Body Slam+1","Thunderclap","Flex+1"],"picked":"SKIP","floor":46},{"not_picked":["Shrug It Off+1","Evolve"],"picked":"Barricade","floor":47},{"not_picked":["Havoc+1","Corruption","Anger"],"picked":"SKIP","floor":47},{"not_picked":["Clothesline","Rupture"],"picked":"Flame Barrier+1","floor":48},{"not_picked":["Cleave+1","Corruption"],"picked":"Armaments+1","floor":48},{"not_picked":["Metallicize+1","Second Wind+1"],"picked":"Offering+1","floor":55}],"player_experience":4786481,"relics_obtained":[{"floor":7.0,"key":"Nunchaku"},{"floor":12.0,"key":"Toxic Egg 2"},{"floor":25.0,"key":"Happy Flower"},{"floor":26.0,"key":"Kunai"},{"floor":40,"key":"Boot"},{"floor":43,"key":"Smiling Mask"},{"floor":55,"key":"Thread and Needle"}],"event_choices":[{"damage_healed":0.0,"max_hp_gain":5.0,"max_hp_loss":0.0,"gold_gain":0.0,"event_name":"Big Fish","player_choice":"Donut","floor":5.0,"gold_loss":0.0,"damage_taken":0.0},{"cards_removed":["Strike_R"],"damage_healed":0.0,"max_hp_gain":0.0,"max_hp_loss":0.0,"gold_gain":0.0,"event_name":"Golden Wing","player_choice":"Card Removal","floor":6.0,"gold_loss":0.0,"damage_taken":7.0},{"damage_healed":0.0,"max_hp_gain":0.0,"max_hp_loss":8.0,"gold_gain":0.0,"event_name":"Golden Idol","player_choice":"Lose Max HP","floor":10.0,"gold_loss":0.0,"damage_taken":0.0,"relics_obtained":["Golden Idol"]},{"damage_healed":0.0,"max_hp_gain":0.0,"max_hp_loss":0.0,"gold_gain":0.0,"event_name":"N\u0027loth","player_choice":"Ignored","floor":22.0,"gold_loss":0.0,"damage_taken":0.0},{"damage_healed":0.0,"max_hp_gain":0.0,"max_hp_loss":0.0,"gold_gain":0.0,"event_name":"Cursed Tome","player_choice":"Ignored","floor":27.0,"gold_loss":0.0,"damage_taken":0.0},{"damage_healed":0,"gold_gain":0,"cards_transformed":["Strike_R"],"player_choice":"Transformed","damage_taken":0,"max_hp_gain":0,"max_hp_loss":0,"event_name":"Transmorgrifier","floor":37,"gold_loss":0,"cards_obtained":["Berserk"]}],"is_beta":false,"boss_relics":[{"not_picked":["Cursed Key","Lizard Tail"],"picked":"Snecko Eye"},{"not_picked":["Runic Cube","Orrery"],"picked":"Fusion Hammer"}],"items_purged_floors":[54],"is_endless":false,"potions_floor_spawned":[3,4,14,18,21,25,28,38,40,42,45],"ascension_level":20}