{"gold_per_floor":[119,119,134,13,27,27,55,55,78,95,95,106,106,132,132,235,235,248,262,22,37,57,88,88,88,113,113,113,129,129,139,139,234,234,251,251],"floor_reached":36,"playtime":1148,"items_purged":["Strike_R","Strike_R"],"score":493,"play_id":"1592e0a3-8537-48c6-83f1-916287bfb8a5","local_time":"20190706192055","is_ascension_mode":true,"campfire_choices":[{"data":"Bash","floor":6.0,"key":"SMITH"},{"floor":8.0,"key":"REST"},{"data":"Iron Wave","floor":13.0,"key":"SMITH"},{"data":"Inflame","floor":15.0,"key":"SMITH"},{"floor":28,"key":"REST"},{"floor":30,"key":"REST"},{"floor":32,"key":"REST"}],"neow_cost":"NONE","seed_source_timestamp":1318475954455382,"circlet_count":0,"master_deck":["Strike_R","Strike_R","Defend_R","Defend_R","Defend_R","Defend_R","Bash+1","Cleave+1","Iron Wave+1","Iron Wave+1","Shockwave","Inflame+1","Demon Form+1","Clothesline","Shockwave","Flex","Iron Wave+1","Juggernaut","Infernal Blade+1","Whirlwind","Flame Barrier","Impervious","Berserk","Shrug It Off"],"special_seed":0,"relics":["Burning Blood","Dream Catcher","Happy Flower","Centennial Puzzle","Bird Faced Urn","Sozu","Whetstone","Juzu Bracelet","Black Star"],"potions_floor_usage":[],"damage_taken":[{"damage":7.0,"enemies":"2 Louse","floor":1.0,"turns":3.0},{"damage":1.0,"enemies":"Cultist","floor":3.0,"turns":4.0},{"damage":7.0,"enemies":"Jaw Worm","floor":5.0,"turns":3.0},{"damage":48.0,"enemies":"Lagavulin","floor":7.0,"turns":7.0},{"damage":1.0,"enemies":"Red Slaver","floor":10.0,"turns":4.0},{"damage":8.0,"enemies":"Lots of Slimes","floor":12.0,"turns":2.0},{"damage":2.0,"enemies":"Gremlin Nob","floor":14.0,"turns":4.0},{"damage":19.0,"enemies":"The Guardian","floor":16.0,"turns":11.0},{"damage":4,"enemies":"3 Byrds","floor":18,"turns":4},{"damage":22,"enemies":"Spheric Guardian","floor":19,"turns":4},{"damage":14,"enemies":"3 Cultists","floor":21,"turns":4},{"damage":25,"enemies":"Snake Plant","floor":22,"turns":5},{"damage":44,"enemies":"Slavers","floor":23,"turns":5},{"damage":17,"enemies":"Centurion and Healer","floor":29,"turns":4},{"damage":3,"enemies":"Cultist and Chosen","floor":31,"turns":4},{"damage":69,"enemies":"Automaton","floor":33,"turns":9},{"damage":28,"enemies":"3 Darklings","floor":35,"turns":5},{"damage":63,"enemies":"2 Orb Walkers","floor":36,"turns":5}],"seed_played":"3236970939707387884","potions_obtained":[{"floor":1.0,"key":"SkillPotion"},{"floor":5.0,"key":"SteroidPotion"},{"floor":10.0,"key":"GamblersBrew"},{"floor":12.0,"key":"Swift Potion"}],"is_trial":false,"path_per_floor":["M","?","M","$","M","R","E","R","T","M","?","M","R","E","R","B",null,"M","M","$","M","M","E","?","$","T","?","R","M","R","M","R","B",null,"M","?"],"character_chosen":"IRONCLAD","items_purchased":["Iron Wave","Shockwave","Flex","Iron Wave"],"campfire_rested":4,"item_purchase_floors":[4,20,20,20],"current_hp_per_floor":[79,79,80,80,79,79,37,61,61,66,66,64,64,68,68,57,74,80,64,64,58,43,11,11,11,11,11,35,28,52,57,80,21,65,49,0],"gold":251,"neow_bonus":"RANDOM_COMMON_RELIC","is_prod":false,"is_daily":false,"chose_seed":false,"campfire_upgraded":3,"win_rate":0,"timestamp":1562437255,"path_taken":["M","?","M","$","?","R","E","R","T","M","?","?","R","E","R","BOSS","BOSS","M","?","$","M","M","E","?","$","T","?","R","M","R","M","R","BOSS","M","?"],"build_version":"2019-07-05","purchased_purges":2,"victory":false,"max_hp_per_floor":[80,80,80,80,80,80,80,80,80,80,80,80,80,80,80,80,80,80,80,80,80,80,80,80,80,80,80,80,80,80,80,80,80,80,80,80],"card_choices":[{"not_picked":["Carnage","Havoc","Sentinel"],"picked":"SKIP","floor":1.0},{"not_picked":["Warcry","Searing Blow"],"picked":"Cleave","floor":3.0},{"not_picked":["Havoc","Searing Blow"],"picked":"Iron Wave","floor":5.0},{"not_picked":["Brutality","Evolve","Blood for Blood"],"picked":"SKIP","floor":7.0},{"not_picked":["Evolve","Clothesline"],"picked":"Shockwave","floor":8.0},{"not_picked":["Rupture","Wild Strike","Bloodletting"],"picked":"SKIP","floor":10.0},{"not_picked":["Thunderclap","Clash","Twin Strike"],"picked":"SKIP","floor":12.0},{"not_picked":["Body Slam","Entrench"],"picked":"Inflame","floor":14.0},{"not_picked":["Berserk","Bludgeon"],"picked":"Demon Form","floor":16},{"not_picked":["Body Slam+1","Havoc","Cleave"],"picked":"SKIP","floor":18},{"not_picked":["Wild Strike","Iron Wave"],"picked":"Clothesline","floor":19},{"not_picked":["Perfected Strike","Havoc","Anger"],"picked":"SKIP","floor":21},{"not_picked":["Clash","Armaments+1"],"picked":"Juggernaut","floor":22},{"not_picked":["True Grit","Evolve","Flex"],"picked":"SKIP","floor":23},{"not_picked":["Wild Strike","Heavy Blade"],"picked":"Infernal Blade+1","floor":28},{"not_picked":["Disarm","Anger+1"],"picked":"Whirlwind","floor":29},{"not_picked":["Clothesline","Carnage"],"picked":"Flame Barrier","floor":31},{"not_picked":["Bloodletting","Anger+1"],"picked":"Impervious","floor":32},{"not_picked":["Impervious","Brutality"],"picked":"Berserk","floor":33},{"not_picked":["Metallicize+1","Wild Strike"],"picked":"Shrug It Off","floor":35}],"player_experience":197572,"relics_obtained":[{"floor":7.0,"key":"Happy Flower"},{"floor":9.0,"key":"Centennial Puzzle"},{"floor":14.0,"key":"Bird Faced Urn"},{"floor":23,"key":"Whetstone"},{"floor":26,"key":"Juzu Bracelet"}],"event_choices":[{"cards_removed":["Strike_R"],"damage_healed":0.0,"max_hp_gain":0.0,"max_hp_loss":0.0,"gold_gain":0.0,"event_name":"Wheel of Change","player_choice":"Card Removal","floor":2.0,"gold_loss":0.0,"damage_taken":0.0},{"damage_healed":0.0,"max_hp_gain":0.0,"max_hp_loss":0.0,"gold_gain":0.0,"event_name":"Upgrade Shrine","player_choice":"Upgraded","floor":11.0,"gold_loss":0.0,"damage_taken":0.0,"cards_upgraded":["Iron Wave"]},{"damage_healed":0,"gold_gain":0,"player_choice":"Ignored","damage_taken":0,"max_hp_gain":0,"max_hp_loss":0,"event_name":"Transmorgrifier","floor":24,"gold_loss":0},{"damage_healed":0,"gold_gain":0,"player_choice":"Upgraded","damage_taken":0,"max_hp_gain":0,"max_hp_loss":0,"event_name":"Upgrade Shrine","floor":27,"gold_loss":0,"cards_upgraded":["Demon Form"]},{"damage_healed":0,"gold_gain":0,"player_choice":"Fight","damage_taken":0,"max_hp_gain":0,"max_hp_loss":0,"event_name":"Mysterious Sphere","floor":36,"gold_loss":0}],"is_beta":false,"boss_relics":[{"not_picked":["Tiny House","Coffee Dripper"],"picked":"Sozu"},{"not_picked":["Calling Bell","Runic Cube"],"picked":"Black Star"}],"items_purged_floors":[4,20],"is_endless":false,"potions_floor_spawned":[1,5,10,12,19,22,29,31],"killed_by":"2 Orb Walkers","ascension_level":5}