{"gold_per_floor":[112,128,141,160,10,10,41,56,79,106,106,117,128,142,142,213,213,228,241,60,60,75,109,109,127,152,152,27,27,27,42,42,116,116,126,143,143,159,159,159,189,220,232,274,286,315,327,364,376,388,400,412,424,8,38,38],"floor_reached":57,"playtime":2756,"items_purged":["Strike_B","Strike_B","Strike_B","Barrage"],"score":3052,"play_id":"d130d93a-4162-4ef7-a500-c078e91efa55","local_time":"20190617020536","is_ascension_mode":true,"campfire_choices":[{"data":"Barrage","floor":6.0,"key":"SMITH"},{"data":"Consume","floor":11.0,"key":"SMITH"},{"data":"Hologram","floor":15.0,"key":"SMITH"},{"data":"Coolheaded","floor":24.0,"key":"SMITH"},{"data":"Blizzard","floor":27.0,"key":"SMITH"},{"data":"Conserve Battery","floor":29.0,"key":"SMITH"},{"data":"Conserve Battery","floor":32.0,"key":"SMITH"},{"data":"Lockon","floor":40.0,"key":"SMITH"},{"data":"Buffer","floor":45.0,"key":"SMITH"},{"floor":49.0,"key":"RECALL"},{"data":"Consume","floor":53.0,"key":"SMITH"}],"neow_cost":"","seed_source_timestamp":200282446279200,"circlet_count":0,"master_deck":["Dualcast","Consume+1","Conserve Battery+1","Conserve Battery+1","Conserve Battery","Conserve Battery","Cold Snap","Coolheaded+1","Barrage+1","Hologram+1","Coolheaded","White Noise","Ball Lightning","Electrodynamics","Blizzard+1","Force Field","Skim+1","Buffer+1","Lockon+1","Glacier","Consume+1","Reinforced Body+1","The Bomb","Coolheaded+1"],"special_seed":0,"relics":["Cracked Core","Runic Capacitor","Mercury Hourglass","Blood Vial","Happy Flower","Velvet Choker","Bag of Preparation","Centennial Puzzle","Snecko Eye","MawBank","Question Card","Letter Opener","Membership Card","Cables","Symbiotic Virus"],"potions_floor_usage":[56,56],"damage_taken":[{"damage":0.0,"enemies":"Jaw Worm","floor":1.0,"turns":4.0},{"damage":0.0,"enemies":"Cultist","floor":2.0,"turns":4.0},{"damage":1.0,"enemies":"2 Louse","floor":3.0,"turns":2.0},{"damage":4.0,"enemies":"Gremlin Gang","floor":4.0,"turns":6.0},{"damage":0.0,"enemies":"3 Sentries","floor":7.0,"turns":9.0},{"damage":0.0,"enemies":"2 Fungi Beasts","floor":8.0,"turns":3.0},{"damage":1.0,"enemies":"Lagavulin","floor":10.0,"turns":6.0},{"damage":0.0,"enemies":"Looter","floor":12.0,"turns":3.0},{"damage":0.0,"enemies":"Red Slaver","floor":13.0,"turns":3.0},{"damage":5.0,"enemies":"3 Louse","floor":14.0,"turns":2.0},{"damage":0.0,"enemies":"The Guardian","floor":16.0,"turns":10.0},{"damage":0.0,"enemies":"Spheric Guardian","floor":18.0,"turns":3.0},{"damage":0.0,"enemies":"3 Byrds","floor":19.0,"turns":2.0},{"damage":1.0,"enemies":"Centurion and Healer","floor":22.0,"turns":4.0},{"damage":5.0,"enemies":"Gremlin Leader","floor":23.0,"turns":5.0},{"damage":16.0,"enemies":"Shelled Parasite and Fungi","floor":25.0,"turns":3.0},{"damage":9.0,"enemies":"Snake Plant","floor":31.0,"turns":4.0},{"damage":0.0,"enemies":"Champ","floor":33.0,"turns":11.0},{"damage":0.0,"enemies":"Orb Walker","floor":35.0,"turns":3.0},{"damage":0.0,"enemies":"3 Darklings","floor":36.0,"turns":3.0},{"damage":0.0,"enemies":"Maw","floor":38.0,"turns":6.0},{"damage":0.0,"enemies":"Giant Head","floor":41.0,"turns":9.0},{"damage":0.0,"enemies":"Sphere and 2 Shapes","floor":42.0,"turns":4.0},{"damage":32.0,"enemies":"Reptomancer","floor":44.0,"turns":7.0},{"damage":0.0,"enemies":"3 Darklings","floor":46.0,"turns":3.0},{"damage":0.0,"enemies":"Giant Head","floor":48.0,"turns":10.0},{"damage":11.0,"enemies":"Donu and Deca","floor":50.0,"turns":12.0},{"damage":12.0,"enemies":"Awakened One","floor":51.0,"turns":20.0},{"damage":4.0,"enemies":"Shield and Spear","floor":55.0,"turns":8.0},{"damage":68,"enemies":"The Heart","floor":56,"turns":14}],"seed_played":"1167573037218303009","potions_obtained":[{"floor":1.0,"key":"SkillPotion"},{"floor":2.0,"key":"FearPotion"},{"floor":4.0,"key":"AttackPotion"},{"floor":10.0,"key":"Swift Potion"},{"floor":31.0,"key":"PowerPotion"},{"floor":35.0,"key":"Explosive Potion"},{"floor":48.0,"key":"FearPotion"},{"floor":55.0,"key":"SpeedPotion"}],"is_trial":true,"path_per_floor":["M","M","M","M","$","R","E","M","T","E","R","M","M","M","R","B",null,"M","M","$","?","M","E","R","M","T","R","$","R","?","M","R","B",null,"M","M","?","M","?","R","E","M","T","E","R","M","?","E","R","B","B",null,"R","$","E","B",null],"character_chosen":"DEFECT","items_purchased":["Barrage","Hologram","Blizzard","Membership Card","Cables"],"campfire_rested":0,"item_purchase_floors":[5,5,20,54,54],"current_hp_per_floor":[64,64,63,59,59,59,59,59,59,60,60,62,64,61,61,63,69,71,71,71,71,70,66,66,52,52,52,52,52,52,45,45,47,65,67,69,69,71,81,81,81,81,81,49,49,51,51,53,53,44,34,69,69,69,67,1],"gold":38,"neow_bonus":"","is_prod":false,"is_daily":false,"chose_seed":false,"campfire_upgraded":10,"win_rate":0,"timestamp":1560704736,"path_taken":["M","M","M","M","$","R","E","M","T","E","R","M","M","M","R","BOSS","M","M","$","?","M","E","R","?","T","R","$","R","?","M","R","BOSS","M","M","?","M","?","R","E","M","T","E","R","?","?","E","R","BOSS","BOSS","R","$","E","BOSS"],"build_version":"2019-01-23","purchased_purges":4,"victory":true,"max_hp_per_floor":[71,71,71,71,71,71,71,71,71,71,71,71,71,71,71,71,71,71,71,71,71,71,71,71,71,71,71,71,71,71,71,71,71,71,71,71,71,71,81,81,81,81,81,81,81,81,81,81,81,81,81,81,81,81,81,81],"card_choices":[{"not_picked":["Reinforced Body","Steam","Recycle"],"picked":"SKIP","floor":1.0},{"not_picked":["Beam Cell","Compile Driver"],"picked":"Cold Snap","floor":2.0},{"not_picked":["White Noise","Steam"],"picked":"Coolheaded","floor":3.0},{"not_picked":["Capacitor","White Noise","Darkness"],"picked":"SKIP","floor":4.0},{"not_picked":["Go for the Eyes","Undo","Reinforced Body"],"picked":"SKIP","floor":7.0},{"not_picked":["Steam","Leap","Redo"],"picked":"SKIP","floor":8.0},{"not_picked":["Reinforced Body","White Noise"],"picked":"Coolheaded","floor":10.0},{"not_picked":["Hologram","Buffer"],"picked":"Barrage","floor":12.0},{"not_picked":["Auto Shields","Redo"],"picked":"White Noise","floor":13.0},{"not_picked":["Gash","Aggregate"],"picked":"Ball Lightning","floor":14.0},{"not_picked":["Meteor Strike","Seek"],"picked":"Electrodynamics","floor":16.0},{"not_picked":["Static Discharge","Go for the Eyes+1","Turbo"],"picked":"SKIP","floor":18.0},{"not_picked":["Coolheaded","Double Energy","Rebound"],"picked":"SKIP","floor":19.0},{"not_picked":["Ball Lightning","Streamline","Darkness+1"],"picked":"SKIP","floor":22.0},{"not_picked":["Heatsinks","Cold Snap"],"picked":"Skim+1","floor":23.0},{"not_picked":["Recycle+1","FTL","Steam"],"picked":"SKIP","floor":25.0},{"not_picked":["Compile Driver","Ball Lightning"],"picked":"Seek","floor":31.0},{"not_picked":["Thunder Strike","Core Surge"],"picked":"Buffer","floor":33.0},{"not_picked":["Steam","Streamline"],"picked":"Ball Lightning+1","floor":35.0},{"not_picked":["Turbo+1","Compile Driver","Go for the Eyes"],"picked":"SKIP","floor":36.0},{"not_picked":["Chill","Ball Lightning"],"picked":"Lockon","floor":38.0},{"not_picked":["Sweeping Beam","Reboot"],"picked":"Glacier","floor":41.0},{"not_picked":["Steam","Ball Lightning"],"picked":"Consume","floor":42.0},{"not_picked":["Undo+1","Ball Lightning+1"],"picked":"Reinforced Body+1","floor":44.0},{"not_picked":["Steam","FTL","Streamline","Fusion+1"],"picked":"SKIP","floor":46.0},{"not_picked":["Impatience","Mayhem","Mind Blast"],"picked":"The Bomb","floor":47.0},{"not_picked":["Turbo","Doom and Gloom","Conserve Battery","Stack"],"picked":"SKIP","floor":48.0},{"not_picked":["Compile Driver","Sweeping Beam","Blizzard"],"picked":"Coolheaded+1","floor":55.0}],"player_experience":5383904,"relics_obtained":[{"floor":7.0,"key":"Mercury Hourglass"},{"floor":9.0,"key":"Blood Vial"},{"floor":10.0,"key":"Happy Flower"},{"floor":23.0,"key":"Bag of Preparation"},{"floor":26.0,"key":"Centennial Puzzle"},{"floor":41.0,"key":"MawBank"},{"floor":44.0,"key":"Question Card"},{"floor":48.0,"key":"Letter Opener"},{"floor":55.0,"key":"Symbiotic Virus"}],"event_choices":[{"damage_healed":0.0,"max_hp_gain":0.0,"max_hp_loss":0.0,"gold_gain":0.0,"cards_transformed":["Strike_B"],"event_name":"Transmorgrifier","player_choice":"Transformed","floor":21.0,"gold_loss":0.0,"damage_taken":0.0,"cards_obtained":["Force Field"]},{"damage_healed":0.0,"max_hp_gain":0.0,"max_hp_loss":0.0,"gold_gain":0.0,"event_name":"Ghosts","player_choice":"Ignored","floor":30.0,"gold_loss":0.0,"damage_taken":0.0},{"cards_removed":["Ball Lightning"],"damage_healed":0.0,"max_hp_gain":0.0,"max_hp_loss":0.0,"gold_gain":0.0,"event_name":"Falling","player_choice":"Removed Attack","floor":37.0,"gold_loss":0.0,"damage_taken":0.0},{"cards_removed":["Seek"],"damage_healed":0.0,"max_hp_gain":10.0,"max_hp_loss":0.0,"gold_gain":0.0,"event_name":"Bonfire Elementals","player_choice":"Offered Rare","floor":39.0,"gold_loss":0.0,"damage_taken":0.0},{"damage_healed":0.0,"max_hp_gain":0.0,"max_hp_loss":0.0,"gold_gain":0.0,"event_name":"SensoryStone","player_choice":"Memory 1","floor":47.0,"gold_loss":0.0,"damage_taken":0.0}],"is_beta":false,"boss_relics":[{"not_picked":["Empty Cage","Ectoplasm"],"picked":"Velvet Choker"},{"not_picked":["Astrolabe","Philosopher\u0027s Stone"],"picked":"Snecko Eye"}],"items_purged_floors":[5,20,28,54],"is_endless":false,"potions_floor_spawned":[1,2,4,10,16,19,31,35,38,48,55],"ascension_level":20}