{"gold_per_floor":[113,127,137,156,106,120,120,133,133,133,133,162,162,177,177,277,277,290,302,318,318],"floor_reached":21,"playtime":813,"items_purged":[],"score":194,"play_id":"60fa3cb6-79d2-47aa-b534-a73369f31514","local_time":"20190728180252","is_ascension_mode":true,"campfire_choices":[{"floor":7,"key":"RECALL"},{"floor":13,"key":"REST"},{"data":"Seeing Red","floor":15,"key":"SMITH"}],"neow_cost":"NONE","seed_source_timestamp":1555066767363600,"circlet_count":0,"master_deck":["Strike_R","Strike_R","Strike_R","Defend_R","Defend_R","Defend_R","Defend_R","Bash","Bludgeon","Rupture","Ghostly Armor","Double Tap","Inflame","Spot Weakness","Seeing Red+1","Demon Form","Heavy Blade","Shrug It Off","Warcry+1","Whirlwind+1"],"relics":["Burning Blood","Prayer Wheel","Blue Candle","Paper Frog","Runic Cube"],"potions_floor_usage":[4,6,12,19],"damage_taken":[{"damage":0,"enemies":"Cultist","floor":1,"turns":2},{"damage":0,"enemies":"2 Louse","floor":2,"turns":3},{"damage":3,"enemies":"Small Slimes","floor":3,"turns":2},{"damage":6,"enemies":"3 Louse","floor":4,"turns":2},{"damage":16,"enemies":"Lots of Slimes","floor":6,"turns":4},{"damage":11,"enemies":"Red Slaver","floor":8,"turns":3},{"damage":45,"enemies":"Lagavulin","floor":12,"turns":8},{"damage":2,"enemies":"Large Slime","floor":14,"turns":6},{"damage":40,"enemies":"The Guardian","floor":16,"turns":10},{"damage":35,"enemies":"Shell Parasite","floor":18,"turns":7},{"damage":36,"enemies":"2 Thieves","floor":19,"turns":4},{"damage":20,"enemies":"Snecko","floor":20,"turns":5},{"damage":11,"enemies":"Snake Plant","floor":21,"turns":2}],"seed_played":"7650322803730158791","potions_obtained":[{"floor":2,"key":"Explosive Potion"},{"floor":3,"key":"LiquidBronze"},{"floor":6,"key":"Fire Potion"},{"floor":18,"key":"LiquidBronze"}],"is_trial":false,"path_per_floor":["M","M","M","M","?","M","R","M","T","?","?","E","R","M","R","B",null,"M","M","M","M"],"character_chosen":"IRONCLAD","items_purchased":[],"campfire_rested":1,"item_purchase_floors":[],"current_hp_per_floor":[80,80,80,80,80,70,70,65,65,53,53,14,38,42,42,8,80,51,21,7,0],"gold":318,"neow_bonus":"ONE_RANDOM_RARE_CARD","is_prod":false,"is_daily":false,"chose_seed":false,"campfire_upgraded":1,"win_rate":0,"timestamp":1564354972,"path_taken":["M","M","M","?","?","M","R","M","T","?","?","E","R","M","R","BOSS","M","M","M","?"],"build_version":"2019-07-17","purchased_purges":0,"victory":false,"max_hp_per_floor":[80,80,80,80,80,80,80,80,80,80,80,80,80,80,80,80,80,80,80,80,80],"card_choices":[{"not_picked":["Sword Boomerang","Reckless Charge"],"picked":"Rupture","floor":1},{"not_picked":["True Grit","Clash"],"picked":"Ghostly Armor","floor":2},{"not_picked":["Pommel Strike","Clothesline","Armaments"],"picked":"SKIP","floor":3},{"not_picked":["Headbutt","Twin Strike","Armaments"],"picked":"SKIP","floor":4},{"not_picked":["True Grit","Body Slam"],"picked":"Double Tap","floor":6},{"not_picked":["Headbutt","Blood for Blood"],"picked":"Inflame","floor":8},{"not_picked":["Body Slam","Havoc"],"picked":"Spot Weakness","floor":12},{"not_picked":["Armaments","Iron Wave"],"picked":"Seeing Red","floor":14},{"not_picked":["Anger","Warcry","Flame Barrier"],"picked":"SKIP","floor":14},{"not_picked":["Berserk","Fiend Fire"],"picked":"Demon Form","floor":16},{"not_picked":["Body Slam+1","Armaments"],"picked":"Heavy Blade","floor":18},{"not_picked":["Body Slam","Fire Breathing","Rupture+1"],"picked":"SKIP","floor":18},{"not_picked":["Armaments+1","Evolve+1"],"picked":"Shrug It Off","floor":19},{"not_picked":["True Grit","Sever Soul+1"],"picked":"Warcry+1","floor":19},{"not_picked":["Carnage","Heavy Blade"],"picked":"Whirlwind+1","floor":20},{"not_picked":["True Grit","Havoc+1","Heavy Blade"],"picked":"SKIP","floor":20}],"player_experience":195689,"relics_obtained":[{"floor":9,"key":"Prayer Wheel"},{"floor":12,"key":"Paper Frog"}],"event_choices":[{"cards_removed":["Strike_R"],"damage_healed":0,"gold_gain":0,"player_choice":"Card Removal","damage_taken":0,"max_hp_gain":0,"max_hp_loss":0,"event_name":"The Cleric","floor":5,"gold_loss":50},{"damage_healed":0,"gold_gain":0,"player_choice":"Success","damage_taken":12,"relics_obtained":["Blue Candle"],"max_hp_gain":0,"max_hp_loss":0,"event_name":"Scrap Ooze","floor":10,"gold_loss":0},{"cards_removed":["Strike_R"],"damage_healed":0,"gold_gain":0,"player_choice":"Purged","damage_taken":0,"max_hp_gain":0,"max_hp_loss":0,"event_name":"Purifier","floor":11,"gold_loss":0}],"is_beta":false,"boss_relics":[{"not_picked":["Busted Crown","Ectoplasm"],"picked":"Runic Cube"}],"items_purged_floors":[],"is_endless":false,"potions_floor_spawned":[2,3,6,18],"killed_by":"Snake Plant","ascension_level":1}