{"gold_per_floor":[117,117,133,133,308,343,124,124,124,124,124,138,157,180,180,299,299,319,319,338,357,162,162],"floor_reached":23,"playtime":1094,"items_purged":["Defend_B","Strike_B"],"score":201,"play_id":"c880230e-9afe-48ca-8c0e-6db0e3054008","local_time":"20190720111621","is_ascension_mode":true,"campfire_choices":[{"floor":8,"key":"RECALL"},{"floor":15,"key":"REST"}],"neow_cost":"NONE","seed_source_timestamp":839192563494300,"circlet_count":0,"master_deck":["Strike_B","Strike_B","Defend_B","Defend_B","Zap","Dualcast","Darkness","Buffer","Doom and Gloom","Defragment","Heatsinks","Fusion","Rainbow","Melter","Lockon","BootSequence","Leap"],"relics":["Cracked Core","Potion Belt","Lantern","Golden Idol","Calling Bell","Vajra","Dodecahedron","Calipers"],"potions_floor_usage":[14,16,16,16,23],"damage_taken":[{"damage":6,"enemies":"2 Louse","floor":1,"turns":3},{"damage":7,"enemies":"Small Slimes","floor":3,"turns":4},{"damage":18,"enemies":"Gremlin Nob","floor":6,"turns":4},{"damage":0,"enemies":"Cultist","floor":12,"turns":3},{"damage":8,"enemies":"Red Slaver","floor":13,"turns":4},{"damage":26,"enemies":"Lots of Slimes","floor":14,"turns":3},{"damage":26,"enemies":"Hexaghost","floor":16,"turns":7},{"damage":39,"enemies":"Spheric Guardian","floor":18,"turns":5},{"damage":10,"enemies":"Chosen","floor":20,"turns":5},{"damage":32,"enemies":"Snake Plant","floor":21,"turns":3},{"damage":14,"enemies":"Gremlin Leader","floor":23,"turns":2}],"seed_played":"-6867808064022171239","potions_obtained":[{"floor":1,"key":"Energy Potion"},{"floor":11,"key":"Poison Potion"},{"floor":11,"key":"PowerPotion"},{"floor":11,"key":"FairyPotion"},{"floor":13,"key":"AttackPotion"},{"floor":20,"key":"SpeedPotion"}],"is_trial":false,"path_per_floor":["M","?","M","?","?","E","$","R","T","?","?","M","M","M","R","B",null,"M","?","M","M","$","E"],"character_chosen":"DEFECT","items_purchased":["Lantern","BootSequence","Leap"],"campfire_rested":1,"item_purchase_floors":[7,22,22],"current_hp_per_floor":[76,76,69,62,62,44,44,44,44,44,44,44,36,10,34,8,82,43,43,33,1,1,0],"gold":162,"neow_bonus":"TEN_PERCENT_HP_BONUS","is_prod":false,"is_daily":false,"chose_seed":false,"campfire_upgraded":0,"win_rate":0,"timestamp":1563639381,"path_taken":["M","?","M","?","?","E","$","R","T","?","?","?","M","M","R","BOSS","M","?","?","M","$","E"],"build_version":"2019-07-17","purchased_purges":2,"victory":false,"max_hp_per_floor":[82,82,82,82,82,82,82,82,82,82,82,82,82,82,82,82,82,82,79,79,79,79,79],"card_choices":[{"not_picked":["Ball Lightning","Hologram"],"picked":"Darkness","floor":1},{"not_picked":["Rebound","Steam"],"picked":"Doom and Gloom","floor":3},{"not_picked":["Gash","Tempest"],"picked":"Defragment","floor":6},{"not_picked":["Sweeping Beam","Hologram","Go for the Eyes"],"picked":"SKIP","floor":12},{"not_picked":["Lockon","Storm"],"picked":"Heatsinks","floor":13},{"not_picked":["Chill","Stack"],"picked":"Fusion","floor":14},{"not_picked":["Creative AI","All For One"],"picked":"Rainbow","floor":16},{"not_picked":["Beam Cell","Rebound"],"picked":"Melter","floor":18},{"not_picked":["Darkness","Barrage"],"picked":"Lockon","floor":20},{"not_picked":["Gash","Coolheaded","Go for the Eyes"],"picked":"SKIP","floor":21}],"player_experience":104256,"relics_obtained":[{"floor":6,"key":"Potion Belt"},{"floor":17,"key":"Vajra"},{"floor":17,"key":"Dodecahedron"},{"floor":17,"key":"Calipers"}],"event_choices":[{"damage_healed":0,"gold_gain":0,"cards_transformed":["Strike_B"],"player_choice":"Change","damage_taken":0,"max_hp_gain":0,"max_hp_loss":0,"event_name":"Living Wall","floor":2,"gold_loss":0,"cards_obtained":["Buffer"]},{"cards_removed":["Defend_B"],"damage_healed":0,"gold_gain":0,"player_choice":"Card Removal","damage_taken":7,"max_hp_gain":0,"max_hp_loss":0,"event_name":"Golden Wing","floor":4,"gold_loss":0},{"damage_healed":0,"gold_gain":175,"player_choice":"AGREE","damage_taken":0,"max_hp_gain":0,"max_hp_loss":0,"event_name":"Liars Game","floor":5,"gold_loss":0,"cards_obtained":["Doubt"]},{"damage_healed":0,"gold_gain":0,"player_choice":"Take Wound","damage_taken":0,"relics_obtained":["Golden Idol"],"max_hp_gain":0,"max_hp_loss":0,"event_name":"Golden Idol","floor":10,"gold_loss":0,"cards_obtained":["Injury"]},{"damage_healed":0,"gold_gain":0,"player_choice":"Got Potions","damage_taken":0,"max_hp_gain":0,"max_hp_loss":0,"event_name":"Lab","floor":11,"gold_loss":0},{"cards_removed":["Pain","Doubt","Parasite","Injury","Doubt"],"damage_healed":0,"gold_gain":0,"player_choice":"Removed Curses","damage_taken":0,"max_hp_gain":0,"max_hp_loss":0,"event_name":"Fountain of Cleansing","floor":19,"gold_loss":0}],"is_beta":false,"boss_relics":[{"not_picked":["Snecko Eye","Ectoplasm"],"picked":"Calling Bell"}],"items_purged_floors":[7,22],"is_endless":false,"potions_floor_spawned":[1,13,20],"killed_by":"Gremlin Leader","ascension_level":1}