{"gold_per_floor":[115,127,143,154,164,164,195,195,240,271,286,298,84,84,84,163,163,181,181,96,96,96,96,108,128,128,178,194,194,209,222,222,296,346,365,265,265,365,376,376,393,412,412,432,66,86,101,120,120,120,120],"floor_reached":52,"playtime":3050,"items_purged":["Strike_G","Defend_G","Defend_G"],"score":1769,"play_id":"db1b7d25-a8f0-4429-955e-b3900ded4681","local_time":"20190501011109","is_ascension_mode":true,"campfire_choices":[{"data":"All Out Attack","floor":6.0,"key":"SMITH"},{"data":"Tactician","floor":8.0,"key":"SMITH"},{"data":"Neutralize","floor":15,"key":"SMITH"},{"data":"Well Laid Plans","floor":23,"key":"SMITH"},{"data":"Concentrate","floor":29,"key":"SMITH"},{"data":"Reflex","floor":32,"key":"SMITH"},{"data":"Bouncing Flask","floor":40,"key":"SMITH"},{"data":"Acrobatics","floor":49,"key":"SMITH"}],"neow_cost":"NONE","seed_source_timestamp":854546741283300,"circlet_count":0,"master_deck":["AscendersBane","Defend_G","Defend_G","Strike_G","Strike_G","Survivor","Neutralize+1","Bouncing Flask+1","Backflip","Endless Agony","All Out Attack+1","Predator","Tactician+1","Dash","Grand Finale+1","Backstab","Well Laid Plans+1","PiercingWail","Malaise","Endless Agony+1","Deflect+1","Deflect+1","Quick Slash+1","Concentrate+1","Reflex+1","Tools of the Trade","Escape Plan","Backflip","Acrobatics+1","Calculated Gamble+1","Acrobatics+1"],"special_seed":0,"relics":["Ring of the Snake","NeowsBlessing","Ice Cream","Bronze Scales","Pantograph","Astrolabe","Strawberry","Letter Opener","Tiny House","Turnip","Paper Crane","Anchor"],"potions_floor_usage":[16,18,25,30,42,42,50,50],"damage_taken":[{"damage":0.0,"enemies":"Cultist","floor":1.0,"turns":1.0},{"damage":0.0,"enemies":"2 Louse","floor":2.0,"turns":1.0},{"damage":0.0,"enemies":"Jaw Worm","floor":3.0,"turns":1.0},{"damage":1.0,"enemies":"3 Louse","floor":4.0,"turns":4.0},{"damage":12.0,"enemies":"Large Slime","floor":5.0,"turns":6.0},{"damage":21.0,"enemies":"Lagavulin","floor":7.0,"turns":6.0},{"damage":3.0,"enemies":"Gremlin Nob","floor":10.0,"turns":3.0},{"damage":0.0,"enemies":"Exordium Wildlife","floor":11.0,"turns":2.0},{"damage":11,"enemies":"Looter","floor":12,"turns":2},{"damage":23,"enemies":"Hexaghost","floor":16,"turns":8},{"damage":13,"enemies":"Spheric Guardian","floor":18,"turns":4},{"damage":3,"enemies":"Shell Parasite","floor":24,"turns":5},{"damage":10,"enemies":"Snake Plant","floor":25,"turns":4},{"damage":10,"enemies":"Centurion and Healer","floor":28,"turns":7},{"damage":4,"enemies":"Sentry and Sphere","floor":30,"turns":4},{"damage":15,"enemies":"Snecko","floor":31,"turns":5},{"damage":32,"enemies":"Champ","floor":33,"turns":17},{"damage":25,"enemies":"3 Darklings","floor":35,"turns":4},{"damage":0,"enemies":"Mind Bloom Boss Battle","floor":38,"turns":5},{"damage":0,"enemies":"3 Shapes","floor":39,"turns":5},{"damage":4,"enemies":"Sphere and 2 Shapes","floor":41,"turns":7},{"damage":0,"enemies":"Jaw Worm Horde","floor":42,"turns":4},{"damage":15,"enemies":"4 Shapes","floor":44,"turns":4},{"damage":2,"enemies":"Writhing Mass","floor":46,"turns":6},{"damage":0,"enemies":"Transient","floor":47,"turns":6},{"damage":2,"enemies":"Spire Growth","floor":48,"turns":4},{"damage":5,"enemies":"Time Eater","floor":50,"turns":15},{"damage":0,"enemies":"Donu and Deca","floor":51,"turns":8}],"seed_played":"5105890790569337247","potions_obtained":[{"floor":1.0,"key":"SteroidPotion"},{"floor":5.0,"key":"SpeedPotion"},{"floor":10.0,"key":"GamblersBrew"},{"floor":12,"key":"Regen Potion"},{"floor":16,"key":"SpeedPotion"},{"floor":18,"key":"Poison Potion"},{"floor":24,"key":"Fire Potion"},{"floor":30,"key":"SteroidPotion"},{"floor":34,"key":"SteroidPotion"},{"floor":38,"key":"SkillPotion"},{"floor":42,"key":"SpeedPotion"},{"floor":44,"key":"Poison Potion"}],"is_trial":false,"path_per_floor":["M","M","M","M","M","R","E","R","T","E","M","M","$","?","R","B",null,"M","?","?","$","?","R","M","M","T","?","M","R","M","M","R","B",null,"M","$","?","?","M","R","M","M","T","M","$","M","M","M","R","B","B",null],"character_chosen":"THE_SILENT","items_purchased":["Well Laid Plans","PiercingWail","Ancient Potion","Anchor"],"campfire_rested":0,"item_purchase_floors":[13,13,45,45],"current_hp_per_floor":[59,59,59,58,46,46,25,25,25,22,22,11,11,11,11,13,53,52,52,59,59,59,59,56,46,46,46,36,36,32,17,17,10,62,37,37,37,62,62,62,58,58,58,43,43,41,41,39,39,59,78],"gold":120,"neow_bonus":"THREE_ENEMY_KILL","is_prod":false,"is_daily":false,"chose_seed":false,"campfire_upgraded":8,"win_rate":0,"timestamp":1556640669,"path_taken":["M","M","M","M","M","R","E","R","T","E","M","M","$","?","R","BOSS","M","?","?","$","?","R","M","M","T","?","M","R","M","M","R","BOSS","M","$","?","?","M","R","M","M","T","M","?","M","M","?","R","BOSS","BOSS"],"build_version":"2019-01-23","purchased_purges":3,"victory":true,"max_hp_per_floor":[66,66,66,66,66,66,66,66,66,66,66,66,66,66,66,66,66,66,66,73,73,73,73,73,73,73,73,73,73,73,73,73,73,78,78,78,78,78,78,78,78,78,78,78,78,78,78,78,78,78,78],"card_choices":[{"not_picked":["Leg Sweep","Backflip"],"picked":"Bouncing Flask","floor":1.0},{"not_picked":["Flying Knee","Sucker Punch"],"picked":"Backflip","floor":2.0},{"not_picked":["Blade Dance","Acrobatics"],"picked":"Endless Agony","floor":3.0},{"not_picked":["Terror","Outmaneuver"],"picked":"All Out Attack","floor":4.0},{"not_picked":["Finisher","Setup"],"picked":"Predator","floor":5.0},{"not_picked":["Slice","Sucker Punch"],"picked":"Tactician","floor":7.0},{"not_picked":["Choke","Poisoned Stab"],"picked":"Dash","floor":10.0},{"not_picked":["Slice","Infinite Blades"],"picked":"Grand Finale","floor":11.0},{"not_picked":["Cloak And Dagger","Infinite Blades"],"picked":"Backstab","floor":12},{"not_picked":["Unload","Wraith Form v2"],"picked":"Malaise","floor":16},{"not_picked":["Dodge and Roll","Dash"],"picked":"Quick Slash+1","floor":18},{"not_picked":["Underhanded Strike","Flying Knee","Distraction"],"picked":"SKIP","floor":24},{"not_picked":["Prepared","Dagger Spray"],"picked":"Concentrate","floor":25},{"not_picked":["Poisoned Stab","Dagger Spray"],"picked":"Reflex","floor":28},{"not_picked":["Poisoned Stab","Masterful Stab+1"],"picked":"Tools of the Trade","floor":30},{"not_picked":["Flying Knee","Slice"],"picked":"Escape Plan","floor":31},{"not_picked":["Bane","Outmaneuver+1"],"picked":"Backflip","floor":34},{"not_picked":["Dash","Riddle With Holes+1"],"picked":"Acrobatics+1","floor":35},{"not_picked":["Deadly Poison","Endless Agony","Distraction"],"picked":"SKIP","floor":39},{"not_picked":["Deadly Poison","Quick Slash"],"picked":"Calculated Gamble+1","floor":41},{"not_picked":["Dodge and Roll","Poisoned Stab+1","Underhanded Strike+1"],"picked":"SKIP","floor":42},{"not_picked":["Dagger Spray","Slice","Backstab"],"picked":"SKIP","floor":44},{"not_picked":["Quick Slash","Deadly Poison+1"],"picked":"Acrobatics","floor":46},{"not_picked":["Dodge and Roll","Finisher","Dagger Spray"],"picked":"SKIP","floor":47},{"not_picked":["Flechettes","Poisoned Stab","Eviscerate"],"picked":"SKIP","floor":48}],"player_experience":4877927,"relics_obtained":[{"floor":7.0,"key":"Ice Cream"},{"floor":9.0,"key":"Bronze Scales"},{"floor":10.0,"key":"Pantograph"},{"floor":26,"key":"Letter Opener"},{"floor":38,"key":"Turnip"},{"floor":43,"key":"Paper Crane"}],"event_choices":[{"damage_healed":0,"gold_gain":0,"player_choice":"Ignored","damage_taken":0,"max_hp_gain":0,"max_hp_loss":0,"event_name":"Liars Game","floor":14,"gold_loss":0},{"damage_healed":0,"gold_gain":0,"player_choice":"Ignored","damage_taken":0,"max_hp_gain":0,"max_hp_loss":0,"event_name":"Vampires","floor":19,"gold_loss":0},{"damage_healed":0,"gold_gain":0,"player_choice":"Obtained Relic","damage_taken":0,"relics_obtained":["Strawberry"],"max_hp_gain":0,"max_hp_loss":0,"event_name":"Addict","floor":20,"gold_loss":85},{"damage_healed":0,"gold_gain":0,"player_choice":"Ignored","damage_taken":0,"max_hp_gain":0,"max_hp_loss":0,"event_name":"Ghosts","floor":22,"gold_loss":0},{"damage_healed":0,"gold_gain":50,"player_choice":"Stole From Cult","damage_taken":0,"max_hp_gain":0,"max_hp_loss":0,"event_name":"Nest","floor":27,"gold_loss":0},{"damage_healed":0,"gold_gain":0,"player_choice":"Ignored","damage_taken":0,"max_hp_gain":0,"max_hp_loss":0,"event_name":"Tomb of Lord Red Mask","floor":37,"gold_loss":0},{"damage_healed":0,"gold_gain":0,"player_choice":"Fight","damage_taken":0,"max_hp_gain":0,"max_hp_loss":0,"event_name":"MindBloom","floor":38,"gold_loss":0}],"is_beta":false,"boss_relics":[{"not_picked":["Velvet Choker","Calling Bell"],"picked":"Astrolabe"},{"not_picked":["Philosopher\u0027s Stone","Black Star"],"picked":"Tiny House"}],"items_purged_floors":[13,36,45],"is_endless":false,"potions_floor_spawned":[1,5,10,12,16,18,24,30,38,42,44,48],"ascension_level":20}