{"gold_per_floor":[113,113,113,133,183,183,224,239,263,284,284,23,23,66,66,155,155,169,69,69,69,69,69,69,89,135,135,154,154,204,79,79,153,153,167,17,37,53,70,70],"floor_reached":40,"playtime":1191,"items_purged":["Strike_G","Defend_G","Strike_G","Pain"],"score":984,"play_id":"a9613525-ddc8-4a27-b135-5d54b552dab8","local_time":"20190323011516","is_ascension_mode":true,"campfire_choices":[{"data":"Poisoned Stab","floor":6,"key":"SMITH"},{"data":"Deadly Poison","floor":11,"key":"SMITH"},{"data":"Catalyst","floor":13,"key":"SMITH"},{"data":"Crippling Poison","floor":15,"key":"SMITH"},{"data":"Master of Strategy","floor":23,"key":"SMITH"},{"data":"Malaise","floor":27,"key":"SMITH"},{"data":"Acrobatics","floor":29,"key":"SMITH"},{"data":"Neutralize","floor":32,"key":"SMITH"}],"neow_cost":"NONE","seed_source_timestamp":781987840724600,"circlet_count":0,"master_deck":["AscendersBane","Defend_G","Defend_G","Defend_G","Strike_G","Strike_G","Strike_G","Survivor","Neutralize+1","Dodge and Roll","Poisoned Stab+1","Catalyst+1","Dash","Deadly Poison+1","Master of Strategy+1","Crippling Poison+1","Adrenaline+1","Malaise+1","Acrobatics+1","Shame","Pain","Backflip+1","Dodge and Roll+1","Cloak And Dagger"],"relics":["Ring of the Snake","NeowsBlessing","Bloody Idol","Happy Flower","Strawberry","Bottled Flame","Sozu","Art of War","Calling Bell","Ancient Tea Set","Kunai","Pocketwatch"],"potions_floor_usage":[14,37,40],"damage_taken":[{"damage":0,"enemies":"2 Louse","floor":1,"turns":1},{"damage":0,"enemies":"Jaw Worm","floor":4,"turns":1},{"damage":0,"enemies":"Lagavulin","floor":7,"turns":1},{"damage":0,"enemies":"Cultist","floor":8,"turns":3},{"damage":7,"enemies":"Large Slime","floor":10,"turns":5},{"damage":8,"enemies":"3 Sentries","floor":14,"turns":11},{"damage":0,"enemies":"Hexaghost","floor":16,"turns":6},{"damage":1,"enemies":"Spheric Guardian","floor":18,"turns":3},{"damage":3,"enemies":"Shell Parasite","floor":25,"turns":3},{"damage":4,"enemies":"Shelled Parasite and Fungi","floor":28,"turns":3},{"damage":4,"enemies":"Champ","floor":33,"turns":9},{"damage":3,"enemies":"Orb Walker","floor":35,"turns":3},{"damage":1,"enemies":"3 Shapes","floor":37,"turns":4},{"damage":40,"enemies":"3 Darklings","floor":38,"turns":6},{"damage":2,"enemies":"Sphere and 2 Shapes","floor":39,"turns":4},{"damage":47,"enemies":"Reptomancer","floor":40,"turns":2}],"seed_played":"-786592283858395030","potions_obtained":[{"floor":1,"key":"Block Potion"},{"floor":7,"key":"FearPotion"},{"floor":16,"key":"Explosive Potion"}],"is_trial":false,"path_per_floor":["M","?","?","M","?","R","E","M","T","M","R","$","R","E","R","B",null,"M","$","?","$","?","R","?","M","T","R","M","R","?","$","R","B",null,"M","$","M","M","M","E"],"character_chosen":"THE_SILENT","items_purchased":["Master of Strategy"],"campfire_rested":0,"item_purchase_floors":[12],"current_hp_per_floor":[59,36,29,29,29,29,29,29,36,29,29,29,29,21,21,21,60,59,59,59,59,59,59,59,61,66,66,67,67,65,65,65,66,71,73,73,73,38,41,0],"gold":70,"neow_bonus":"THREE_ENEMY_KILL","is_prod":false,"is_daily":false,"chose_seed":false,"campfire_upgraded":8,"win_rate":0,"timestamp":1553271316,"path_taken":["M","?","?","?","?","R","E","M","T","?","R","$","R","E","R","BOSS","M","$","?","?","?","R","?","M","T","R","?","R","?","$","R","BOSS","M","$","M","M","?","E"],"build_version":"2019-01-23","purchased_purges":4,"victory":false,"max_hp_per_floor":[66,66,66,66,66,66,66,66,73,73,73,73,73,73,73,73,73,73,73,73,73,73,73,73,73,73,73,73,73,73,73,73,73,73,73,73,73,73,73,73],"card_choices":[{"not_picked":["Accuracy","Concentrate"],"picked":"Dodge and Roll","floor":1},{"not_picked":["Bane","Blade Dance"],"picked":"Poisoned Stab","floor":4},{"not_picked":["Slice","PiercingWail"],"picked":"Catalyst","floor":7},{"not_picked":["Cloak And Dagger","Bane"],"picked":"Dash","floor":8},{"not_picked":["Well Laid Plans","Caltrops"],"picked":"Deadly Poison","floor":10},{"not_picked":["Accuracy","Terror"],"picked":"Crippling Poison","floor":14},{"not_picked":["Doppelganger","Tools of the Trade"],"picked":"Adrenaline","floor":16},{"not_picked":["Caltrops","Outmaneuver","Dagger Spray"],"picked":"SKIP","floor":18},{"not_picked":["Distraction","Slice","Dagger Spray"],"picked":"SKIP","floor":25},{"not_picked":["Blur","Dagger Throw"],"picked":"Acrobatics","floor":28},{"not_picked":["Eviscerate+1","Escape Plan","Cloak And Dagger"],"picked":"SKIP","floor":35},{"not_picked":["Well Laid Plans","Blur+1"],"picked":"Backflip+1","floor":37},{"not_picked":["Backstab","Deadly Poison"],"picked":"Dodge and Roll+1","floor":38},{"not_picked":["Setup","Die Die Die"],"picked":"Cloak And Dagger","floor":39}],"player_experience":4590157,"relics_obtained":[{"floor":7,"key":"Happy Flower"},{"floor":9,"key":"Strawberry"},{"floor":14,"key":"Bottled Flame"},{"floor":26,"key":"Art of War"},{"floor":34,"key":"Ancient Tea Set"},{"floor":34,"key":"Kunai"},{"floor":34,"key":"Pocketwatch"}],"event_choices":[{"damage_healed":0,"gold_gain":0,"player_choice":"Take Damage","damage_taken":23,"relics_obtained":["Golden Idol"],"max_hp_gain":0,"max_hp_loss":0,"event_name":"Golden Idol","floor":2,"gold_loss":0},{"cards_removed":["Defend_G"],"damage_healed":0,"gold_gain":0,"player_choice":"Card Removal","damage_taken":7,"max_hp_gain":0,"max_hp_loss":0,"event_name":"Golden Wing","floor":3,"gold_loss":0},{"damage_healed":0,"gold_gain":50,"player_choice":"Pray","damage_taken":0,"max_hp_gain":0,"max_hp_loss":0,"event_name":"Golden Shrine","floor":5,"gold_loss":0},{"damage_healed":0,"gold_gain":0,"player_choice":"Forge","damage_taken":0,"max_hp_gain":0,"max_hp_loss":0,"event_name":"Accursed Blacksmith","floor":20,"gold_loss":0,"cards_upgraded":["Adrenaline"]},{"damage_healed":0,"gold_gain":0,"player_choice":"Gave Idol","damage_taken":0,"relics_obtained":["Bloody Idol"],"max_hp_gain":0,"max_hp_loss":0,"event_name":"Forgotten Altar","floor":22,"relics_lost":["Golden Idol"],"gold_loss":0},{"damage_healed":0,"gold_gain":0,"player_choice":"1 cards matched","damage_taken":0,"max_hp_gain":0,"max_hp_loss":0,"event_name":"Match and Keep!","floor":24,"gold_loss":0,"cards_obtained":["Malaise"]},{"damage_healed":0,"gold_gain":50,"player_choice":"Touch","damage_taken":7,"max_hp_gain":0,"max_hp_loss":0,"event_name":"FaceTrader","floor":30,"gold_loss":0}],"is_beta":false,"boss_relics":[{"not_picked":["Velvet Choker","Fusion Hammer"],"picked":"Sozu"},{"not_picked":["Snecko Eye","HoveringKite"],"picked":"Calling Bell"}],"items_purged_floors":[12,19,31,36],"is_endless":false,"potions_floor_spawned":[1,7,10,16,18,28,35,37],"killed_by":"Reptomancer","ascension_level":20}