{"gold_per_floor":[117,129,142,156,41,41,70,70,148,148,168,182,202,215,215,294,294,310,321,347,347,23,23,39,39,92,108,108,142,154,173,173,173],"floor_reached":33,"playtime":1119,"items_purged":["Strike_B"],"score":546,"play_id":"73fcdf98-9074-4d0c-812a-c667c6989854","local_time":"20190608012903","is_ascension_mode":true,"campfire_choices":[{"data":"Static Discharge","floor":6.0,"key":"SMITH"},{"data":"Sweeping Beam","floor":8.0,"key":"SMITH"},{"data":"Self Repair","floor":15.0,"key":"SMITH"},{"floor":23,"key":"REST"},{"floor":25,"key":"REST"},{"floor":28,"key":"REST"},{"floor":32,"key":"REST"}],"neow_cost":"NONE","seed_source_timestamp":1049981029484300,"circlet_count":0,"master_deck":["AscendersBane","Strike_B","Defend_B","Defend_B","Defend_B","Defend_B","Zap","Dualcast+1","Rebound","Cold Snap","Auto Shields","Gash","Static Discharge+1","Steam","Sweeping Beam+1","Rainbow","Self Repair+1","Streamline+1","Hyperbeam+1","Sunder+1","Double Energy","Defragment+1","Electrodynamics","Defragment","Coolheaded","BootSequence+1","Hologram+1","Genetic Algorithm","Coolheaded"],"special_seed":0,"relics":["Cracked Core","Emotion Chip","Molten Egg 2","Inserter","Red Mask","DataDisk","Oddly Smooth Stone","PreservedInsect"],"potions_floor_usage":[20,33],"damage_taken":[{"damage":0.0,"enemies":"Cultist","floor":1.0,"turns":4.0},{"damage":1.0,"enemies":"Small Slimes","floor":2.0,"turns":3.0},{"damage":0.0,"enemies":"Jaw Worm","floor":3.0,"turns":4.0},{"damage":1.0,"enemies":"2 Fungi Beasts","floor":4.0,"turns":4.0},{"damage":32.0,"enemies":"Gremlin Nob","floor":7.0,"turns":4.0},{"damage":4.0,"enemies":"Red Slaver","floor":11.0,"turns":3.0},{"damage":11.0,"enemies":"Exordium Wildlife","floor":12.0,"turns":4.0},{"damage":0.0,"enemies":"Large Slime","floor":13.0,"turns":6.0},{"damage":0.0,"enemies":"2 Fungi Beasts","floor":14.0,"turns":3.0},{"damage":14.0,"enemies":"Hexaghost","floor":16.0,"turns":5.0},{"damage":11.0,"enemies":"2 Thieves","floor":18.0,"turns":2.0},{"damage":10.0,"enemies":"Chosen","floor":19.0,"turns":3.0},{"damage":32,"enemies":"Masked Bandits","floor":20,"turns":3},{"damage":7,"enemies":"Snake Plant","floor":24,"turns":2},{"damage":16,"enemies":"Chosen and Byrds","floor":27,"turns":5},{"damage":31,"enemies":"Book of Stabbing","floor":29,"turns":6},{"damage":20,"enemies":"Cultist and Chosen","floor":30,"turns":5},{"damage":6,"enemies":"Centurion and Healer","floor":31,"turns":4},{"damage":35,"enemies":"Collector","floor":33,"turns":5}],"seed_played":"8673481281516974381","potions_obtained":[{"floor":2.0,"key":"Strength Potion"},{"floor":3.0,"key":"SmokeBomb"},{"floor":13.0,"key":"FearPotion"},{"floor":16.0,"key":"Explosive Potion"},{"floor":18.0,"key":"Strength Potion"},{"floor":24,"key":"FocusPotion"}],"is_trial":false,"path_per_floor":["M","M","M","M","$","R","E","R","T","?","M","M","M","M","R","B",null,"M","M","?","?","$","R","M","R","T","M","R","E","M","M","R","B"],"character_chosen":"DEFECT","items_purchased":["Static Discharge","Steam","DataDisk","Defragment"],"campfire_rested":4,"item_purchase_floors":[5,5,22,22],"current_hp_per_floor":[64,63,63,62,62,62,30,30,30,30,26,15,15,22,22,18,58,47,37,5,5,5,26,19,40,40,34,55,24,14,8,29,0],"gold":173,"neow_bonus":"REMOVE_CARD","is_prod":false,"is_daily":false,"chose_seed":false,"campfire_upgraded":3,"win_rate":0,"timestamp":1559924943,"path_taken":["M","?","M","M","$","R","E","R","T","?","M","M","?","M","R","BOSS","M","M","?","?","$","R","M","R","T","M","R","E","M","?","R","BOSS"],"build_version":"2019-01-23","purchased_purges":1,"victory":false,"max_hp_per_floor":[71,71,71,71,71,71,71,71,71,71,71,71,71,71,71,71,71,71,71,71,71,71,71,71,71,71,71,71,71,71,71,71,71],"card_choices":[{"not_picked":["Turbo","Reprogram"],"picked":"Rebound","floor":1.0},{"not_picked":["Leap","Fusion"],"picked":"Cold Snap","floor":2.0},{"not_picked":["Steam","Stack"],"picked":"Auto Shields","floor":3.0},{"not_picked":["Go for the Eyes","Hello World"],"picked":"Gash","floor":4.0},{"not_picked":["Loop","Cold Snap"],"picked":"Sweeping Beam","floor":7.0},{"not_picked":["Tempest","Chill"],"picked":"Rainbow","floor":11.0},{"not_picked":["Stack","Steam Power","Leap"],"picked":"SKIP","floor":12.0},{"not_picked":["Scrape+1","Ball Lightning+1"],"picked":"Self Repair","floor":13.0},{"not_picked":["Conserve Battery","Redo"],"picked":"Streamline+1","floor":14.0},{"not_picked":["Thunder Strike+1","Creative AI"],"picked":"Hyperbeam+1","floor":16.0},{"not_picked":["Leap","Redo"],"picked":"Sunder+1","floor":18.0},{"not_picked":["Cold Snap+1","Compile Driver+1"],"picked":"Double Energy","floor":19.0},{"not_picked":["Storm","Capacitor"],"picked":"Defragment+1","floor":20},{"not_picked":["Cold Snap+1","Ball Lightning+1"],"picked":"Coolheaded","floor":24},{"not_picked":["Cold Snap+1","Force Field"],"picked":"BootSequence+1","floor":27},{"not_picked":["Lockon+1","Consume"],"picked":"Hologram+1","floor":29},{"not_picked":["Doom and Gloom+1","Redo"],"picked":"Genetic Algorithm","floor":30},{"not_picked":["Gash+1","Sunder+1"],"picked":"Coolheaded","floor":31}],"player_experience":5294493,"relics_obtained":[{"floor":7.0,"key":"Emotion Chip"},{"floor":9.0,"key":"Molten Egg 2"},{"floor":20,"key":"Red Mask"},{"floor":26,"key":"Oddly Smooth Stone"},{"floor":29,"key":"PreservedInsect"}],"event_choices":[{"damage_healed":0.0,"max_hp_gain":0.0,"max_hp_loss":0.0,"gold_gain":0.0,"event_name":"Upgrade Shrine","player_choice":"Upgraded","floor":10.0,"gold_loss":0.0,"damage_taken":0.0,"cards_upgraded":["Dualcast"]},{"damage_healed":0,"gold_gain":0,"player_choice":"Fought Bandits","damage_taken":0,"max_hp_gain":0,"max_hp_loss":0,"event_name":"Masked Bandits","floor":20,"gold_loss":0},{"damage_healed":0,"gold_gain":0,"cards_transformed":["Strike_B"],"player_choice":"Transformed","damage_taken":0,"max_hp_gain":0,"max_hp_loss":0,"event_name":"Transmorgrifier","floor":21,"gold_loss":0,"cards_obtained":["Electrodynamics"]}],"is_beta":false,"boss_relics":[{"not_picked":["Empty Cage","Lizard Tail"],"picked":"Inserter"}],"items_purged_floors":[22],"is_endless":false,"potions_floor_spawned":[2,3,13,16,18,24,30],"killed_by":"Collector","ascension_level":20}