{"gold_per_floor":[113,213,224,238,249,277,277,291,291,291,55,90,90,105,105,182,182,193,193,211,211,61,61,96,96,120,120,148,148,183,202,202,202],"floor_reached":33,"playtime":1025,"items_purged":["Strike_R","Strike_R"],"score":626,"play_id":"ff1389aa-cace-428e-b855-8571baec03cc","local_time":"20190615025412","is_ascension_mode":true,"campfire_choices":[{"data":"Bash","floor":7,"key":"SMITH"},{"data":"Inflame","floor":10,"key":"SMITH"},{"data":"Blood for Blood","floor":13,"key":"SMITH"},{"data":"Flex","floor":15,"key":"SMITH"},{"data":"Immolate","floor":23,"key":"SMITH"},{"floor":25,"key":"REST"},{"floor":27,"key":"REST"},{"floor":29,"key":"REST"},{"floor":32,"key":"REST"}],"neow_cost":"NONE","seed_source_timestamp":32565169260700,"circlet_count":0,"master_deck":["AscendersBane","Strike_R","Strike_R","Strike_R","Defend_R","Defend_R","Defend_R","Defend_R","Bash+1","Wild Strike","Blood for Blood+1","Twin Strike","Flex+1","Inflame+1","Headbutt","Shrug It Off","Offering","Reaper","Flame Barrier","Immolate+1","Evolve+1","Sword Boomerang","Corruption+1","Decay"],"relics":["Burning Blood","Bottled Flame","Singing Bowl","Bottled Tornado","Cursed Key","Bag of Marbles","Mummified Hand","Bottled Lightning"],"potions_floor_usage":[8,16,24,28,33],"damage_taken":[{"damage":2,"enemies":"2 Louse","floor":1,"turns":2},{"damage":2,"enemies":"Cultist","floor":3,"turns":4},{"damage":12,"enemies":"Jaw Worm","floor":4,"turns":2},{"damage":17,"enemies":"Blue Slaver","floor":5,"turns":5},{"damage":30,"enemies":"Lagavulin","floor":6,"turns":7},{"damage":21,"enemies":"Lots of Slimes","floor":8,"turns":6},{"damage":9,"enemies":"Gremlin Nob","floor":12,"turns":3},{"damage":12,"enemies":"3 Louse","floor":14,"turns":4},{"damage":24,"enemies":"Slime Boss","floor":16,"turns":8},{"damage":6,"enemies":"Spheric Guardian","floor":18,"turns":3},{"damage":0,"enemies":"Chosen","floor":20,"turns":3},{"damage":55,"enemies":"Slavers","floor":24,"turns":4},{"damage":78,"enemies":"Book of Stabbing","floor":28,"turns":5},{"damage":38,"enemies":"Slavers","floor":30,"turns":4},{"damage":12,"enemies":"3 Cultists","floor":31,"turns":3},{"damage":42,"enemies":"Collector","floor":33,"turns":3}],"seed_played":"6477880714818008829","potions_obtained":[{"floor":1,"key":"GamblersBrew"},{"floor":5,"key":"SpeedPotion"},{"floor":6,"key":"Regen Potion"},{"floor":8,"key":"FearPotion"},{"floor":20,"key":"Regen Potion"},{"floor":30,"key":"SpeedPotion"},{"floor":31,"key":"EssenceOfSteel"}],"is_trial":false,"path_per_floor":["M","?","M","M","M","E","R","M","T","R","$","E","R","M","R","B",null,"M","?","M","?","$","R","E","R","T","R","E","R","E","M","R","B"],"character_chosen":"IRONCLAD","items_purchased":["Offering","Sword Boomerang"],"campfire_rested":4,"item_purchase_floors":[11,22],"current_hp_per_floor":[72,72,75,69,58,34,34,34,34,34,34,31,31,37,37,46,68,70,48,64,64,64,64,27,51,51,75,12,37,17,13,39,0],"gold":202,"neow_bonus":"THREE_CARDS","is_prod":false,"is_daily":false,"chose_seed":false,"campfire_upgraded":5,"win_rate":0,"timestamp":1560534852,"path_taken":["M","?","M","M","M","E","R","?","T","R","$","E","R","M","R","BOSS","M","?","M","?","$","R","E","R","T","R","E","R","E","M","R","BOSS"],"build_version":"2019-01-23","purchased_purges":2,"victory":false,"max_hp_per_floor":[75,75,75,75,75,75,75,75,75,75,75,75,75,75,75,75,75,77,82,82,82,82,82,82,82,82,82,84,84,86,88,88,88],"card_choices":[{"not_picked":["Clothesline","Body Slam"],"picked":"Wild Strike","floor":0},{"not_picked":["Flex","Havoc"],"picked":"Blood for Blood","floor":1},{"not_picked":["Wild Strike","Rage"],"picked":"Twin Strike","floor":3},{"not_picked":["Heavy Blade","True Grit"],"picked":"Flex","floor":4},{"not_picked":["Shrug It Off","Uppercut"],"picked":"Inflame","floor":5},{"not_picked":["Clash","Infernal Blade"],"picked":"Headbutt","floor":6},{"not_picked":["Perfected Strike","Infernal Blade"],"picked":"Shrug It Off","floor":8},{"not_picked":["Spot Weakness","Armaments"],"picked":"Reaper","floor":12},{"not_picked":["Seeing Red","Warcry"],"picked":"Flame Barrier","floor":14},{"not_picked":["Double Tap","Juggernaut"],"picked":"Immolate","floor":16},{"not_picked":["Warcry","Body Slam","Clothesline"],"picked":"Singing Bowl","floor":18},{"not_picked":["Twin Strike","Warcry"],"picked":"Evolve","floor":20},{"not_picked":["Evolve","Pommel Strike"],"picked":"Corruption+1","floor":24},{"not_picked":["Sword Boomerang","True Grit","Infernal Blade+1"],"picked":"Singing Bowl","floor":28},{"not_picked":["Iron Wave","Whirlwind","Thunderclap"],"picked":"Singing Bowl","floor":30},{"not_picked":["Perfected Strike","Cleave","Flex"],"picked":"Singing Bowl","floor":31}],"player_experience":5365276,"relics_obtained":[{"floor":6,"key":"Bottled Flame"},{"floor":9,"key":"Singing Bowl"},{"floor":12,"key":"Bottled Tornado"},{"floor":24,"key":"Bag of Marbles"},{"floor":28,"key":"Mummified Hand"},{"floor":30,"key":"Bottled Lightning"}],"event_choices":[{"damage_healed":0,"gold_gain":100,"player_choice":"Gold","damage_taken":0,"max_hp_gain":0,"max_hp_loss":0,"event_name":"Wheel of Change","floor":2,"gold_loss":0},{"damage_healed":0,"gold_gain":0,"player_choice":"Shed Blood","damage_taken":27,"max_hp_gain":5,"max_hp_loss":0,"event_name":"Forgotten Altar","floor":19,"gold_loss":0},{"damage_healed":0,"gold_gain":0,"player_choice":"Upgraded","damage_taken":0,"max_hp_gain":0,"max_hp_loss":0,"event_name":"Upgrade Shrine","floor":21,"gold_loss":0,"cards_upgraded":["Evolve"]}],"is_beta":false,"boss_relics":[{"not_picked":["Tiny House","Busted Crown"],"picked":"Cursed Key"}],"items_purged_floors":[11,22],"is_endless":false,"potions_floor_spawned":[1,5,6,8,12,20,30,31],"killed_by":"Collector","ascension_level":20}