{"gold_per_floor":[111,130,150,169,169,169,7,7,31,46,46,80,80,114,114,192,192,209,209,3,13,113,146,164,164,188,26,40,40,72,42,42,118,118,129,129,144,44,62,62,91,141,141,154,90,90,107,119,119,119,119,119,119,119,146,146],"floor_reached":57,"playtime":2931,"items_purged":["Decay","Strike_B+1","Strike_B+1"],"score":2785,"play_id":"d869124f-5e6f-447a-9b9b-ff85896e7a50","local_time":"20190622022905","is_ascension_mode":true,"campfire_choices":[{"data":"Doom and Gloom","floor":6,"key":"SMITH"},{"data":"Defragment","floor":8,"key":"SMITH"},{"floor":13,"key":"REST"},{"data":"Dualcast","floor":15,"key":"SMITH"},{"floor":25,"key":"REST"},{"floor":32,"key":"RECALL"}],"neow_cost":"NONE","seed_source_timestamp":284865905272300,"circlet_count":0,"master_deck":["AscendersBane","Strike_B+1","Strike_B+1","Defend_B+1","Defend_B+1","Defend_B+1","Defend_B+1","Zap","Dualcast+1","Reboot","Sunder","FTL","Melter","Doom and Gloom+1","Defragment+1","Hologram","Chill","Seek","Echo Form","Hologram+1","Apotheosis+1","Defragment","Cold Snap","Sweeping Beam+1","Coolheaded+1","Conserve Battery+1","Dark Shackles+1","BootSequence+1","Ghostly+1","Ghostly+1","Ghostly+1","Amplify+1","Genetic Algorithm+1","Seek+1","Glacier+1","Coolheaded+1","Recycle+1","Coolheaded+1","Coolheaded+1"],"relics":["Cracked Core","Bag of Marbles","Art of War","The Courier","Fusion Hammer","Nunchaku","Toxic Egg 2","Sundial","PreservedInsect","Strawberry","Coffee Dripper","Bottled Tornado","Bottled Lightning"],"potions_floor_usage":[10,22,33,33,56,56],"damage_taken":[{"damage":8,"enemies":"2 Louse","floor":1,"turns":4},{"damage":0,"enemies":"Cultist","floor":2,"turns":3},{"damage":2,"enemies":"Jaw Worm","floor":3,"turns":3},{"damage":8,"enemies":"Blue Slaver","floor":4,"turns":4},{"damage":3,"enemies":"3 Louse","floor":10,"turns":2},{"damage":25,"enemies":"Lagavulin","floor":12,"turns":7},{"damage":7,"enemies":"3 Sentries","floor":14,"turns":8},{"damage":19,"enemies":"Hexaghost","floor":16,"turns":9},{"damage":0,"enemies":"Spheric Guardian","floor":18,"turns":1},{"damage":14,"enemies":"Chosen","floor":21,"turns":4},{"damage":1,"enemies":"Colosseum Slavers","floor":22,"turns":2},{"damage":8,"enemies":"Colosseum Nobs","floor":22,"turns":4},{"damage":32,"enemies":"Book of Stabbing","floor":23,"turns":5},{"damage":1,"enemies":"Centurion and Healer","floor":24,"turns":5},{"damage":0,"enemies":"Snecko","floor":28,"turns":8},{"damage":0,"enemies":"Slavers","floor":30,"turns":3},{"damage":10,"enemies":"Collector","floor":33,"turns":10},{"damage":0,"enemies":"3 Darklings","floor":35,"turns":4},{"damage":0,"enemies":"3 Shapes","floor":37,"turns":3},{"damage":12,"enemies":"Maw","floor":39,"turns":8},{"damage":0,"enemies":"Nemesis","floor":41,"turns":7},{"damage":0,"enemies":"3 Darklings","floor":44,"turns":5},{"damage":8,"enemies":"Jaw Worm Horde","floor":47,"turns":6},{"damage":0,"enemies":"Maw","floor":48,"turns":9},{"damage":4,"enemies":"Donu and Deca","floor":50,"turns":17},{"damage":8,"enemies":"Time Eater","floor":51,"turns":13},{"damage":0,"enemies":"Shield and Spear","floor":55,"turns":8},{"damage":26,"enemies":"The Heart","floor":56,"turns":12}],"seed_played":"-3583606346029948461","potions_obtained":[{"floor":1,"key":"Fire Potion"},{"floor":2,"key":"SteroidPotion"},{"floor":16,"key":"Swift Potion"},{"floor":21,"key":"Explosive Potion"},{"floor":22,"key":"FocusPotion"},{"floor":30,"key":"PowerPotion"},{"floor":39,"key":"PowerPotion"},{"floor":41,"key":"SteroidPotion"}],"is_trial":false,"path_per_floor":["M","M","M","M","?","R","$","R","T","M","?","E","R","E","R","B",null,"M","?","$","M","?","E","M","R","T","$","M","?","E","$","R","B",null,"M","?","M","$","M","R","E","?","T","M","$","?","M","M","R","B","B",null,"R","$","E","B",null],"character_chosen":"DEFECT","items_purchased":["Defragment","Apotheosis","Defragment","Dark Shackles+1","Genetic Algorithm+1","FocusPotion"],"campfire_rested":2,"item_purchase_floors":[7,20,20,27,31,45],"current_hp_per_floor":[56,56,54,46,46,46,46,46,46,43,43,18,39,32,32,13,57,57,57,57,43,34,2,1,22,22,22,22,22,29,29,29,19,36,36,36,36,36,24,24,24,24,24,24,24,24,16,16,16,12,4,33,33,33,33,7],"gold":146,"neow_bonus":"ONE_RANDOM_RARE_CARD","is_prod":false,"is_daily":false,"chose_seed":false,"campfire_upgraded":3,"win_rate":0,"timestamp":1561138145,"path_taken":["M","M","M","M","?","R","?","R","T","M","?","E","R","E","R","BOSS","M","?","$","M","?","E","M","R","T","$","M","?","E","$","R","BOSS","M","?","M","$","?","R","E","?","T","M","?","?","M","M","R","BOSS","BOSS","R","$","E","BOSS"],"build_version":"2019-01-23","purchased_purges":3,"victory":true,"max_hp_per_floor":[71,71,71,71,71,71,71,71,71,71,71,71,71,71,71,71,71,71,71,71,71,71,71,71,71,71,71,71,35,42,42,42,42,42,42,42,42,42,42,42,42,42,42,42,42,42,42,42,42,42,42,42,42,42,42,42],"card_choices":[{"not_picked":["Blizzard","Recycle"],"picked":"Sunder","floor":1},{"not_picked":["Streamline","Beam Cell"],"picked":"FTL","floor":2},{"not_picked":["Rebound","Force Field"],"picked":"Melter","floor":3},{"not_picked":["Cold Snap","Go for the Eyes"],"picked":"Doom and Gloom","floor":4},{"not_picked":["Reinforced Body","Steam"],"picked":"Hologram","floor":10},{"not_picked":["Tempest","Chaos"],"picked":"Chill","floor":12},{"not_picked":["Heatsinks","Steam"],"picked":"Seek","floor":14},{"not_picked":["Machine Learning","Core Surge"],"picked":"Echo Form","floor":16},{"not_picked":["Chaos","Barrage"],"picked":"Hologram+1","floor":18},{"not_picked":["Rebound","Steam"],"picked":"Cold Snap","floor":21},{"not_picked":["Genetic Algorithm","Stack+1"],"picked":"Sweeping Beam+1","floor":22},{"not_picked":["Rip and Tear","Streamline+1"],"picked":"Coolheaded+1","floor":23},{"not_picked":["Steam Power+1","Barrage"],"picked":"Conserve Battery+1","floor":24},{"not_picked":["Steam+1","Stack+1"],"picked":"BootSequence+1","floor":28},{"not_picked":["Redo+1","Heatsinks"],"picked":"Amplify+1","floor":30},{"not_picked":["Amplify+1","Electrodynamics"],"picked":"Seek+1","floor":33},{"not_picked":["BootSequence+1","Rebound"],"picked":"Glacier+1","floor":35},{"not_picked":["Turbo+1","Cold Snap"],"picked":"Coolheaded+1","floor":37},{"not_picked":["Double Energy+1","Cold Snap","Sweeping Beam"],"picked":"SKIP","floor":39},{"not_picked":["Barrage+1","Streamline+1"],"picked":"Recycle+1","floor":41},{"not_picked":["Ball Lightning","Lockon"],"picked":"Coolheaded+1","floor":44},{"not_picked":["Force Field+1","Hologram+1"],"picked":"Coolheaded+1","floor":47},{"not_picked":["Ball Lightning","Hyperbeam","Redo+1"],"picked":"SKIP","floor":48},{"not_picked":["Hologram+1","All For One","Gash"],"picked":"SKIP","floor":55}],"player_experience":5444372,"relics_obtained":[{"floor":9,"key":"Bag of Marbles"},{"floor":12,"key":"Art of War"},{"floor":14,"key":"The Courier"},{"floor":22,"key":"Nunchaku"},{"floor":22,"key":"Toxic Egg 2"},{"floor":23,"key":"Sundial"},{"floor":26,"key":"PreservedInsect"},{"floor":30,"key":"Strawberry"},{"floor":41,"key":"Bottled Tornado"},{"floor":55,"key":"Bottled Lightning"}],"event_choices":[{"damage_healed":0,"gold_gain":0,"player_choice":"Cursed","damage_taken":0,"max_hp_gain":0,"max_hp_loss":0,"event_name":"Wheel of Change","floor":5,"gold_loss":0,"cards_obtained":["Decay"]},{"damage_healed":0,"gold_gain":0,"player_choice":"Ignored","damage_taken":0,"max_hp_gain":0,"max_hp_loss":0,"event_name":"Shining Light","floor":11,"gold_loss":0},{"damage_healed":0,"gold_gain":0,"player_choice":"Simplicity","damage_taken":0,"max_hp_gain":0,"max_hp_loss":0,"event_name":"Back to Basics","floor":19,"gold_loss":0,"cards_upgraded":["Strike_B","Strike_B","Strike_B","Strike_B","Defend_B","Defend_B","Defend_B","Defend_B"]},{"damage_healed":0,"gold_gain":0,"player_choice":"Fight","damage_taken":0,"max_hp_gain":0,"max_hp_loss":0,"event_name":"Colosseum","floor":22,"gold_loss":0},{"damage_healed":0,"gold_gain":0,"player_choice":"Fought Nobs","damage_taken":0,"max_hp_gain":0,"max_hp_loss":0,"event_name":"Colosseum","floor":22,"gold_loss":0},{"damage_healed":0,"gold_gain":0,"player_choice":"Became a Ghost","damage_taken":0,"max_hp_gain":0,"max_hp_loss":36,"event_name":"Ghosts","floor":29,"gold_loss":0,"cards_obtained":["Ghostly","Ghostly","Ghostly"]},{"damage_healed":0,"gold_gain":0,"player_choice":"Forge","damage_taken":0,"max_hp_gain":0,"max_hp_loss":0,"event_name":"Accursed Blacksmith","floor":36,"gold_loss":0,"cards_upgraded":["Apotheosis"]},{"damage_healed":0,"gold_gain":50,"player_choice":"Pray","damage_taken":0,"max_hp_gain":0,"max_hp_loss":0,"event_name":"Golden Shrine","floor":42,"gold_loss":0},{"damage_healed":0,"gold_gain":0,"player_choice":"Memory 1","damage_taken":0,"max_hp_gain":0,"max_hp_loss":0,"event_name":"SensoryStone","floor":46,"gold_loss":0}],"is_beta":false,"boss_relics":[{"not_picked":["Lizard Tail","Velvet Choker"],"picked":"Fusion Hammer"},{"not_picked":["Runic Dome","Tiny House"],"picked":"Coffee Dripper"}],"items_purged_floors":[7,27,38],"is_endless":false,"potions_floor_spawned":[1,2,4,16,21,22,30,39,41,47],"ascension_level":20}