{"gold_per_floor":[114,114,133,153,153,153,153,153,153,153,228,1,1,21,21,21],"floor_reached":16,"playtime":375,"items_purged":[],"score":276,"play_id":"b47e05b2-f179-458b-8291-70eb6a3524f3","local_time":"20190720045007","is_ascension_mode":true,"campfire_choices":[{"data":"Strike_R","floor":6,"key":"PURGE"},{"data":"Bash","floor":8,"key":"SMITH"},{"data":"Double Tap","floor":15,"key":"SMITH"}],"neow_cost":"","seed_source_timestamp":2473024852442402,"circlet_count":0,"master_deck":["AscendersBane","Strike_R","Strike_R","Defend_R","Defend_R","Defend_R","Defend_R","Bash+1","Double Tap+1"],"relics":["Burning Blood","Lee\u0027s Waffle","Peace Pipe","Dodecahedron","Happy Flower"],"potions_floor_usage":[16],"damage_taken":[{"damage":9,"enemies":"Jaw Worm","floor":1,"turns":6},{"damage":2,"enemies":"Cultist","floor":3,"turns":4},{"damage":6,"enemies":"2 Louse","floor":4,"turns":4},{"damage":11,"enemies":"Blue Slaver","floor":14,"turns":4},{"damage":80,"enemies":"Slime Boss","floor":16,"turns":11}],"seed_played":"-4817506623567529547","potions_obtained":[],"is_trial":false,"path_per_floor":["M","$","M","M","?","R","$","R","T","$","?","$","?","M","R","B"],"character_chosen":"IRONCLAD","items_purchased":["Lee\u0027s Waffle","Peace Pipe","Happy Flower","Block Potion"],"campfire_rested":0,"item_purchase_floors":[0,0,12,12],"current_hp_per_floor":[79,79,82,82,82,82,82,82,82,82,71,71,71,66,66,0],"gold":21,"neow_bonus":"","is_prod":false,"is_daily":false,"chose_seed":false,"campfire_upgraded":2,"win_rate":0,"timestamp":1563591007,"path_taken":["M","$","M","M","?","R","$","R","T","?","?","?","?","?","R","BOSS"],"build_version":"2019-07-17","purchased_purges":0,"victory":false,"max_hp_per_floor":[82,82,82,82,82,82,82,82,82,82,82,82,82,82,82,82],"card_choices":[{"not_picked":["Sword Boomerang","Power Through","Anger"],"picked":"SKIP","floor":1},{"not_picked":["Iron Wave","Second Wind","Clash"],"picked":"SKIP","floor":3},{"not_picked":["Bloodletting","Headbutt","Ghostly Armor"],"picked":"SKIP","floor":4},{"not_picked":["Clothesline","Wild Strike","Battle Trance"],"picked":"SKIP","floor":14}],"player_experience":516666,"relics_obtained":[{"floor":9,"key":"Dodecahedron"}],"event_choices":[{"cards_removed":["Strike_R"],"damage_healed":0,"gold_gain":0,"player_choice":"Purged","damage_taken":0,"max_hp_gain":0,"max_hp_loss":0,"event_name":"Purifier","floor":5,"gold_loss":0},{"damage_healed":0,"gold_gain":75,"player_choice":"Gather Gold","damage_taken":11,"max_hp_gain":0,"max_hp_loss":0,"event_name":"World of Goop","floor":11,"gold_loss":0},{"damage_healed":0,"gold_gain":0,"cards_transformed":["Strike_R"],"player_choice":"Transformed","damage_taken":0,"max_hp_gain":0,"max_hp_loss":0,"event_name":"Transmorgrifier","floor":13,"gold_loss":0,"cards_obtained":["Double Tap"]}],"is_beta":false,"boss_relics":[],"items_purged_floors":[],"is_endless":false,"potions_floor_spawned":[],"killed_by":"Slime Boss","ascension_level":20}