{"gold_per_floor":[368,257,257,275,19,19,19,19,45,59,12,12,28,43,43,162,162,185,185,200,200,1,36,36,49,102,102,166,190,203,227,227,346,346,370,389,70,84,104,137,158,192,192,192,217,157,178,201,201,201,201,201,26,59,59],"floor_reached":56,"playtime":2892,"items_purged":["Strike_G","Defend_G","Strike_G","Defend_G","Acrobatics+1"],"score":1643,"play_id":"1b3b984f-e4ae-4b1a-8625-a37b351ce006","local_time":"20190506024944","is_ascension_mode":false,"campfire_choices":[{"data":"Reflex","floor":6,"key":"SMITH"},{"data":"Neutralize","floor":8,"key":"SMITH"},{"data":"Prepared","floor":15,"key":"SMITH"},{"data":"Acrobatics","floor":24,"key":"SMITH"},{"data":"Footwork","floor":32,"key":"SMITH"},{"floor":49,"key":"RECALL"}],"neow_cost":"TEN_PERCENT_HP_LOSS","seed_source_timestamp":29151104726500,"circlet_count":0,"master_deck":["Defend_G+1","Defend_G+1","Strike_G+1","Survivor+1","Neutralize+1","Dagger Throw+1","Reflex+1","Eviscerate+1","Footwork+1","Grand Finale+1","Acrobatics+1","Prepared+1","Escape Plan+1","Blur+1","Well Laid Plans+1","Tactician+1","Purity+1","Concentrate+1","Backflip+1","Wraith Form v2+1"],"relics":["Ring of the Snake","Blood Vial","Golden Idol","Black Star","Darkstone Periapt","Snake Skull","Whetstone","Paper Crane","Oddly Smooth Stone","Tiny Chest","Coffee Dripper","Vajra","War Paint","Meat on the Bone","Dream Catcher","Mark of the Bloom","Mummified Hand","Art of War"],"potions_floor_usage":[16,16,20,25,33,55,55,55,55,55],"damage_taken":[{"damage":2,"enemies":"Jaw Worm","floor":1,"turns":7},{"damage":0,"enemies":"Cultist","floor":4,"turns":4},{"damage":0,"enemies":"2 Louse","floor":10,"turns":4},{"damage":0,"enemies":"Blue Slaver","floor":13,"turns":2},{"damage":10,"enemies":"Gremlin Gang","floor":14,"turns":4},{"damage":0,"enemies":"The Guardian","floor":16,"turns":10},{"damage":21,"enemies":"2 Thieves","floor":18,"turns":5},{"damage":2,"enemies":"3 Byrds","floor":20,"turns":3},{"damage":10,"enemies":"Book of Stabbing","floor":23,"turns":4},{"damage":0,"enemies":"Sentry and Sphere","floor":25,"turns":3},{"damage":0,"enemies":"Gremlin Leader","floor":28,"turns":2},{"damage":0,"enemies":"Centurion and Healer","floor":29,"turns":2},{"damage":0,"enemies":"3 Cultists","floor":30,"turns":3},{"damage":0,"enemies":"Snake Plant","floor":31,"turns":3},{"damage":0,"enemies":"Automaton","floor":33,"turns":10},{"damage":18,"enemies":"3 Shapes","floor":35,"turns":3},{"damage":0,"enemies":"3 Darklings","floor":36,"turns":2},{"damage":0,"enemies":"Jaw Worm Horde","floor":38,"turns":1},{"damage":0,"enemies":"4 Shapes","floor":39,"turns":3},{"damage":0,"enemies":"Reptomancer","floor":40,"turns":4},{"damage":0,"enemies":"Transient","floor":41,"turns":5},{"damage":0,"enemies":"Nemesis","floor":42,"turns":3},{"damage":0,"enemies":"3 Darklings","floor":45,"turns":1},{"damage":0,"enemies":"Writhing Mass","floor":47,"turns":1},{"damage":0,"enemies":"Jaw Worm Horde","floor":48,"turns":1},{"damage":0,"enemies":"Donu and Deca","floor":50,"turns":2},{"damage":0,"enemies":"Shield and Spear","floor":54,"turns":2},{"damage":0,"enemies":"The Heart","floor":55,"turns":6}],"seed_played":"6985410301434153233","potions_obtained":[{"floor":10,"key":"Dexterity Potion"},{"floor":13,"key":"Block Potion"},{"floor":19,"key":"Explosive Potion"},{"floor":19,"key":"SmokeBomb"},{"floor":19,"key":"Fruit Juice"},{"floor":23,"key":"EntropicBrew"},{"floor":29,"key":"Weak Potion"},{"floor":31,"key":"Energy Potion"},{"floor":33,"key":"Dexterity Potion"}],"is_trial":false,"path_per_floor":["M","$","?","M","$","R","?","R","T","M","$","?","M","M","R","B",null,"M","?","M","?","$","E","R","M","T","?","E","M","M","M","R","B",null,"M","M","$","M","M","E","M","E","T","?","M","?","M","M","R","B",null,"R","$","E","B",null],"character_chosen":"THE_SILENT","items_purchased":["Reflex","Grand Finale","Acrobatics","Escape Plan","Tactician","Purity"],"campfire_rested":0,"item_purchase_floors":[2,5,11,22,37,37],"current_hp_per_floor":[61,61,61,61,61,61,61,61,61,63,63,48,50,42,42,44,63,42,42,47,47,47,39,39,41,41,41,43,45,47,49,49,51,68,50,52,52,54,56,58,60,62,62,62,62,62,62,62,62,62,62,62,62,62,62],"gold":59,"neow_bonus":"TWO_FIFTY_GOLD","is_prod":false,"is_daily":false,"chose_seed":false,"campfire_upgraded":5,"win_rate":0,"timestamp":1557078584,"path_taken":["M","$","?","?","$","R","?","R","T","M","?","?","M","M","R","BOSS","M","?","?","?","$","E","R","M","T","?","E","?","M","M","R","BOSS","M","M","$","M","M","E","M","E","T","?","M","?","M","?","R","BOSS","R","$","E","BOSS"],"build_version":"2019-01-23","purchased_purges":5,"victory":true,"max_hp_per_floor":[63,63,63,63,63,63,63,63,63,63,63,63,63,63,63,63,63,63,63,68,68,68,68,68,68,68,68,68,68,68,68,68,68,68,68,68,68,68,68,68,68,68,68,68,68,68,68,68,68,68,68,68,68,68,68],"card_choices":[{"not_picked":["Infinite Blades","Flechettes"],"picked":"Dagger Throw","floor":1},{"not_picked":["Blade Dance","Quick Slash"],"picked":"Footwork","floor":4},{"not_picked":["Outmaneuver","Slice","Dagger Throw"],"picked":"SKIP","floor":10},{"not_picked":["Dodge and Roll","PiercingWail"],"picked":"Prepared","floor":13},{"not_picked":["Backstab","Bane"],"picked":"Acrobatics","floor":14},{"not_picked":["Poisoned Stab","Slice","Noxious Fumes"],"picked":"SKIP","floor":18},{"not_picked":["Dagger Spray","Deadly Poison","Cloak And Dagger"],"picked":"SKIP","floor":20},{"not_picked":["Slice","Expertise","Sucker Punch+1"],"picked":"SKIP","floor":23},{"not_picked":["Terror","Reflex","Deflect"],"picked":"SKIP","floor":25},{"not_picked":["Choke+1","Outmaneuver"],"picked":"Blur","floor":28},{"not_picked":["Underhanded Strike+1","Dash","Slice"],"picked":"SKIP","floor":29},{"not_picked":["Masterful Stab","Underhanded Strike+1","Bane"],"picked":"SKIP","floor":30},{"not_picked":["Storm of Steel","Slice","Deadly Poison+1"],"picked":"SKIP","floor":31},{"not_picked":["Sucker Punch+1","Reflex+1"],"picked":"Well Laid Plans","floor":35},{"not_picked":["Blade Dance","Sucker Punch","Escape Plan"],"picked":"SKIP","floor":36},{"not_picked":["Underhanded Strike","Well Laid Plans+1","Dagger Throw"],"picked":"SKIP","floor":38},{"not_picked":["Concentrate+1","Flying Knee+1","Underhanded Strike+1"],"picked":"SKIP","floor":39},{"not_picked":["Flying Knee+1","Underhanded Strike+1"],"picked":"Concentrate+1","floor":39},{"not_picked":["Flying Knee+1","Distraction+1"],"picked":"Backflip","floor":40},{"not_picked":["Sucker Punch","Blade Dance","Choke"],"picked":"SKIP","floor":41},{"not_picked":["Malaise","Heel Hook"],"picked":"Wraith Form v2","floor":42},{"not_picked":["Escape Plan","Backflip+1","Sucker Punch+1"],"picked":"SKIP","floor":45},{"not_picked":["Escape Plan","Backflip+1","Sucker Punch+1"],"picked":"SKIP","floor":45},{"not_picked":["Blade Dance","Caltrops+1","Bouncing Flask+1"],"picked":"SKIP","floor":47},{"not_picked":["Backstab+1","All Out Attack","Acrobatics"],"picked":"SKIP","floor":48},{"not_picked":["Flying Knee+1","Deadly Poison+1","Footwork"],"picked":"SKIP","floor":54}],"player_experience":4925514,"relics_obtained":[{"floor":9,"key":"Blood Vial"},{"floor":23,"key":"Darkstone Periapt"},{"floor":23,"key":"Snake Skull"},{"floor":26,"key":"Whetstone"},{"floor":28,"key":"Oddly Smooth Stone"},{"floor":28,"key":"Tiny Chest"},{"floor":40,"key":"Vajra"},{"floor":40,"key":"War Paint"},{"floor":42,"key":"Meat on the Bone"},{"floor":42,"key":"Dream Catcher"},{"floor":54,"key":"Mummified Hand"},{"floor":54,"key":"Art of War"}],"event_choices":[{"damage_healed":0,"gold_gain":0,"cards_transformed":["Strike_G"],"player_choice":"Transformed","damage_taken":0,"max_hp_gain":0,"max_hp_loss":0,"event_name":"Transmorgrifier","floor":3,"gold_loss":0,"cards_obtained":["Eviscerate"]},{"damage_healed":0,"gold_gain":0,"player_choice":"Ignored","damage_taken":0,"max_hp_gain":0,"max_hp_loss":0,"event_name":"NoteForYourself","floor":7,"gold_loss":0},{"damage_healed":0,"gold_gain":0,"player_choice":"Take Damage","damage_taken":15,"relics_obtained":["Golden Idol"],"max_hp_gain":0,"max_hp_loss":0,"event_name":"Golden Idol","floor":12,"gold_loss":0},{"damage_healed":0,"gold_gain":0,"player_choice":"Got Potions","damage_taken":0,"max_hp_gain":0,"max_hp_loss":0,"event_name":"Lab","floor":19,"gold_loss":0},{"cards_removed":["Defend_G"],"damage_healed":0,"gold_gain":0,"player_choice":"Elegance","damage_taken":0,"max_hp_gain":0,"max_hp_loss":0,"event_name":"Back to Basics","floor":21,"gold_loss":0},{"damage_healed":0,"gold_gain":0,"player_choice":"Gave Potion","damage_taken":0,"relics_obtained":["Paper Crane"],"max_hp_gain":0,"max_hp_loss":0,"event_name":"WeMeetAgain","floor":27,"gold_loss":0},{"damage_healed":0,"gold_gain":0,"player_choice":"Upgrade","damage_taken":0,"relics_obtained":["Mark of the Bloom"],"max_hp_gain":0,"max_hp_loss":0,"event_name":"MindBloom","floor":44,"gold_loss":0,"cards_upgraded":["Defend_G","Strike_G","Survivor","Dagger Throw","Eviscerate","Acrobatics","Escape Plan","Blur","Well Laid Plans","Tactician","Backflip","Wraith Form v2"]},{"cards_removed":["Strike_G"],"damage_healed":0,"gold_gain":0,"player_choice":"Single Remove","damage_taken":0,"max_hp_gain":0,"max_hp_loss":0,"event_name":"Designer","floor":46,"gold_loss":60}],"is_beta":false,"boss_relics":[{"not_picked":["WristBlade","Snecko Eye"],"picked":"Black Star"},{"not_picked":["Tiny House","Fusion Hammer"],"picked":"Coffee Dripper"}],"items_purged_floors":[2,5,22,37,53],"is_endless":false,"potions_floor_spawned":[10,13,23,29,31,33,40,41,45,47],"ascension_level":0}