{"gold_per_floor":[14,14,14,14,29,29,57,57,82,82,82,106,66,85,85,181,181,199,199,217,142,155,155,186,186,239,239,252,252,268,293,293,387,450,464,487,487,36,57,57,107,107],"floor_reached":42,"playtime":1171,"items_purged":["Immolate"],"score":832,"play_id":"e78f9b91-3d34-4330-9e1d-db54137869bc","local_time":"20190531011748","is_ascension_mode":true,"campfire_choices":[{"data":"Strike_R","floor":6.0,"key":"PURGE"},{"data":"Strike_R","floor":8.0,"key":"PURGE"},{"data":"Strike_R","floor":10.0,"key":"PURGE"},{"data":"Pommel Strike","floor":15.0,"key":"SMITH"},{"data":"Blood for Blood","floor":23.0,"key":"SMITH"},{"data":"Bash","floor":25.0,"key":"PURGE"},{"floor":29.0,"key":"REST"},{"floor":32.0,"key":"REST"},{"data":"Armaments","floor":40.0,"key":"SMITH"}],"neow_cost":"NO_GOLD","seed_source_timestamp":357980543441900,"circlet_count":0,"master_deck":["AscendersBane","Defend_R","Defend_R+1","Defend_R","Defend_R","Second Wind","Pommel Strike+1","Blood for Blood+1","Dual Wield+1","Shrug It Off","J.A.X.","Feel No Pain+1","Ghostly Armor+1","Dark Embrace","Body Slam","Seeing Red","Master of Strategy","Armaments+1"],"special_seed":0,"relics":["Burning Blood","Peace Pipe","Strawberry","Pen Nib","Golden Idol","Black Star","Nunchaku","Blue Candle","Regal Pillow","Tiny House","Bag of Preparation"],"potions_floor_usage":[],"damage_taken":[{"damage":4.0,"enemies":"2 Louse","floor":1.0,"turns":4.0},{"damage":5.0,"enemies":"Small Slimes","floor":5.0,"turns":4.0},{"damage":50.0,"enemies":"3 Sentries","floor":7.0,"turns":11.0},{"damage":0.0,"enemies":"Cultist","floor":12.0,"turns":3.0},{"damage":2.0,"enemies":"Looter","floor":14.0,"turns":3.0},{"damage":28.0,"enemies":"Hexaghost","floor":16.0,"turns":6.0},{"damage":13.0,"enemies":"Chosen","floor":18.0,"turns":5.0},{"damage":21.0,"enemies":"3 Byrds","floor":20.0,"turns":4.0},{"damage":1.0,"enemies":"Centurion and Healer","floor":22.0,"turns":4.0},{"damage":17.0,"enemies":"Book of Stabbing","floor":24.0,"turns":3.0},{"damage":18.0,"enemies":"Snake Plant","floor":28.0,"turns":3.0},{"damage":29.0,"enemies":"Snecko","floor":30.0,"turns":5.0},{"damage":10.0,"enemies":"Sentry and Sphere","floor":31.0,"turns":4.0},{"damage":17.0,"enemies":"Automaton","floor":33.0,"turns":6.0},{"damage":40.0,"enemies":"3 Darklings","floor":35.0,"turns":4.0},{"damage":27.0,"enemies":"Orb Walker","floor":36.0,"turns":6.0},{"damage":27.0,"enemies":"3 Darklings","floor":39.0,"turns":4.0},{"damage":51,"enemies":"Reptomancer","floor":42,"turns":2}],"seed_played":"-3834099446455870641","potions_obtained":[{"floor":1.0,"key":"FairyPotion"},{"floor":13.0,"key":"AttackPotion"},{"floor":18.0,"key":"Fire Potion"},{"floor":30.0,"key":"Weak Potion"},{"floor":34.0,"key":"FearPotion"},{"floor":36.0,"key":"Dexterity Potion"}],"is_trial":false,"path_per_floor":["M","$","?","?","M","R","E","R","T","R","?","M","?","M","R","B",null,"M","?","M","?","M","R","E","R","T","?","M","R","M","M","R","B",null,"M","M","?","$","M","R","?","E"],"character_chosen":"IRONCLAD","items_purchased":["Master of Strategy","Bag of Preparation"],"campfire_rested":2,"item_purchase_floors":[38,38],"current_hp_per_floor":[70,70,70,70,71,71,34,34,34,34,34,40,40,44,44,22,61,54,54,39,39,44,44,33,33,33,33,21,58,35,31,68,57,75,41,20,65,65,44,44,44,0],"gold":107,"neow_bonus":"ONE_RARE_RELIC","is_prod":false,"is_daily":false,"chose_seed":false,"campfire_upgraded":3,"win_rate":0,"timestamp":1559233068,"path_taken":["M","$","?","?","M","R","E","R","T","R","?","M","?","M","R","BOSS","M","?","M","?","M","R","E","R","T","?","M","R","M","M","R","BOSS","M","M","?","$","M","R","?","E"],"build_version":"2019-01-23","purchased_purges":1,"victory":false,"max_hp_per_floor":[75,75,75,75,75,75,82,82,82,82,74,74,74,74,74,74,74,74,74,74,74,74,74,74,74,74,74,74,74,74,74,74,74,79,79,79,65,65,65,65,65,65],"card_choices":[{"not_picked":["Armaments","Shrug It Off"],"picked":"Second Wind","floor":1.0},{"not_picked":["True Grit","Sword Boomerang"],"picked":"Blood for Blood","floor":5.0},{"not_picked":["Flame Barrier","Sword Boomerang","Iron Wave"],"picked":"SKIP","floor":7.0},{"not_picked":["Pommel Strike","Anger","Iron Wave"],"picked":"SKIP","floor":12.0},{"not_picked":["Seeing Red","Shockwave","Cleave"],"picked":"SKIP","floor":14.0},{"not_picked":["Brutality","Feed"],"picked":"Immolate","floor":16.0},{"not_picked":["Dropkick","Armaments"],"picked":"Dual Wield+1","floor":18.0},{"not_picked":["Seeing Red","Armaments"],"picked":"Shrug It Off","floor":20.0},{"not_picked":["Disarm","Pummel","Iron Wave"],"picked":"SKIP","floor":22.0},{"not_picked":["Cleave","Clothesline","Headbutt"],"picked":"SKIP","floor":24.0},{"not_picked":["Corruption","Hemokinesis","Clash"],"picked":"SKIP","floor":28.0},{"not_picked":["Anger","Pommel Strike"],"picked":"Feel No Pain+1","floor":30.0},{"not_picked":["Carnage","True Grit"],"picked":"Ghostly Armor+1","floor":31.0},{"not_picked":["Exhume","Reaper"],"picked":"Dark Embrace","floor":33.0},{"not_picked":["Uppercut+1","Anger"],"picked":"Body Slam","floor":34.0},{"not_picked":["Wild Strike","Disarm"],"picked":"Seeing Red","floor":35.0},{"not_picked":["Anger","Twin Strike+1","Infernal Blade+1"],"picked":"SKIP","floor":36.0},{"not_picked":["Evolve","Anger"],"picked":"Armaments","floor":39.0}],"player_experience":5219397,"relics_obtained":[{"floor":7.0,"key":"Strawberry"},{"floor":9.0,"key":"Pen Nib"},{"floor":24.0,"key":"Nunchaku"},{"floor":24.0,"key":"Blue Candle"},{"floor":26.0,"key":"Regal Pillow"}],"event_choices":[{"damage_healed":0.0,"max_hp_gain":0.0,"max_hp_loss":0.0,"gold_gain":0.0,"event_name":"Liars Game","player_choice":"Ignored","floor":3.0,"gold_loss":0.0,"damage_taken":0.0},{"damage_healed":0.0,"max_hp_gain":0.0,"max_hp_loss":0.0,"gold_gain":0.0,"cards_transformed":["Strike_R"],"event_name":"Living Wall","player_choice":"Change","floor":4.0,"gold_loss":0.0,"damage_taken":0.0,"cards_obtained":["Pommel Strike"]},{"damage_healed":0.0,"max_hp_gain":0.0,"max_hp_loss":8.0,"gold_gain":0.0,"event_name":"Golden Idol","player_choice":"Lose Max HP","floor":11.0,"gold_loss":0.0,"damage_taken":0.0,"relics_obtained":["Golden Idol"]},{"damage_healed":0.0,"max_hp_gain":0.0,"max_hp_loss":0.0,"gold_gain":0.0,"event_name":"The Woman in Blue","player_choice":"Bought 3 Potions","floor":13.0,"gold_loss":0.0,"damage_taken":0.0},{"damage_healed":0.0,"max_hp_gain":0.0,"max_hp_loss":0.0,"gold_gain":0.0,"event_name":"Ghosts","player_choice":"Ignored","floor":19.0,"gold_loss":0.0,"damage_taken":0.0},{"cards_removed":["Strike_R"],"damage_healed":0.0,"max_hp_gain":0.0,"max_hp_loss":0.0,"gold_gain":0.0,"event_name":"Beggar","player_choice":"Gave Gold","floor":21.0,"gold_loss":75.0,"damage_taken":0.0},{"damage_healed":0.0,"max_hp_gain":0.0,"max_hp_loss":0.0,"gold_gain":0.0,"event_name":"Drug Dealer","player_choice":"Obtain J.A.X.","floor":27.0,"gold_loss":0.0,"damage_taken":0.0,"cards_obtained":["J.A.X."]},{"damage_healed":65.0,"max_hp_gain":0.0,"max_hp_loss":14.0,"gold_gain":0.0,"event_name":"The Moai Head","player_choice":"Heal","floor":37.0,"gold_loss":0.0,"damage_taken":0.0},{"damage_healed":0.0,"max_hp_gain":0.0,"max_hp_loss":0.0,"gold_gain":50.0,"event_name":"Golden Shrine","player_choice":"Pray","floor":41.0,"gold_loss":0.0,"damage_taken":0.0}],"is_beta":false,"boss_relics":[{"not_picked":["White Beast Statue","Lizard Tail"],"picked":"Black Star"},{"not_picked":["Eternal Feather","Busted Crown"],"picked":"Tiny House"}],"items_purged_floors":[38],"is_endless":false,"potions_floor_spawned":[1,16,18,20,30,36],"killed_by":"Reptomancer","ascension_level":20}