{"gold_per_floor":[119,129,148,162,173,173,198,213,240,252,252,279,279,279,279,351,351,371,385,385,403,420,420,437,464,491,491,7,7,7,37,37,114,114,134,134,153,169,184,218,218,246,297,323,11,11,11,38,38,58,78,78,78,23,53,53],"floor_reached":57,"playtime":2296,"items_purged":["Strike_R"],"score":2894,"play_id":"1774e977-e685-440d-b233-8e7949b828fa","local_time":"20190505010319","is_ascension_mode":true,"campfire_choices":[{"data":"Perfected Strike","floor":6,"key":"SMITH"},{"data":"Immolate","floor":11,"key":"SMITH"},{"data":"Burning Pact","floor":13,"key":"SMITH"},{"data":"Shockwave","floor":15,"key":"SMITH"},{"data":"Dual Wield","floor":23,"key":"SMITH"},{"data":"Demon Form","floor":32,"key":"SMITH"},{"data":"Heavy Blade","floor":41,"key":"SMITH"},{"floor":49,"key":"RECALL"},{"data":"Armaments","floor":53,"key":"SMITH"}],"neow_cost":"NONE","seed_source_timestamp":1200449845100600,"circlet_count":0,"master_deck":["AscendersBane","Strike_R","Strike_R","Strike_R","Defend_R","Defend_R","Defend_R","Bash","Perfected Strike+1","Headbutt","Shrug It Off","Seeing Red","Battle Trance","Pommel Strike","Immolate+1","Shockwave+1","Burning Pact+1","Dark Embrace","Seeing Red","Power Through","Sever Soul+1","Dual Wield+1","Flame Barrier","Dark Embrace","Second Wind","Demon Form+1","Demon Form","Heavy Blade+1","Dropkick","Uppercut+1","Armaments+1","Feel No Pain+1","Ghostly Armor","Feed","Magnetism","True Grit+1","Bludgeon"],"relics":["Burning Blood","Strawberry","Vajra","Turnip","Snecko Eye","Nloth\u0027s Gift","Juzu Bracelet","Lantern","Bird Faced Urn","Bag of Preparation","Mark of Pain","Red Skull","Bottled Flame","Magic Flower","Bronze Scales","Oddly Smooth Stone"],"potions_floor_usage":[7,16,16,18,24,31,44,56],"damage_taken":[{"damage":4,"enemies":"Jaw Worm","floor":1,"turns":4},{"damage":2,"enemies":"Cultist","floor":2,"turns":4},{"damage":5,"enemies":"2 Louse","floor":3,"turns":3},{"damage":6,"enemies":"Exordium Thugs","floor":4,"turns":4},{"damage":8,"enemies":"Blue Slaver","floor":5,"turns":3},{"damage":14,"enemies":"Lagavulin","floor":7,"turns":5},{"damage":0,"enemies":"2 Fungi Beasts","floor":8,"turns":2},{"damage":16,"enemies":"Gremlin Gang","floor":10,"turns":3},{"damage":10,"enemies":"3 Sentries","floor":12,"turns":3},{"damage":24,"enemies":"The Guardian","floor":16,"turns":16},{"damage":4,"enemies":"Shell Parasite","floor":18,"turns":3},{"damage":0,"enemies":"Chosen","floor":19,"turns":3},{"damage":0,"enemies":"Centurion and Healer","floor":21,"turns":1},{"damage":0,"enemies":"Snecko","floor":22,"turns":2},{"damage":10,"enemies":"Snake Plant","floor":24,"turns":3},{"damage":16,"enemies":"Slavers","floor":25,"turns":4},{"damage":14,"enemies":"Book of Stabbing","floor":31,"turns":4},{"damage":21,"enemies":"Champ","floor":33,"turns":5},{"damage":0,"enemies":"3 Darklings","floor":35,"turns":2},{"damage":4,"enemies":"Orb Walker","floor":37,"turns":3},{"damage":0,"enemies":"Jaw Worm Horde","floor":38,"turns":3},{"damage":0,"enemies":"3 Darklings","floor":39,"turns":2},{"damage":35,"enemies":"Giant Head","floor":40,"turns":6},{"damage":25,"enemies":"Nemesis","floor":42,"turns":5},{"damage":42,"enemies":"Reptomancer","floor":44,"turns":4},{"damage":17,"enemies":"Nemesis","floor":48,"turns":5},{"damage":18,"enemies":"Time Eater","floor":50,"turns":6},{"damage":34,"enemies":"Donu and Deca","floor":51,"turns":8},{"damage":38,"enemies":"Shield and Spear","floor":55,"turns":5},{"damage":88,"enemies":"The Heart","floor":56,"turns":8}],"seed_played":"-5972328831803911641","potions_obtained":[{"floor":2,"key":"Poison Potion"},{"floor":4,"key":"EssenceOfSteel"},{"floor":7,"key":"Dexterity Potion"},{"floor":12,"key":"Fire Potion"},{"floor":16,"key":"Block Potion"},{"floor":21,"key":"FearPotion"},{"floor":22,"key":"AttackPotion"},{"floor":25,"key":"FairyPotion"},{"floor":38,"key":"SkillPotion"},{"floor":39,"key":"GamblersBrew"},{"floor":40,"key":"Strength Potion"},{"floor":55,"key":"Energy Potion"}],"is_trial":false,"path_per_floor":["M","M","M","M","M","R","E","M","T","M","R","E","R","?","R","B",null,"M","M","?","M","M","R","M","E","T","?","$","?","?","E","R","B",null,"M","?","M","M","M","E","R","E","T","E","$","?","?","E","R","B","B",null,"R","$","E","B",null],"character_chosen":"IRONCLAD","items_purchased":["Second Wind","Bird Faced Urn","Magnetism","SmokeBomb","SpeedPotion"],"campfire_rested":0,"item_purchase_floors":[28,28,45,45,54],"current_hp_per_floor":[77,81,82,82,80,80,79,85,85,75,75,71,71,60,60,44,78,82,89,89,89,89,89,85,75,75,75,75,75,49,45,45,34,79,89,89,94,94,94,68,68,55,55,23,23,23,23,30,30,39,40,83,83,83,66,20],"gold":53,"neow_bonus":"TEN_PERCENT_HP_BONUS","is_prod":false,"is_daily":false,"chose_seed":false,"campfire_upgraded":8,"win_rate":0,"timestamp":1556985799,"path_taken":["M","M","M","M","M","R","E","M","T","M","R","E","R","?","R","BOSS","M","M","?","M","M","R","?","E","T","?","$","?","?","E","R","BOSS","M","?","M","M","M","E","R","E","T","E","$","?","?","E","R","BOSS","BOSS","R","$","E","BOSS"],"build_version":"2019-01-23","purchased_purges":1,"victory":true,"max_hp_per_floor":[82,82,82,82,82,82,89,89,89,89,89,89,89,89,89,89,89,89,89,89,89,89,89,89,89,89,89,89,89,94,94,94,94,94,94,94,94,94,94,94,94,94,94,94,94,94,94,94,94,94,97,97,97,97,97,97],"card_choices":[{"not_picked":["Shrug It Off","Flex"],"picked":"Perfected Strike","floor":1},{"not_picked":["Body Slam","Sentinel"],"picked":"Headbutt","floor":2},{"not_picked":["Armaments","Sever Soul"],"picked":"Shrug It Off","floor":3},{"not_picked":["Corruption","Fire Breathing"],"picked":"Seeing Red","floor":4},{"not_picked":["True Grit","Cleave"],"picked":"Battle Trance","floor":5},{"not_picked":["Flex","Headbutt"],"picked":"Pommel Strike","floor":7},{"not_picked":["Combust","Inflame"],"picked":"Immolate","floor":8},{"not_picked":["Armaments","Iron Wave"],"picked":"Shockwave","floor":10},{"not_picked":["Havoc","Warcry"],"picked":"Burning Pact","floor":12},{"not_picked":["Exhume","Berserk"],"picked":"Dark Embrace","floor":16},{"not_picked":["Havoc","Power Through"],"picked":"Seeing Red","floor":18},{"not_picked":["Wild Strike","True Grit"],"picked":"Power Through","floor":19},{"not_picked":["Warcry","Clothesline"],"picked":"Sever Soul+1","floor":21},{"not_picked":["Dark Embrace","Anger"],"picked":"Dual Wield","floor":22},{"not_picked":["Heavy Blade","Twin Strike"],"picked":"Flame Barrier","floor":24},{"not_picked":["Heavy Blade","Headbutt+1","Rage"],"picked":"SKIP","floor":25},{"not_picked":["Shrug It Off","Sword Boomerang"],"picked":"Demon Form","floor":31},{"not_picked":["Double Tap","Offering"],"picked":"Demon Form","floor":33},{"not_picked":["Sword Boomerang","Perfected Strike"],"picked":"Heavy Blade","floor":35},{"not_picked":["Combust","Fire Breathing"],"picked":"Uppercut+1","floor":37},{"not_picked":["Burning Pact","Iron Wave+1"],"picked":"Armaments","floor":38},{"not_picked":["Flex+1","Warcry"],"picked":"Feel No Pain+1","floor":39},{"not_picked":["Sword Boomerang","Berserk"],"picked":"Ghostly Armor","floor":40},{"not_picked":["Cleave+1","Wild Strike"],"picked":"Feed","floor":42},{"not_picked":["Offering","Twin Strike","Perfected Strike"],"picked":"SKIP","floor":44},{"not_picked":["Shrug It Off","Feed"],"picked":"True Grit+1","floor":48},{"not_picked":["Anger+1","True Grit"],"picked":"Bludgeon","floor":55}],"player_experience":4911865,"relics_obtained":[{"floor":7,"key":"Strawberry"},{"floor":9,"key":"Vajra"},{"floor":12,"key":"Turnip"},{"floor":25,"key":"Juzu Bracelet"},{"floor":26,"key":"Lantern"},{"floor":31,"key":"Bag of Preparation"},{"floor":40,"key":"Red Skull"},{"floor":42,"key":"Bottled Flame"},{"floor":44,"key":"Magic Flower"},{"floor":48,"key":"Bronze Scales"},{"floor":55,"key":"Oddly Smooth Stone"}],"event_choices":[{"damage_healed":0,"gold_gain":0,"player_choice":"Success","damage_taken":11,"relics_obtained":["Blood Vial"],"max_hp_gain":0,"max_hp_loss":0,"event_name":"Scrap Ooze","floor":14,"gold_loss":0},{"damage_healed":0,"gold_gain":0,"player_choice":"Traded Relic","damage_taken":0,"relics_obtained":["Nloth\u0027s Gift"],"max_hp_gain":0,"max_hp_loss":0,"event_name":"N\u0027loth","floor":20,"relics_lost":["Blood Vial"],"gold_loss":0},{"damage_healed":0,"gold_gain":0,"cards_transformed":["Defend_R"],"player_choice":"Transformed","damage_taken":0,"max_hp_gain":0,"max_hp_loss":0,"event_name":"Transmorgrifier","floor":27,"gold_loss":0,"cards_obtained":["Dark Embrace"]},{"damage_healed":0,"gold_gain":0,"player_choice":"Ignored","damage_taken":0,"max_hp_gain":0,"max_hp_loss":0,"event_name":"Beggar","floor":29,"gold_loss":0},{"damage_healed":0,"gold_gain":0,"player_choice":"Shed Blood","damage_taken":31,"max_hp_gain":5,"max_hp_loss":0,"event_name":"Forgotten Altar","floor":30,"gold_loss":0},{"damage_healed":0,"gold_gain":0,"cards_transformed":["Strike_R"],"player_choice":"Transformed","damage_taken":0,"max_hp_gain":0,"max_hp_loss":0,"event_name":"Transmorgrifier","floor":36,"gold_loss":0,"cards_obtained":["Dropkick"]},{"damage_healed":0,"gold_gain":0,"player_choice":"Memory 1","damage_taken":0,"max_hp_gain":0,"max_hp_loss":0,"event_name":"SensoryStone","floor":46,"gold_loss":0},{"damage_healed":0,"gold_gain":0,"player_choice":"Ignored","damage_taken":0,"max_hp_gain":0,"max_hp_loss":0,"event_name":"Mysterious Sphere","floor":47,"gold_loss":0}],"is_beta":false,"boss_relics":[{"not_picked":["Lizard Tail","Tiny House"],"picked":"Snecko Eye"},{"not_picked":["Fusion Hammer","Pandora\u0027s Box"],"picked":"Mark of Pain"}],"items_purged_floors":[28],"is_endless":false,"potions_floor_spawned":[2,4,7,12,16,21,22,25,38,39,40,55],"ascension_level":20}