{"gold_per_floor":[114,128,128,139,12,42,55,67,136,161,225,250,268,281,281,352,352,362,362,412,412,429,461,461,522,574,588,548,563,563,594,594,665,665,684,347,347,27,45,77,77,107,158,172,205,205,205,205,205,205,205,205,205,52,52],"floor_reached":55,"playtime":2074,"items_purged":["Defend_R","Hemokinesis+1","Defend_R","Brutality"],"score":2241,"play_id":"28dd8a5a-648d-4cdc-af7c-296c3cf49b7b","local_time":"20190618012705","is_ascension_mode":true,"campfire_choices":[{"data":"Dual Wield","floor":15.0,"key":"SMITH"},{"data":"Feed","floor":24.0,"key":"SMITH"},{"data":"J.A.X.","floor":30.0,"key":"SMITH"},{"floor":32.0,"key":"REST"},{"data":"Apotheosis","floor":41.0,"key":"SMITH"},{"floor":49.0,"key":"RECALL"},{"data":"Barricade","floor":53.0,"key":"SMITH"}],"neow_cost":"","seed_source_timestamp":0,"circlet_count":0,"master_deck":["Hemokinesis+1","Hemokinesis+1","Hemokinesis+1","Hemokinesis+1","Defend_R","Bash+1","Feel No Pain","True Grit","Dual Wield+1","Feel No Pain","Battle Trance+1","Rage","Power Through","J.A.X.+1","Feed+1","Evolve","Barricade+1","Brutality","Disarm","Apotheosis+1","Shrug It Off+1","Combust+1","True Grit+1","Entrench","Brutality+1","True Grit","Evolve+1"],"special_seed":0,"relics":["Burning Blood","Magic Flower","Burning Blood","Meat on the Bone","Mango","Pear","Ice Cream","Whetstone","Juzu Bracelet","Black Star","Charon\u0027s Ashes","Red Skull","Tiny Chest","Bottled Lightning","Smiling Mask","Gambling Chip","Dead Branch","Sozu","Paper Frog","Matryoshka","Bottled Tornado","Frozen Egg 2","PreservedInsect","War Paint","Boot","Dream Catcher","Shuriken","Gremlin Horn"],"potions_floor_usage":[],"damage_taken":[{"damage":6.0,"enemies":"Cultist","floor":1.0,"turns":1.0},{"damage":13.0,"enemies":"Jaw Worm","floor":2.0,"turns":2.0},{"damage":5.0,"enemies":"2 Louse","floor":4.0,"turns":2.0},{"damage":40.0,"enemies":"3 Sentries","floor":6.0,"turns":4.0},{"damage":8.0,"enemies":"2 Fungi Beasts","floor":7.0,"turns":2.0},{"damage":6.0,"enemies":"Large Slime","floor":8.0,"turns":2.0},{"damage":25.0,"enemies":"Lagavulin","floor":10.0,"turns":5.0},{"damage":6.0,"enemies":"Gremlin Nob","floor":11.0,"turns":2.0},{"damage":6.0,"enemies":"Gremlin Nob","floor":12.0,"turns":2.0},{"damage":14.0,"enemies":"Lots of Slimes","floor":13.0,"turns":3.0},{"damage":4.0,"enemies":"Red Slaver","floor":14.0,"turns":1.0},{"damage":17.0,"enemies":"Slime Boss","floor":16.0,"turns":4.0},{"damage":52.0,"enemies":"Shell Parasite","floor":18.0,"turns":4.0},{"damage":36.0,"enemies":"3 Byrds","floor":22.0,"turns":5.0},{"damage":73.0,"enemies":"Book of Stabbing","floor":23.0,"turns":4.0},{"damage":56.0,"enemies":"Gremlin Leader","floor":25.0,"turns":6.0},{"damage":21.0,"enemies":"Sentry and Sphere","floor":27.0,"turns":4.0},{"damage":29.0,"enemies":"Centurion and Healer","floor":29.0,"turns":4.0},{"damage":65.0,"enemies":"Book of Stabbing","floor":31.0,"turns":4.0},{"damage":43.0,"enemies":"Collector","floor":33.0,"turns":10.0},{"damage":17.0,"enemies":"Orb Walker","floor":35.0,"turns":3.0},{"damage":19.0,"enemies":"3 Shapes","floor":39.0,"turns":6.0},{"damage":62.0,"enemies":"Reptomancer","floor":40.0,"turns":6.0},{"damage":77.0,"enemies":"Nemesis","floor":42.0,"turns":17.0},{"damage":31.0,"enemies":"Writhing Mass","floor":44.0,"turns":9.0},{"damage":26.0,"enemies":"Reptomancer","floor":45.0,"turns":6.0},{"damage":40.0,"enemies":"Time Eater","floor":50.0,"turns":12.0},{"damage":39.0,"enemies":"Awakened One","floor":51.0,"turns":10.0},{"damage":100,"enemies":"Shield and Spear","floor":55,"turns":8}],"seed_played":"-1541159955451780731","potions_obtained":[{"floor":2.0,"key":"Dexterity Potion"},{"floor":8.0,"key":"PowerPotion"},{"floor":10.0,"key":"Regen Potion"},{"floor":13.0,"key":"PowerPotion"},{"floor":22.0,"key":"BloodPotion"},{"floor":28.0,"key":"EssenceOfSteel"},{"floor":28.0,"key":"EssenceOfSteel"},{"floor":33.0,"key":"Explosive Potion"}],"is_trial":true,"path_per_floor":["M","M","?","M","$","E","M","M","T","E","?","E","M","M","R","B",null,"M","?","?","?","M","E","R","E","T","M","?","M","R","E","R","B",null,"M","$","?","$","M","E","R","E","T","M","E","T","?","?","R","B","B",null,"R","$","E"],"character_chosen":"IRONCLAD","items_purchased":["True Grit","Paper Frog","Apotheosis","Shrug It Off","True Grit","Evolve+1"],"campfire_rested":1,"item_purchase_floors":[5,36,38,38,54,54],"current_hp_per_floor":[75,75,75,75,75,85,89,89,99,92,99,99,99,99,99,99,99,83,83,83,83,83,60,60,40,40,61,61,74,74,45,77,70,98,99,99,99,99,104,78,78,37,37,42,52,52,52,52,52,48,45,95,95,95,0],"gold":52,"neow_bonus":"","is_prod":false,"is_daily":false,"chose_seed":false,"campfire_upgraded":5,"win_rate":0,"timestamp":1560788825,"path_taken":["M","M","?","M","?","E","?","M","T","E","?","E","M","M","R","BOSS","M","?","?","?","M","E","R","E","T","M","?","M","R","E","R","BOSS","M","$","?","$","M","E","R","E","T","M","E","?","?","?","R","BOSS","BOSS","R","$","E"],"build_version":"2019-01-23","purchased_purges":4,"victory":false,"max_hp_per_floor":[75,75,75,75,75,89,89,89,99,99,99,99,99,99,99,99,99,99,99,99,99,99,99,99,99,99,103,103,107,107,107,107,107,107,107,107,107,107,111,111,111,111,111,111,111,111,111,111,111,111,111,111,111,111,111],"card_choices":[{"not_picked":["Sword Boomerang","Wild Strike"],"picked":"Feel No Pain","floor":1.0},{"not_picked":["True Grit","Body Slam"],"picked":"Thunderclap","floor":2.0},{"not_picked":["Rampage","Intimidate","Anger"],"picked":"SKIP","floor":4.0},{"not_picked":["Twin Strike","Inflame"],"picked":"Dual Wield","floor":6.0},{"not_picked":["Immolate","Entrench","Carnage"],"picked":"SKIP","floor":7.0},{"not_picked":["Anger","Havoc"],"picked":"Feel No Pain","floor":8.0},{"not_picked":["Sword Boomerang","Clothesline"],"picked":"Battle Trance","floor":10.0},{"not_picked":["Warcry","Shrug It Off"],"picked":"Rage","floor":11.0},{"not_picked":["Infernal Blade","Cleave","Twin Strike"],"picked":"SKIP","floor":12.0},{"not_picked":["Infernal Blade","Cleave","Twin Strike"],"picked":"SKIP","floor":12.0},{"not_picked":["Infernal Blade","Cleave","Twin Strike"],"picked":"SKIP","floor":12.0},{"not_picked":["Warcry","Thunderclap","Sword Boomerang"],"picked":"SKIP","floor":13.0},{"not_picked":["Dual Wield","Cleave","Headbutt"],"picked":"SKIP","floor":14.0},{"not_picked":["Dark Embrace","Barricade"],"picked":"Brutality","floor":16.0},{"not_picked":["Body Slam","Havoc"],"picked":"Power Through","floor":18.0},{"not_picked":["Heavy Blade","Warcry","Clothesline"],"picked":"SKIP","floor":22.0},{"not_picked":["Twin Strike","Warcry+1"],"picked":"Feed","floor":23.0},{"not_picked":["Carnage","Heavy Blade"],"picked":"Evolve","floor":25.0},{"not_picked":["Warcry","Anger","Sword Boomerang"],"picked":"SKIP","floor":27.0},{"not_picked":["Havoc","Wild Strike","Headbutt"],"picked":"SKIP","floor":29.0},{"not_picked":["Shockwave","Headbutt"],"picked":"Barricade","floor":31.0},{"not_picked":["Limit Break","Bludgeon"],"picked":"Brutality","floor":33.0},{"not_picked":["Shrug It Off","Havoc"],"picked":"Disarm","floor":35.0},{"not_picked":["Sentinel","Clothesline+1"],"picked":"Combust+1","floor":39.0},{"not_picked":["Carnage","Cleave","Heavy Blade"],"picked":"SKIP","floor":40.0},{"not_picked":["Searing Blow","Flex"],"picked":"True Grit+1","floor":42.0},{"not_picked":["Perfected Strike+1","Inflame+1"],"picked":"Entrench","floor":44.0},{"not_picked":["Combust+1","Shrug It Off"],"picked":"Brutality+1","floor":45.0}],"player_experience":5399134,"relics_obtained":[{"floor":6.0,"key":"Mango"},{"floor":9.0,"key":"Pear"},{"floor":10.0,"key":"Ice Cream"},{"floor":11.0,"key":"Whetstone"},{"floor":12.0,"key":"Juzu Bracelet"},{"floor":23.0,"key":"Charon\u0027s Ashes"},{"floor":23.0,"key":"Red Skull"},{"floor":25.0,"key":"Tiny Chest"},{"floor":25.0,"key":"Bottled Lightning"},{"floor":26.0,"key":"Smiling Mask"},{"floor":31.0,"key":"Gambling Chip"},{"floor":31.0,"key":"Dead Branch"},{"floor":40.0,"key":"Matryoshka"},{"floor":40.0,"key":"Bottled Tornado"},{"floor":42.0,"key":"Frozen Egg 2"},{"floor":42.0,"key":"PreservedInsect"},{"floor":43.0,"key":"War Paint"},{"floor":45.0,"key":"Boot"},{"floor":45.0,"key":"Dream Catcher"},{"floor":46.0,"key":"Shuriken"},{"floor":46.0,"key":"Gremlin Horn"}],"event_choices":[{"damage_healed":0.0,"max_hp_gain":0.0,"max_hp_loss":0.0,"gold_gain":0.0,"event_name":"Accursed Blacksmith","player_choice":"Forge","floor":3.0,"gold_loss":0.0,"damage_taken":0.0,"cards_upgraded":["Bash"]},{"damage_healed":0.0,"max_hp_gain":0.0,"max_hp_loss":0.0,"gold_gain":0.0,"event_name":"Dead Adventurer","player_choice":"Searched \u00272\u0027 times","floor":11.0,"gold_loss":0.0,"damage_taken":0.0},{"damage_healed":0.0,"max_hp_gain":0.0,"max_hp_loss":0.0,"gold_gain":0.0,"event_name":"Drug Dealer","player_choice":"Obtain J.A.X.","floor":19.0,"gold_loss":0.0,"damage_taken":0.0,"cards_obtained":["J.A.X."]},{"damage_healed":0.0,"max_hp_gain":0.0,"max_hp_loss":0.0,"gold_gain":50.0,"event_name":"Nest","player_choice":"Stole From Cult","floor":20.0,"gold_loss":0.0,"damage_taken":0.0},{"damage_healed":0.0,"max_hp_gain":0.0,"max_hp_loss":0.0,"gold_gain":0.0,"event_name":"Ghosts","player_choice":"Ignored","floor":21.0,"gold_loss":0.0,"damage_taken":0.0},{"damage_healed":0.0,"max_hp_gain":0.0,"max_hp_loss":0.0,"gold_gain":0.0,"event_name":"The Woman in Blue","player_choice":"Bought 3 Potions","floor":28.0,"gold_loss":0.0,"damage_taken":0.0},{"cards_removed":["Defend_R"],"damage_healed":0.0,"max_hp_gain":0.0,"max_hp_loss":0.0,"gold_gain":0.0,"event_name":"Purifier","player_choice":"Purged","floor":37.0,"gold_loss":0.0,"damage_taken":0.0},{"cards_removed":["Thunderclap"],"damage_healed":0.0,"max_hp_gain":0.0,"max_hp_loss":0.0,"gold_gain":0.0,"event_name":"Falling","player_choice":"Removed Attack","floor":47.0,"gold_loss":0.0,"damage_taken":0.0},{"damage_healed":0.0,"max_hp_gain":0.0,"max_hp_loss":0.0,"gold_gain":0.0,"event_name":"Tomb of Lord Red Mask","player_choice":"Ignored","floor":48.0,"gold_loss":0.0,"damage_taken":0.0}],"is_beta":false,"boss_relics":[{"not_picked":["Pandora\u0027s Box","Busted Crown"],"picked":"Black Star"},{"not_picked":["Cursed Key","Runic Cube"],"picked":"Sozu"}],"items_purged_floors":[5,36,38,54],"is_endless":false,"potions_floor_spawned":[2,8,10,12,13,22,29,33,40,42],"killed_by":"Shield and Spear","ascension_level":20}