{"gold_per_floor":[17,27,38,51,0,29,29,59,59,88,88,120,137,150,150,224,224,237,237,162,179,45,80,90,90,117,132,146,146,61,95,107,193,205,230,254,285,297,329,341,385,397,409,381,293,3,50,68,68,68,68,68,68,11,45,45],"floor_reached":57,"playtime":2695,"items_purged":["Strike_R","Strike_R"],"score":2754,"play_id":"593bac52-d474-465e-b90b-0292ec4a92df","local_time":"20190531020351","is_ascension_mode":true,"campfire_choices":[{"data":"Immolate","floor":7,"key":"SMITH"},{"floor":11,"key":"REST"},{"data":"Evolve","floor":15,"key":"SMITH"},{"data":"Armaments","floor":25,"key":"SMITH"},{"data":"Demon Form","floor":32,"key":"SMITH"},{"floor":40,"key":"RECALL"},{"data":"Offering","floor":49,"key":"SMITH"},{"data":"Dual Wield","floor":53,"key":"SMITH"}],"neow_cost":"NO_GOLD","seed_source_timestamp":359381052111400,"circlet_count":0,"master_deck":["AscendersBane","Defend_R","Defend_R","Defend_R","Defend_R","Bash","Immolate+1","Feel No Pain","Evolve+1","Headbutt","Uppercut","Shrug It Off","Armaments+1","True Grit","Cleave","Wild Strike","Power Through","Reaper","Power Through+1","Carnage","Body Slam","Corruption+1","Sentinel","True Grit","Demon Form+1","Barricade","Disarm+1","Heavy Blade","Dual Wield+1","Shockwave","Body Slam","Dark Shackles","Offering+1","Armaments+1"],"relics":["Burning Blood","Mercury Hourglass","Magic Flower","Dodecahedron","Juzu Bracelet","Snecko Eye","Blood Vial","Pen Nib","Orichalcum","MawBank","Coffee Dripper","NlothsMask","Oddly Smooth Stone","Turnip","Strawberry"],"potions_floor_usage":[3,16,18,23,31,31,31,55,56],"damage_taken":[{"damage":1,"enemies":"Cultist","floor":1,"turns":3},{"damage":7,"enemies":"Small Slimes","floor":2,"turns":3},{"damage":14,"enemies":"Jaw Worm","floor":3,"turns":4},{"damage":15,"enemies":"Large Slime","floor":4,"turns":5},{"damage":19,"enemies":"3 Sentries","floor":6,"turns":6},{"damage":27,"enemies":"Lagavulin","floor":8,"turns":8},{"damage":5,"enemies":"3 Sentries","floor":10,"turns":6},{"damage":30,"enemies":"Gremlin Nob","floor":12,"turns":4},{"damage":8,"enemies":"Blue Slaver","floor":13,"turns":4},{"damage":7,"enemies":"Gremlin Gang","floor":14,"turns":3},{"damage":16,"enemies":"Hexaghost","floor":16,"turns":9},{"damage":9,"enemies":"Shell Parasite","floor":18,"turns":8},{"damage":2,"enemies":"Chosen","floor":21,"turns":5},{"damage":20,"enemies":"Slavers","floor":23,"turns":4},{"damage":0,"enemies":"Centurion and Healer","floor":24,"turns":5},{"damage":0,"enemies":"3 Cultists","floor":27,"turns":2},{"damage":0,"enemies":"Snake Plant","floor":28,"turns":2},{"damage":4,"enemies":"Book of Stabbing","floor":31,"turns":6},{"damage":16,"enemies":"Champ","floor":33,"turns":15},{"damage":4,"enemies":"3 Darklings","floor":35,"turns":4},{"damage":0,"enemies":"Orb Walker","floor":36,"turns":2},{"damage":0,"enemies":"Sphere and 2 Shapes","floor":37,"turns":6},{"damage":0,"enemies":"Maw","floor":39,"turns":5},{"damage":0,"enemies":"Giant Head","floor":41,"turns":6},{"damage":3,"enemies":"2 Orb Walkers","floor":47,"turns":3},{"damage":3,"enemies":"Writhing Mass","floor":48,"turns":6},{"damage":69,"enemies":"Awakened One","floor":50,"turns":13},{"damage":15,"enemies":"Donu and Deca","floor":51,"turns":6},{"damage":54,"enemies":"Shield and Spear","floor":55,"turns":7},{"damage":49,"enemies":"The Heart","floor":56,"turns":9}],"seed_played":"3728754485901697102","potions_obtained":[{"floor":1,"key":"LiquidBronze"},{"floor":2,"key":"BloodPotion"},{"floor":12,"key":"Block Potion"},{"floor":16,"key":"Energy Potion"},{"floor":18,"key":"PowerPotion"},{"floor":23,"key":"EssenceOfSteel"},{"floor":24,"key":"EntropicBrew"},{"floor":33,"key":"LiquidBronze"},{"floor":35,"key":"SkillPotion"},{"floor":44,"key":"Swift Potion"},{"floor":44,"key":"GamblersBrew"}],"is_trial":false,"path_per_floor":["M","M","M","M","$","E","R","E","T","E","R","E","M","M","R","B",null,"M","?","?","M","$","E","M","R","T","M","M","?","?","E","R","B",null,"M","M","M","?","M","R","E","?","T","?","$","$","?","M","R","B","B",null,"R","$","E","B",null],"character_chosen":"IRONCLAD","items_purchased":["Shrug It Off","Body Slam","Dual Wield","Shockwave","Body Slam","Dark Shackles","Dexterity Potion"],"campfire_rested":1,"item_purchase_floors":[5,22,46,46,46,46,54],"current_hp_per_floor":[73,72,71,62,62,49,49,28,28,32,54,33,34,36,36,29,64,67,67,67,75,75,75,75,75,75,75,75,75,75,75,75,75,75,75,75,75,75,75,75,75,71,71,71,71,71,71,71,71,71,71,71,71,71,65,78],"gold":45,"neow_bonus":"TRANSFORM_TWO_CARDS","is_prod":false,"is_daily":false,"chose_seed":false,"campfire_upgraded":6,"win_rate":0,"timestamp":1559235831,"path_taken":["M","M","M","M","?","E","R","E","T","E","R","E","M","M","R","BOSS","M","?","?","M","$","E","M","R","T","M","M","?","?","E","R","BOSS","M","M","M","?","M","R","E","?","T","?","?","$","?","M","R","BOSS","BOSS","R","$","E","BOSS"],"build_version":"2019-01-23","purchased_purges":2,"victory":true,"max_hp_per_floor":[75,75,75,75,75,75,75,75,75,75,75,75,75,75,75,75,75,75,75,75,75,75,75,75,75,75,75,75,75,75,75,75,75,75,75,75,75,75,75,75,75,71,71,71,71,71,71,71,71,71,71,71,71,71,78,78],"card_choices":[{"not_picked":["Dropkick","Havoc"],"picked":"Evolve","floor":1},{"not_picked":["Infernal Blade","Whirlwind"],"picked":"Anger","floor":2},{"not_picked":["Iron Wave","Body Slam"],"picked":"Headbutt","floor":3},{"not_picked":["Flame Barrier","Inflame"],"picked":"Uppercut","floor":4},{"not_picked":["Metallicize","Wild Strike"],"picked":"Armaments","floor":6},{"not_picked":["Body Slam","Armaments"],"picked":"True Grit","floor":8},{"not_picked":["Evolve","Searing Blow"],"picked":"Cleave","floor":10},{"not_picked":["True Grit","Body Slam"],"picked":"Wild Strike","floor":12},{"not_picked":["Bloodletting","Fire Breathing","Clash"],"picked":"SKIP","floor":13},{"not_picked":["Dual Wield","Dark Embrace"],"picked":"Power Through","floor":14},{"not_picked":["Fiend Fire","Dark Embrace"],"picked":"Reaper","floor":16},{"not_picked":["Twin Strike","Sword Boomerang+1"],"picked":"Power Through+1","floor":18},{"not_picked":["Pommel Strike","Twin Strike"],"picked":"Carnage","floor":21},{"not_picked":["Clash","Exhume","Pommel Strike"],"picked":"SKIP","floor":23},{"not_picked":["Wild Strike","Perfected Strike"],"picked":"Corruption+1","floor":24},{"not_picked":["Flex","Evolve"],"picked":"Sentinel","floor":27},{"not_picked":["Headbutt","Rage"],"picked":"True Grit","floor":28},{"not_picked":["Sentinel","Perfected Strike"],"picked":"Demon Form","floor":31},{"not_picked":["Double Tap","Dark Embrace"],"picked":"Barricade","floor":33},{"not_picked":["Havoc","Perfected Strike","True Grit"],"picked":"SKIP","floor":35},{"not_picked":["Sword Boomerang","Body Slam+1"],"picked":"Disarm+1","floor":36},{"not_picked":["True Grit","Reckless Charge"],"picked":"Heavy Blade","floor":37},{"not_picked":["Searing Blow+1","Blood for Blood+1","Carnage+1"],"picked":"SKIP","floor":39},{"not_picked":["Headbutt","Inflame+1","Warcry"],"picked":"SKIP","floor":41},{"not_picked":["Iron Wave","Clothesline+1"],"picked":"Offering","floor":48},{"not_picked":["Body Slam","Iron Wave"],"picked":"Armaments+1","floor":55}],"player_experience":5220568,"relics_obtained":[{"floor":6,"key":"Mercury Hourglass"},{"floor":8,"key":"Magic Flower"},{"floor":10,"key":"Dodecahedron"},{"floor":12,"key":"Juzu Bracelet"},{"floor":23,"key":"Blood Vial"},{"floor":26,"key":"Pen Nib"},{"floor":31,"key":"MawBank"},{"floor":41,"key":"Oddly Smooth Stone"},{"floor":47,"key":"Turnip"},{"floor":55,"key":"Strawberry"}],"event_choices":[{"cards_removed":["Anger"],"damage_healed":0,"gold_gain":0,"player_choice":"Purged","damage_taken":0,"max_hp_gain":0,"max_hp_loss":0,"event_name":"Purifier","floor":19,"gold_loss":0},{"cards_removed":["Strike_R"],"damage_healed":0,"gold_gain":0,"player_choice":"Gave Gold","damage_taken":0,"max_hp_gain":0,"max_hp_loss":0,"event_name":"Beggar","floor":20,"gold_loss":75},{"damage_healed":0,"gold_gain":0,"player_choice":"Ignored","damage_taken":0,"max_hp_gain":0,"max_hp_loss":0,"event_name":"Vampires","floor":29,"gold_loss":0},{"damage_healed":0,"gold_gain":0,"player_choice":"Obtained Relic","damage_taken":0,"relics_obtained":["Orichalcum"],"max_hp_gain":0,"max_hp_loss":0,"event_name":"Addict","floor":30,"gold_loss":85},{"damage_healed":0,"gold_gain":0,"player_choice":"Trade","damage_taken":0,"relics_obtained":["NlothsMask"],"max_hp_gain":0,"max_hp_loss":0,"event_name":"FaceTrader","floor":38,"gold_loss":0},{"damage_healed":0,"gold_gain":0,"player_choice":"Max HP","damage_taken":0,"max_hp_gain":0,"max_hp_loss":4,"event_name":"Winding Halls","floor":42,"gold_loss":0},{"damage_healed":0,"gold_gain":0,"player_choice":"Bought 3 Potions","damage_taken":0,"max_hp_gain":0,"max_hp_loss":0,"event_name":"The Woman in Blue","floor":44,"gold_loss":0},{"damage_healed":0,"gold_gain":0,"player_choice":"Fight","damage_taken":0,"max_hp_gain":0,"max_hp_loss":0,"event_name":"Mysterious Sphere","floor":47,"gold_loss":0}],"is_beta":false,"boss_relics":[{"not_picked":["Pandora\u0027s Box","Black Blood"],"picked":"Snecko Eye"},{"not_picked":["Tiny House","Sozu"],"picked":"Coffee Dripper"}],"items_purged_floors":[22,45],"is_endless":false,"potions_floor_spawned":[1,2,12,14,16,18,23,24,33,35,37,39,41],"ascension_level":20}