{"gold_per_floor":[114,132,132,207,230,230,244,244,269,216,233,244,258,272,272,272],"floor_reached":16,"playtime":342,"items_purged":[],"score":188,"play_id":"fd6c4bde-1173-4a11-b8c0-7ef9a6eb4b37","local_time":"20190720004014","is_ascension_mode":true,"campfire_choices":[{"data":"Perfected Strike","floor":6,"key":"SMITH"},{"data":"Whirlwind","floor":8,"key":"SMITH"},{"data":"Shockwave","floor":15,"key":"SMITH"}],"neow_cost":"NONE","seed_source_timestamp":2458065725995891,"circlet_count":0,"master_deck":["AscendersBane","Strike_R","Strike_R","Strike_R","Strike_R","Strike_R","Defend_R","Defend_R","Defend_R","Defend_R","Bash+1","Perfected Strike+1","Whirlwind+1","Ghostly Armor","Wild Strike","Shockwave+1","Rupture","Shrug It Off","Perfected Strike"],"relics":["Burning Blood","NeowsBlessing","Omamori","Ancient Tea Set"],"potions_floor_usage":[16],"damage_taken":[{"damage":0,"enemies":"Jaw Worm","floor":1,"turns":1},{"damage":0,"enemies":"Cultist","floor":2,"turns":1},{"damage":0,"enemies":"2 Louse","floor":7,"turns":2},{"damage":7,"enemies":"2 Fungi Beasts","floor":11,"turns":3},{"damage":11,"enemies":"Blue Slaver","floor":12,"turns":3},{"damage":11,"enemies":"Looter","floor":13,"turns":4},{"damage":21,"enemies":"Exordium Thugs","floor":14,"turns":4},{"damage":45,"enemies":"The Guardian","floor":16,"turns":11}],"seed_played":"8159416223517938786","potions_obtained":[{"floor":7,"key":"SpeedPotion"},{"floor":11,"key":"Strength Potion"},{"floor":13,"key":"Ancient Potion"},{"floor":14,"key":"Dexterity Potion"}],"is_trial":false,"path_per_floor":["M","M","?","?","T","R","M","R","T","$","M","M","M","M","R","B"],"character_chosen":"IRONCLAD","items_purchased":["Wild Strike"],"campfire_rested":0,"item_purchase_floors":[10],"current_hp_per_floor":[74,75,75,64,64,64,70,70,70,70,69,64,59,44,44,0],"gold":272,"neow_bonus":"THREE_ENEMY_KILL","is_prod":false,"is_daily":false,"chose_seed":false,"campfire_upgraded":3,"win_rate":0,"timestamp":1563576014,"path_taken":["M","M","?","?","?","R","?","R","T","$","M","M","?","M","R","BOSS"],"build_version":"2019-07-17","purchased_purges":0,"victory":false,"max_hp_per_floor":[75,75,75,75,75,75,75,75,75,75,75,75,75,75,75,75],"card_choices":[{"not_picked":["Anger","Rupture"],"picked":"Perfected Strike","floor":1},{"not_picked":["Metallicize","Rage"],"picked":"Whirlwind","floor":2},{"not_picked":["Blood for Blood","Sword Boomerang"],"picked":"Ghostly Armor","floor":7},{"not_picked":["True Grit","Blood for Blood"],"picked":"Shockwave","floor":11},{"not_picked":["True Grit","Rage"],"picked":"Rupture","floor":12},{"not_picked":["Carnage","Whirlwind"],"picked":"Shrug It Off","floor":13},{"not_picked":["Cleave","Iron Wave"],"picked":"Perfected Strike","floor":14}],"player_experience":501977,"relics_obtained":[{"floor":5,"key":"Omamori"},{"floor":9,"key":"Ancient Tea Set"}],"event_choices":[{"damage_healed":0,"gold_gain":0,"player_choice":"Grow","damage_taken":0,"max_hp_gain":0,"max_hp_loss":0,"event_name":"Living Wall","floor":3,"gold_loss":0,"cards_upgraded":["Bash"]},{"damage_healed":0,"gold_gain":75,"player_choice":"Gather Gold","damage_taken":11,"max_hp_gain":0,"max_hp_loss":0,"event_name":"World of Goop","floor":4,"gold_loss":0}],"is_beta":false,"boss_relics":[],"items_purged_floors":[],"is_endless":false,"potions_floor_spawned":[7,11,13,14],"killed_by":"The Guardian","ascension_level":20}