{"gold_per_floor":[112,127,145,145,163,163,188,188,214,39,66,128,403,12,12,88,88,101,101,117,10,21,21,41,41,93,103,103,73,73,86,86,165,165,179,179,199,199,1198,1198,1198,1232,1308,1308,1308,20,30,41,41,41,41],"floor_reached":51,"playtime":2095,"items_purged":["Regret","Normality"],"score":1641,"play_id":"b32a0cb4-be5b-4987-b6d8-1987573613ce","local_time":"20190614011126","is_ascension_mode":true,"campfire_choices":[{"floor":6.0,"key":"DIG"},{"floor":8.0,"key":"DIG"},{"floor":15.0,"key":"DIG"},{"floor":23,"key":"REST"},{"floor":28,"key":"DIG"},{"floor":30,"key":"REST"},{"floor":32,"key":"DIG"},{"floor":41,"key":"DIG"},{"floor":49,"key":"DIG"}],"neow_cost":"TEN_PERCENT_HP_LOSS","seed_source_timestamp":1566433993191500,"circlet_count":0,"master_deck":["AscendersBane","Defend_G","Defend_G","Defend_G","Defend_G","Defend_G","Strike_G","Strike_G","Strike_G","Strike_G","Strike_G","Survivor","Neutralize","Dagger Throw","Masterful Stab","Cloak And Dagger","Backflip","PiercingWail","Poisoned Stab","Mind Blast","PiercingWail","Sucker Punch","Glass Knife","The Bomb","Dash","Underhanded Strike","Malaise","Doubt","Pain","Doubt","PiercingWail","Shame","Noxious Fumes+1","Infinite Blades+1","Cloak And Dagger","Leg Sweep+1","Backflip+1","Footwork+1","Noxious Fumes+1","Bouncing Flask","Tools of the Trade+1","Writhe","Dodge and Roll","Normality","Dramatic Entrance","Leg Sweep+1","Footwork+1","PiercingWail+1","Chrysalis+1","Outmaneuver+1","Acrobatics+1","Parasite","Noxious Fumes+1"],"special_seed":0,"relics":["Ring of the Snake","Shovel","Strawberry","Juzu Bracelet","Darkstone Periapt","Bag of Marbles","Vajra","Tiny Chest","Ancient Tea Set","Calling Bell","Anchor","Shuriken","Incense Burner","Frozen Egg 2","Bronze Scales","MawBank","Orichalcum","Velvet Choker","Singing Bowl","Pen Nib","Mummified Hand","Gremlin Horn","Toxic Egg 2","Chemical X","Bottled Tornado"],"potions_floor_usage":[16,27,42,51,51],"damage_taken":[{"damage":8.0,"enemies":"Small Slimes","floor":1.0,"turns":5.0},{"damage":0.0,"enemies":"Cultist","floor":2.0,"turns":4.0},{"damage":0.0,"enemies":"Jaw Worm","floor":3.0,"turns":4.0},{"damage":2.0,"enemies":"Blue Slaver","floor":5.0,"turns":6.0},{"damage":30.0,"enemies":"Lagavulin","floor":7.0,"turns":9.0},{"damage":5.0,"enemies":"Gremlin Nob","floor":12.0,"turns":3.0},{"damage":16,"enemies":"Slime Boss","floor":16,"turns":6},{"damage":4,"enemies":"2 Thieves","floor":18,"turns":4},{"damage":14,"enemies":"3 Byrds","floor":20,"turns":8},{"damage":63,"enemies":"Cultist and Chosen","floor":22,"turns":8},{"damage":11,"enemies":"Sentry and Sphere","floor":24,"turns":7},{"damage":4,"enemies":"Snake Plant","floor":27,"turns":3},{"damage":7,"enemies":"Cultist and Chosen","floor":31,"turns":5},{"damage":36,"enemies":"Champ","floor":33,"turns":14},{"damage":20,"enemies":"3 Darklings","floor":35,"turns":5},{"damage":3,"enemies":"3 Shapes","floor":37,"turns":7},{"damage":70,"enemies":"Reptomancer","floor":42,"turns":7},{"damage":5,"enemies":"Jaw Worm Horde","floor":47,"turns":6},{"damage":11,"enemies":"Writhing Mass","floor":48,"turns":6},{"damage":62,"enemies":"Donu and Deca","floor":50,"turns":13},{"damage":23,"enemies":"Awakened One","floor":51,"turns":6}],"seed_played":"-1564869645905596328","potions_obtained":[{"floor":2.0,"key":"GhostInAJar"},{"floor":3.0,"key":"Dexterity Potion"},{"floor":7.0,"key":"AttackPotion"},{"floor":22,"key":"Swift Potion"},{"floor":33,"key":"Explosive Potion"},{"floor":42,"key":"Poison Potion"},{"floor":47,"key":"PowerPotion"}],"is_trial":false,"path_per_floor":["M","M","M","?","M","R","E","R","T","$","T","E","?","$","R","B",null,"M","?","M","$","M","R","M","T","T","M","R","$","R","M","R","B",null,"M","?","M","?","?","?","R","E","T","?","?","$","M","M","R","B","B"],"character_chosen":"THE_SILENT","items_purchased":["Mind Blast","PiercingWail","Sucker Punch","The Bomb","Dash","Underhanded Strike","Infinite Blades+1","Cloak And Dagger","Noxious Fumes+1","Footwork+1","Gremlin Horn","Toxic Egg 2","Chemical X","PiercingWail+1","Chrysalis+1","Outmaneuver+1","SpeedPotion"],"campfire_rested":2,"item_purchase_floors":[10,10,10,14,14,14,21,21,29,46,46,46,46,46,46,46,46],"current_hp_per_floor":[51,51,51,51,49,56,26,26,26,26,26,21,27,27,27,11,76,72,78,64,64,1,30,19,19,19,15,15,15,44,37,37,1,73,53,78,75,75,87,87,87,17,17,94,94,94,89,84,84,22,0],"gold":41,"neow_bonus":"ONE_RARE_RELIC","is_prod":false,"is_daily":false,"chose_seed":false,"campfire_upgraded":0,"win_rate":0,"timestamp":1560442286,"path_taken":["M","M","M","?","M","R","E","R","T","$","?","E","?","?","R","BOSS","M","?","M","?","M","R","M","?","T","M","R","$","R","M","R","BOSS","M","?","M","?","?","?","R","E","T","?","?","$","M","M","R","BOSS","BOSS"],"build_version":"2019-01-23","purchased_purges":2,"victory":false,"max_hp_per_floor":[60,60,60,60,60,67,67,67,67,67,67,67,73,73,73,73,91,91,97,97,97,97,97,97,97,97,97,97,97,97,97,97,97,97,97,103,103,103,115,115,115,115,115,94,94,94,94,100,100,100,100],"card_choices":[{"not_picked":["Cloak And Dagger","Deadly Poison"],"picked":"Dagger Throw","floor":1.0},{"not_picked":["Concentrate","Backflip"],"picked":"Masterful Stab","floor":2.0},{"not_picked":["Prepared","Outmaneuver"],"picked":"Cloak And Dagger","floor":3.0},{"not_picked":["Deadly Poison","Flying Knee"],"picked":"PiercingWail","floor":5.0},{"not_picked":["Outmaneuver","Slice"],"picked":"Poisoned Stab","floor":7.0},{"not_picked":["Reflex","Quick Slash"],"picked":"Glass Knife","floor":12.0},{"not_picked":["Grand Finale","Corpse Explosion"],"picked":"Malaise","floor":16},{"not_picked":["Cloak And Dagger","Well Laid Plans"],"picked":"PiercingWail","floor":18},{"not_picked":["Terror","Underhanded Strike"],"picked":"Noxious Fumes+1","floor":20},{"not_picked":["Tactician","Prepared"],"picked":"Leg Sweep+1","floor":22},{"not_picked":["Slice","Dodge and Roll"],"picked":"Backflip+1","floor":24},{"not_picked":["Sucker Punch","Outmaneuver"],"picked":"Footwork+1","floor":27},{"not_picked":["Deflect","Quick Slash"],"picked":"Bouncing Flask","floor":31},{"not_picked":["Grand Finale","A Thousand Cuts+1"],"picked":"Tools of the Trade+1","floor":33},{"not_picked":["Bane","Eviscerate"],"picked":"Backflip","floor":35},{"not_picked":["Quick Slash","Concentrate+1"],"picked":"Dodge and Roll","floor":37},{"not_picked":["Enlightenment","Flash of Steel"],"picked":"Dramatic Entrance","floor":40},{"not_picked":["Acrobatics","Cloak And Dagger"],"picked":"Leg Sweep+1","floor":42},{"not_picked":["Infinite Blades+1","Quick Slash"],"picked":"Acrobatics+1","floor":47},{"not_picked":["Prepared+1","Flechettes+1"],"picked":"Noxious Fumes+1","floor":48}],"player_experience":5348957,"relics_obtained":[{"floor":6.0,"key":"Strawberry"},{"floor":7.0,"key":"Juzu Bracelet"},{"floor":8.0,"key":"Darkstone Periapt"},{"floor":9.0,"key":"Bag of Marbles"},{"floor":11.0,"key":"Vajra"},{"floor":12.0,"key":"Tiny Chest"},{"floor":15.0,"key":"Ancient Tea Set"},{"floor":17,"key":"Anchor"},{"floor":17,"key":"Shuriken"},{"floor":17,"key":"Incense Burner"},{"floor":26,"key":"Bronze Scales"},{"floor":28,"key":"MawBank"},{"floor":32,"key":"Orichalcum"},{"floor":41,"key":"Singing Bowl"},{"floor":42,"key":"Pen Nib"},{"floor":43,"key":"Mummified Hand"},{"floor":49,"key":"Bottled Tornado"}],"event_choices":[{"damage_healed":0.0,"max_hp_gain":0.0,"max_hp_loss":0.0,"gold_gain":0.0,"event_name":"Match and Keep!","player_choice":"1 cards matched","floor":4.0,"gold_loss":0.0,"damage_taken":0.0,"cards_obtained":["Backflip"]},{"damage_healed":0.0,"max_hp_gain":0.0,"max_hp_loss":0.0,"gold_gain":275.0,"event_name":"Golden Shrine","player_choice":"Desecrate","floor":13.0,"gold_loss":0.0,"damage_taken":0.0,"cards_obtained":["Regret"]},{"damage_healed":0,"gold_gain":0,"player_choice":"Stole Relic","damage_taken":0,"relics_obtained":["Frozen Egg 2"],"max_hp_gain":0,"max_hp_loss":0,"event_name":"Addict","floor":19,"gold_loss":0,"cards_obtained":["Shame"]},{"damage_healed":19,"gold_gain":0,"player_choice":"Writhe","damage_taken":0,"max_hp_gain":0,"max_hp_loss":0,"event_name":"Winding Halls","floor":36,"gold_loss":0,"cards_obtained":["Writhe"]},{"cards_removed":["Backflip"],"damage_healed":0,"gold_gain":0,"player_choice":"Removed Skill","damage_taken":0,"max_hp_gain":0,"max_hp_loss":0,"event_name":"Falling","floor":38,"gold_loss":0},{"damage_healed":0,"gold_gain":999,"player_choice":"Gold","damage_taken":0,"max_hp_gain":0,"max_hp_loss":0,"event_name":"MindBloom","floor":39,"gold_loss":0,"cards_obtained":["Normality","Normality"]},{"damage_healed":0,"gold_gain":0,"player_choice":"Memory 1","damage_taken":0,"max_hp_gain":0,"max_hp_loss":0,"event_name":"SensoryStone","floor":40,"gold_loss":0},{"damage_healed":94,"gold_gain":0,"player_choice":"Heal","damage_taken":0,"max_hp_gain":0,"max_hp_loss":21,"event_name":"The Moai Head","floor":44,"gold_loss":0},{"damage_healed":0,"gold_gain":0,"player_choice":"Ignored","damage_taken":0,"max_hp_gain":0,"max_hp_loss":0,"event_name":"Mysterious Sphere","floor":45,"gold_loss":0}],"is_beta":false,"boss_relics":[{"not_picked":["Sozu","White Beast Statue"],"picked":"Calling Bell"},{"not_picked":["Orrery","Coffee Dripper"],"picked":"Velvet Choker"}],"items_purged_floors":[14,46],"is_endless":false,"potions_floor_spawned":[2,3,7,22,33,42,47,48],"killed_by":"Awakened One","ascension_level":20}