{"gold_per_floor":[115,115,126,146,163,189,189,203,272,287,315,333,95,113,113,184,184,197,232,232,232,251,251,271,271,271,271,299,299,313,345,345,423,423,441,454,469,469,487,487,518,532,532,532,345,345,345,373,373,373,373,373,373,8,33,33],"floor_reached":57,"playtime":1719,"items_purged":["Strike_B","Strike_B"],"score":2778,"play_id":"67122738-068b-4766-8aab-894596cc0859","local_time":"20190611021918","is_ascension_mode":true,"campfire_choices":[{"data":"Static Discharge","floor":7.0,"key":"SMITH"},{"data":"Defragment","floor":15.0,"key":"SMITH"},{"data":"Storm","floor":23.0,"key":"SMITH"},{"data":"Storm","floor":25.0,"key":"SMITH"},{"data":"Capacitor","floor":27.0,"key":"SMITH"},{"data":"Consume","floor":32.0,"key":"SMITH"},{"floor":40.0,"key":"RECALL"},{"data":"Creative AI","floor":44.0,"key":"SMITH"},{"data":"Heatsinks","floor":46.0,"key":"SMITH"},{"data":"Biased Cognition","floor":49.0,"key":"SMITH"},{"data":"Hello World","floor":53.0,"key":"SMITH"}],"neow_cost":"","seed_source_timestamp":1310841015049300,"circlet_count":0,"master_deck":["AscendersBane","Strike_B","Strike_B","Defend_B","Defend_B","Defend_B+1","Zap","Dualcast","Cold Snap","Biased Cognition+1","BootSequence+1","Echo Form","Cold Snap","Static Discharge+1","Capacitor+1","Meteor Strike","Defragment+1","Core Surge","Storm+1","Electrodynamics","Conserve Battery+1","Storm+1","Self Repair","Consume+1","Undo+1","Biased Cognition","Loop+1","Hello World+1","Creative AI+1","Heatsinks+1","Machine Learning","Hello World","Seek"],"special_seed":0,"relics":["Cracked Core","Mummified Hand","Bird Faced Urn","Centennial Puzzle","Turnip","Nuclear Battery","Red Mask","Shuriken","Bag of Marbles","WarpedTongs","War Paint","Black Star","Anchor","Blue Candle","Pen Nib","Symbiotic Virus","Pocketwatch","Runic Capacitor","StoneCalendar","Pear"],"potions_floor_usage":[],"damage_taken":[{"damage":2.0,"enemies":"Jaw Worm","floor":1.0,"turns":3.0},{"damage":0.0,"enemies":"Cultist","floor":3.0,"turns":3.0},{"damage":0.0,"enemies":"2 Louse","floor":4.0,"turns":2.0},{"damage":0.0,"enemies":"Blue Slaver","floor":5.0,"turns":3.0},{"damage":35.0,"enemies":"3 Sentries","floor":6.0,"turns":7.0},{"damage":1.0,"enemies":"2 Fungi Beasts","floor":8.0,"turns":2.0},{"damage":15.0,"enemies":"Large Slime","floor":10.0,"turns":4.0},{"damage":9.0,"enemies":"Gremlin Nob","floor":11.0,"turns":5.0},{"damage":8.0,"enemies":"Lots of Slimes","floor":12.0,"turns":3.0},{"damage":1.0,"enemies":"2 Fungi Beasts","floor":14.0,"turns":3.0},{"damage":0.0,"enemies":"Slime Boss","floor":16.0,"turns":4.0},{"damage":7.0,"enemies":"Chosen","floor":18.0,"turns":3.0},{"damage":25.0,"enemies":"Masked Bandits","floor":19.0,"turns":2.0},{"damage":5.0,"enemies":"Shell Parasite","floor":22.0,"turns":2.0},{"damage":8.0,"enemies":"Snake Plant","floor":24.0,"turns":3.0},{"damage":17.0,"enemies":"Book of Stabbing","floor":28.0,"turns":3.0},{"damage":13.0,"enemies":"Sentry and Sphere","floor":30.0,"turns":3.0},{"damage":5.0,"enemies":"Gremlin Leader","floor":31.0,"turns":4.0},{"damage":15.0,"enemies":"Collector","floor":33.0,"turns":5.0},{"damage":2.0,"enemies":"3 Darklings","floor":35.0,"turns":3.0},{"damage":0.0,"enemies":"3 Shapes","floor":36.0,"turns":3.0},{"damage":20.0,"enemies":"3 Darklings","floor":37.0,"turns":3.0},{"damage":0.0,"enemies":"4 Shapes","floor":39.0,"turns":2.0},{"damage":19.0,"enemies":"Reptomancer","floor":41.0,"turns":4.0},{"damage":0.0,"enemies":"Transient","floor":42.0,"turns":6.0},{"damage":36.0,"enemies":"Nemesis","floor":48.0,"turns":3.0},{"damage":57.0,"enemies":"Awakened One","floor":50.0,"turns":5.0},{"damage":37.0,"enemies":"Time Eater","floor":51.0,"turns":6.0},{"damage":70.0,"enemies":"Shield and Spear","floor":55.0,"turns":4.0},{"damage":56,"enemies":"The Heart","floor":56,"turns":4}],"seed_played":"-2173360446232466587","potions_obtained":[{"floor":5.0,"key":"Regen Potion"},{"floor":6.0,"key":"Weak Potion"},{"floor":11.0,"key":"PowerPotion"},{"floor":12.0,"key":"AttackPotion"},{"floor":14.0,"key":"PowerPotion"},{"floor":18.0,"key":"SneckoOil"},{"floor":19.0,"key":"AttackPotion"},{"floor":30.0,"key":"SpeedPotion"},{"floor":31.0,"key":"PowerPotion"},{"floor":33.0,"key":"Weak Potion"},{"floor":39.0,"key":"Fruit Juice"},{"floor":42.0,"key":"Poison Potion"}],"is_trial":true,"path_per_floor":["M","?","M","M","M","E","R","M","T","M","E","M","$","M","R","B",null,"M","?","?","?","M","R","M","R","T","R","E","?","M","E","R","B",null,"M","M","M","?","M","R","E","M","T","R","$","R","?","E","R","B","B",null,"R","$","E","B",null],"character_chosen":"DEFECT","items_purchased":["Defragment","Core Surge","Heatsinks","Runic Capacitor","Hello World","Block Potion"],"campfire_rested":0,"item_purchase_floors":[13,13,45,54,54,54],"current_hp_per_floor":[62,62,64,66,68,53,53,56,56,47,44,46,46,55,55,71,71,64,48,48,48,55,55,61,61,61,61,67,67,62,71,71,71,71,71,71,57,57,68,68,72,76,76,76,76,76,76,55,55,26,15,61,61,61,23,25],"gold":33,"neow_bonus":"","is_prod":false,"is_daily":false,"chose_seed":false,"campfire_upgraded":10,"win_rate":0,"timestamp":1560187158,"path_taken":["M","?","M","M","M","E","R","M","T","M","E","?","$","M","R","BOSS","M","?","?","?","M","R","M","R","T","R","E","?","M","E","R","BOSS","M","M","?","?","?","R","E","M","T","R","$","R","?","E","R","BOSS","BOSS","R","$","E","BOSS"],"build_version":"2019-01-23","purchased_purges":2,"victory":true,"max_hp_per_floor":[71,71,71,71,71,71,71,71,71,71,71,71,71,71,71,71,71,71,71,71,71,71,71,71,71,71,71,71,71,71,71,71,71,71,71,71,71,71,76,76,76,76,76,76,76,76,76,76,76,76,76,76,76,76,86,86],"card_choices":[{"not_picked":["Beam Cell","Barrage"],"picked":"Cold Snap","floor":1.0},{"not_picked":["Redo","Reinforced Body"],"picked":"BootSequence","floor":3.0},{"not_picked":["Compile Driver","Force Field"],"picked":"Echo Form","floor":4.0},{"not_picked":["Barrage","Streamline"],"picked":"Cold Snap","floor":5.0},{"not_picked":["Chill","Auto Shields"],"picked":"Static Discharge","floor":6.0},{"not_picked":["Glacier","Coolheaded"],"picked":"Capacitor","floor":8.0},{"not_picked":["Ball Lightning","Stack","Compile Driver"],"picked":"SKIP","floor":10.0},{"not_picked":["Genetic Algorithm","Reinforced Body"],"picked":"Meteor Strike","floor":11.0},{"not_picked":["Turbo","Ball Lightning","Cold Snap"],"picked":"SKIP","floor":12.0},{"not_picked":["Beam Cell","Steam"],"picked":"Storm","floor":14.0},{"not_picked":["Meteor Strike","Seek"],"picked":"Electrodynamics","floor":16.0},{"not_picked":["Go for the Eyes","Sweeping Beam","Steam Power"],"picked":"SKIP","floor":18.0},{"not_picked":["Hologram","Steam"],"picked":"Conserve Battery+1","floor":19.0},{"not_picked":["Redo","Auto Shields","Streamline"],"picked":"SKIP","floor":22.0},{"not_picked":["Gash","Genetic Algorithm+1"],"picked":"Self Repair","floor":24.0},{"not_picked":["All For One","Hologram","Coolheaded"],"picked":"SKIP","floor":28.0},{"not_picked":["Gash","Aggregate"],"picked":"Consume","floor":30.0},{"not_picked":["Double Energy","Barrage"],"picked":"Undo+1","floor":31.0},{"not_picked":["Echo Form","Rainbow"],"picked":"Biased Cognition","floor":33.0},{"not_picked":["Auto Shields+1","Compile Driver+1","Doom and Gloom"],"picked":"SKIP","floor":35.0},{"not_picked":["Conserve Battery","Compile Driver","Aggregate"],"picked":"SKIP","floor":36.0},{"not_picked":["Conserve Battery","Compile Driver+1"],"picked":"Loop+1","floor":37.0},{"not_picked":["Rebound","Barrage","Cold Snap+1"],"picked":"SKIP","floor":39.0},{"not_picked":["Steam","Barrage+1"],"picked":"Hello World","floor":41.0},{"not_picked":["Barrage+1","White Noise"],"picked":"Creative AI","floor":42.0},{"not_picked":["Leap+1","Recycle"],"picked":"Machine Learning","floor":48.0},{"not_picked":["Streamline","Doom and Gloom"],"picked":"Seek","floor":55.0}],"player_experience":5322190,"relics_obtained":[{"floor":6.0,"key":"Centennial Puzzle"},{"floor":11.0,"key":"Turnip"},{"floor":19.0,"key":"Red Mask"},{"floor":26.0,"key":"Shuriken"},{"floor":28.0,"key":"Bag of Marbles"},{"floor":31.0,"key":"War Paint"},{"floor":41.0,"key":"Anchor"},{"floor":41.0,"key":"Blue Candle"},{"floor":43.0,"key":"Pen Nib"},{"floor":48.0,"key":"Symbiotic Virus"},{"floor":48.0,"key":"Pocketwatch"},{"floor":55.0,"key":"StoneCalendar"},{"floor":55.0,"key":"Pear"}],"event_choices":[{"damage_healed":0.0,"max_hp_gain":0.0,"max_hp_loss":0.0,"gold_gain":0.0,"event_name":"Match and Keep!","player_choice":"1 cards matched","floor":2.0,"gold_loss":0.0,"damage_taken":0.0,"cards_obtained":["Biased Cognition"]},{"damage_healed":0.0,"max_hp_gain":0.0,"max_hp_loss":0.0,"gold_gain":0.0,"event_name":"Masked Bandits","player_choice":"Fought Bandits","floor":19.0,"gold_loss":0.0,"damage_taken":0.0},{"damage_healed":0.0,"max_hp_gain":0.0,"max_hp_loss":0.0,"gold_gain":0.0,"event_name":"Vampires","player_choice":"Ignored","floor":20.0,"gold_loss":0.0,"damage_taken":0.0},{"damage_healed":0.0,"max_hp_gain":0.0,"max_hp_loss":0.0,"gold_gain":0.0,"event_name":"The Library","player_choice":"Read","floor":21.0,"gold_loss":0.0,"damage_taken":0.0,"cards_obtained":["Storm"]},{"damage_healed":0.0,"max_hp_gain":0.0,"max_hp_loss":0.0,"gold_gain":0.0,"event_name":"Accursed Blacksmith","player_choice":"Rummage","floor":29.0,"gold_loss":0.0,"damage_taken":0.0,"relics_obtained":["WarpedTongs"],"cards_obtained":["Pain"]},{"cards_removed":["Pain"],"damage_healed":0.0,"max_hp_gain":0.0,"max_hp_loss":0.0,"gold_gain":0.0,"event_name":"Purifier","player_choice":"Purged","floor":38.0,"gold_loss":0.0,"damage_taken":0.0},{"cards_removed":["Defend_B"],"damage_healed":0.0,"max_hp_gain":0.0,"max_hp_loss":0.0,"gold_gain":0.0,"event_name":"Falling","player_choice":"Removed Skill","floor":47.0,"gold_loss":0.0,"damage_taken":0.0}],"is_beta":false,"boss_relics":[{"not_picked":["Fusion Hammer","Ectoplasm"],"picked":"Nuclear Battery"},{"not_picked":["Tiny House","Runic Dome"],"picked":"Black Star"}],"items_purged_floors":[13,45],"is_endless":false,"potions_floor_spawned":[5,6,11,12,14,18,19,30,31,33,39,42,48],"ascension_level":20}