{"gold_per_floor":[117,66,66,82,98,98,128,128,128,116,147,44,44,57,57,57],"floor_reached":16,"playtime":684,"items_purged":["Defend_R"],"score":121,"play_id":"522633b6-efa3-46ba-9b8e-88ee00d651fb","local_time":"20190724160306","is_ascension_mode":true,"campfire_choices":[{"floor":6,"key":"RECALL"},{"data":"Flex","floor":8,"key":"SMITH"},{"floor":15,"key":"REST"}],"neow_cost":"NONE","seed_source_timestamp":1202409687540300,"circlet_count":0,"master_deck":["Strike_R","Strike_R","Strike_R","Strike_R","Strike_R","Defend_R","Defend_R","Defend_R","Bash","Sentinel","Flex+1","Sentinel","Shrug It Off","Burning Pact","Fire Breathing","Flex","Metallicize","Bandage Up","Blood for Blood"],"relics":["Burning Blood","Paper Frog","Smiling Mask","Bottled Lightning"],"potions_floor_usage":[7,7,10,11],"damage_taken":[{"damage":1,"enemies":"Cultist","floor":1,"turns":4},{"damage":7,"enemies":"Jaw Worm","floor":4,"turns":4},{"damage":5,"enemies":"2 Louse","floor":5,"turns":5},{"damage":27,"enemies":"Gremlin Nob","floor":7,"turns":4},{"damage":19,"enemies":"Exordium Thugs","floor":10,"turns":6},{"damage":31,"enemies":"Lagavulin","floor":11,"turns":7},{"damage":17,"enemies":"Looter","floor":14,"turns":3},{"damage":74,"enemies":"Slime Boss","floor":16,"turns":10}],"seed_played":"-6739430452258805969","potions_obtained":[{"floor":3,"key":"FearPotion"},{"floor":3,"key":"PowerPotion"},{"floor":3,"key":"SmokeBomb"},{"floor":4,"key":"Regen Potion"},{"floor":5,"key":"Fire Potion"},{"floor":10,"key":"Poison Potion"}],"is_trial":false,"path_per_floor":["M","$","?","M","M","R","E","R","T","M","E","$","?","M","R","B"],"character_chosen":"IRONCLAD","items_purchased":["Flex","Flex"],"campfire_rested":1,"item_purchase_floors":[2,12],"current_hp_per_floor":[88,88,88,87,88,88,67,67,67,69,44,44,44,37,63,0],"gold":57,"neow_bonus":"TEN_PERCENT_HP_BONUS","is_prod":false,"is_daily":false,"chose_seed":false,"campfire_upgraded":1,"win_rate":0,"timestamp":1564002186,"path_taken":["M","?","?","?","M","R","E","R","T","M","E","$","?","?","R","BOSS"],"build_version":"2019-07-17","purchased_purges":1,"victory":false,"max_hp_per_floor":[88,88,88,88,88,88,88,88,88,88,88,88,88,88,88,88],"card_choices":[{"not_picked":["Thunderclap","Corruption"],"picked":"Sentinel","floor":1},{"not_picked":["Headbutt","Anger"],"picked":"Sentinel","floor":4},{"not_picked":["Wild Strike","Body Slam"],"picked":"Shrug It Off","floor":5},{"not_picked":["Hemokinesis","Rampage"],"picked":"Burning Pact","floor":7},{"not_picked":["Entrench","Thunderclap"],"picked":"Fire Breathing","floor":10},{"not_picked":["Warcry","Power Through","Flex"],"picked":"SKIP","floor":11},{"not_picked":["Armaments","Warcry"],"picked":"Blood for Blood","floor":14}],"player_experience":159124,"relics_obtained":[{"floor":7,"key":"Paper Frog"},{"floor":9,"key":"Smiling Mask"},{"floor":11,"key":"Bottled Lightning"}],"event_choices":[{"damage_healed":0,"gold_gain":0,"player_choice":"Got Potions","damage_taken":0,"max_hp_gain":0,"max_hp_loss":0,"event_name":"Lab","floor":3,"gold_loss":0},{"damage_healed":0,"gold_gain":0,"player_choice":"2 cards matched","damage_taken":0,"max_hp_gain":0,"max_hp_loss":0,"event_name":"Match and Keep!","floor":13,"gold_loss":0,"cards_obtained":["Metallicize","Bandage Up"]}],"is_beta":false,"boss_relics":[],"items_purged_floors":[12],"is_endless":false,"potions_floor_spawned":[4,5,10],"killed_by":"Slime Boss","ascension_level":2}