{"gold_per_floor":[110,130,143,163,238,238,265,117,142,153,23,41,75,93,93,165,165,183,202,21,34,34,34,47,47,97,129,147,147,47,47,47,120,120,138,188,200,210,224,224,238,250,250,267,277,312,312,340,340,340,340,340,340,10,41,41],"floor_reached":57,"playtime":2932,"items_purged":["Anger","Strike_R"],"score":2775,"play_id":"3e46e9ac-7452-4479-be50-53630b3f4880","local_time":"20190718020103","is_ascension_mode":true,"campfire_choices":[{"floor":6,"key":"REST"},{"data":"Armaments","floor":15,"key":"SMITH"},{"floor":23,"key":"REST"},{"data":"Berserk","floor":25,"key":"SMITH"},{"floor":32,"key":"REST"},{"floor":40,"key":"RECALL"},{"floor":47,"key":"REST"},{"floor":49,"key":"REST"},{"floor":53,"key":"REST"}],"neow_cost":"NONE","seed_source_timestamp":631894530914400,"circlet_count":0,"master_deck":["AscendersBane","Strike_R+1","Strike_R+1","Strike_R+1","Defend_R+1","Defend_R+1","Defend_R+1","Defend_R+1","Bash","Uppercut","Thunderclap","Feed","Pummel","Infernal Blade","Flame Barrier","Armaments+1","Shrug It Off","Warcry","Iron Wave","Berserk+1","Inflame+1","Heavy Blade","Shrug It Off","Power Through","Shrug It Off","Reaper","Battle Trance+1","Barricade","Evolve","Feel No Pain","Demon Form","Power Through","Disarm"],"special_seed":0,"relics":["Burning Blood","Happy Flower","Oddly Smooth Stone","Anchor","Bronze Scales","Snecko Eye","Art of War","Kunai","Nilry\u0027s Codex","Fusion Hammer","Pen Nib","Singing Bowl","Paper Frog","Blood Vial"],"potions_floor_usage":[7,7,13,16,21,27,38,55,56],"damage_taken":[{"damage":23.0,"enemies":"Jaw Worm","floor":1.0,"turns":8.0},{"damage":10.0,"enemies":"Small Slimes","floor":2.0,"turns":4.0},{"damage":1,"enemies":"Cultist","floor":3,"turns":4},{"damage":51,"enemies":"Exordium Wildlife","floor":4,"turns":9},{"damage":15,"enemies":"Lagavulin","floor":7,"turns":4},{"damage":2,"enemies":"Lots of Slimes","floor":10,"turns":4},{"damage":8,"enemies":"Blue Slaver","floor":12,"turns":3},{"damage":0,"enemies":"Gremlin Nob","floor":13,"turns":2},{"damage":0,"enemies":"Exordium Wildlife","floor":14,"turns":3},{"damage":20,"enemies":"The Guardian","floor":16,"turns":12},{"damage":23,"enemies":"Spheric Guardian","floor":18,"turns":6},{"damage":13,"enemies":"3 Byrds","floor":19,"turns":3},{"damage":19,"enemies":"3 Cultists","floor":21,"turns":6},{"damage":18,"enemies":"Snake Plant","floor":24,"turns":3},{"damage":32,"enemies":"Book of Stabbing","floor":27,"turns":5},{"damage":12,"enemies":"Chosen and Byrds","floor":28,"turns":6},{"damage":21,"enemies":"Collector","floor":33,"turns":7},{"damage":0,"enemies":"3 Shapes","floor":35,"turns":2},{"damage":10,"enemies":"Orb Walker","floor":37,"turns":3},{"damage":37,"enemies":"Transient","floor":38,"turns":6},{"damage":19,"enemies":"4 Shapes","floor":39,"turns":10},{"damage":25,"enemies":"Maw","floor":41,"turns":11},{"damage":50,"enemies":"Sphere and 2 Shapes","floor":42,"turns":10},{"damage":1,"enemies":"3 Darklings","floor":44,"turns":4},{"damage":0,"enemies":"Maw","floor":45,"turns":9},{"damage":40,"enemies":"Reptomancer","floor":46,"turns":12},{"damage":20,"enemies":"Nemesis","floor":48,"turns":7},{"damage":41,"enemies":"Donu and Deca","floor":50,"turns":12},{"damage":41,"enemies":"Time Eater","floor":51,"turns":18},{"damage":79,"enemies":"Shield and Spear","floor":55,"turns":12},{"damage":81,"enemies":"The Heart","floor":56,"turns":12}],"seed_played":"5934680788175202612","potions_obtained":[{"floor":3,"key":"SteroidPotion"},{"floor":4,"key":"Strength Potion"},{"floor":10,"key":"Energy Potion"},{"floor":14,"key":"FearPotion"},{"floor":19,"key":"Fire Potion"},{"floor":21,"key":"AttackPotion"},{"floor":24,"key":"GamblersBrew"},{"floor":35,"key":"LiquidBronze"},{"floor":38,"key":"LiquidBronze"},{"floor":55,"key":"AttackPotion"}],"is_trial":false,"path_per_floor":["M","M","M","M","?","R","E","?","T","M","$","M","E","M","R","B",null,"M","M","$","M","?","R","M","R","T","E","M","?","$","?","R","B",null,"M","?","M","M","M","R","M","M","T","M","M","E","R","E","R","B","B",null,"R","$","E","B",null],"character_chosen":"IRONCLAD","items_purchased":["Flame Barrier","Armaments","Shrug It Off","Power Through","Paper Frog","Weak Potion"],"campfire_rested":6,"item_purchase_floors":[11,11,20,20,54,54],"current_hp_per_floor":[58,54,59,17,6,31,25,25,25,32,32,33,39,48,48,38,85,68,61,61,48,48,78,69,69,69,43,47,26,26,26,58,74,99,107,107,110,91,111,111,108,91,91,120,124,124,124,110,124,127,131,131,131,131,105,34],"gold":41,"neow_bonus":"TEN_PERCENT_HP_BONUS","is_prod":false,"is_daily":false,"chose_seed":false,"campfire_upgraded":2,"win_rate":0,"timestamp":1563382863,"path_taken":["M","M","M","M","?","R","E","?","T","M","$","M","E","?","R","BOSS","M","M","$","M","?","R","?","R","T","E","M","?","$","?","R","BOSS","M","?","?","M","M","R","M","M","T","M","M","E","R","E","R","BOSS","BOSS","R","$","E","BOSS"],"build_version":"2019-07-05","purchased_purges":2,"victory":true,"max_hp_per_floor":[82,82,82,85,85,85,88,88,88,91,91,94,94,97,97,101,101,101,101,101,101,101,101,104,104,104,104,107,107,107,107,107,107,107,107,107,110,110,113,113,117,117,117,120,124,124,124,124,124,127,131,131,131,131,136,136],"card_choices":[{"not_picked":["Cleave","Iron Wave"],"picked":"Uppercut","floor":1.0},{"not_picked":["Clothesline","Rupture"],"picked":"Thunderclap","floor":2.0},{"not_picked":["Rupture","Perfected Strike"],"picked":"Feed","floor":3},{"not_picked":["Armaments","Feel No Pain"],"picked":"Pummel","floor":4},{"not_picked":["Fire Breathing","Pommel Strike"],"picked":"Anger","floor":7},{"not_picked":["Iron Wave","Wild Strike"],"picked":"Infernal Blade","floor":10},{"not_picked":["Pommel Strike","True Grit"],"picked":"Shrug It Off","floor":12},{"not_picked":["Wild Strike","Anger"],"picked":"Warcry","floor":13},{"not_picked":["Sentinel","Flex"],"picked":"Iron Wave","floor":14},{"not_picked":["Double Tap","Fiend Fire"],"picked":"Berserk","floor":16},{"not_picked":["Twin Strike","Iron Wave"],"picked":"Inflame+1","floor":18},{"not_picked":["Combust","Warcry+1"],"picked":"Heavy Blade","floor":19},{"not_picked":["Thunderclap","Spot Weakness","Havoc"],"picked":"SKIP","floor":21},{"not_picked":["Thunderclap","Spot Weakness","Havoc"],"picked":"SKIP","floor":21},{"not_picked":["Perfected Strike","Warcry"],"picked":"Shrug It Off","floor":24},{"not_picked":["Warcry","Dropkick"],"picked":"Reaper","floor":27},{"not_picked":["Twin Strike+1","Heavy Blade+1"],"picked":"Battle Trance+1","floor":28},{"not_picked":["Bludgeon","Limit Break"],"picked":"Barricade","floor":33},{"not_picked":["Cleave+1","Sword Boomerang"],"picked":"Evolve","floor":35},{"not_picked":["Headbutt","Reckless Charge+1","Rage"],"picked":"SKIP","floor":37},{"not_picked":["Anger","Cleave","Hemokinesis"],"picked":"SKIP","floor":38},{"not_picked":["Seeing Red+1","Flex"],"picked":"Feel No Pain","floor":39},{"not_picked":["Anger+1","Body Slam","Iron Wave"],"picked":"SKIP","floor":41},{"not_picked":["Armaments","Twin Strike"],"picked":"Demon Form","floor":42},{"not_picked":["Body Slam+1","Rupture","Perfected Strike"],"picked":"SKIP","floor":44},{"not_picked":["Dropkick","Seeing Red","Armaments"],"picked":"SKIP","floor":45},{"not_picked":["Iron Wave","Perfected Strike"],"picked":"Power Through","floor":46},{"not_picked":["Heavy Blade","Body Slam"],"picked":"Disarm","floor":48},{"not_picked":["Body Slam","Evolve","Seeing Red"],"picked":"Singing Bowl","floor":55}],"player_experience":5725705,"relics_obtained":[{"floor":7,"key":"Happy Flower"},{"floor":9,"key":"Anchor"},{"floor":13,"key":"Bronze Scales"},{"floor":26,"key":"Art of War"},{"floor":27,"key":"Kunai"},{"floor":29,"key":"Nilry\u0027s Codex"},{"floor":46,"key":"Pen Nib"},{"floor":48,"key":"Singing Bowl"},{"floor":55,"key":"Blood Vial"}],"event_choices":[{"damage_healed":0,"gold_gain":75,"player_choice":"Gather Gold","damage_taken":11,"max_hp_gain":0,"max_hp_loss":0,"event_name":"World of Goop","floor":5,"gold_loss":0},{"damage_healed":0,"gold_gain":0,"player_choice":"Paid Gold","damage_taken":0,"relics_obtained":["Oddly Smooth Stone"],"max_hp_gain":0,"max_hp_loss":0,"event_name":"WeMeetAgain","floor":8,"gold_loss":148},{"cards_removed":["Strike_R"],"damage_healed":0,"gold_gain":0,"player_choice":"Purged","damage_taken":0,"max_hp_gain":0,"max_hp_loss":0,"event_name":"Purifier","floor":22,"gold_loss":0},{"damage_healed":0,"gold_gain":0,"player_choice":"Obtained Book","damage_taken":21,"max_hp_gain":0,"max_hp_loss":0,"event_name":"Cursed Tome","floor":29,"gold_loss":0},{"damage_healed":0,"gold_gain":0,"player_choice":"Simplicity","damage_taken":0,"max_hp_gain":0,"max_hp_loss":0,"event_name":"Back to Basics","floor":31,"gold_loss":0,"cards_upgraded":["Strike_R","Strike_R","Strike_R","Defend_R","Defend_R","Defend_R","Defend_R"]},{"damage_healed":0,"gold_gain":50,"player_choice":"Pray","damage_taken":0,"max_hp_gain":0,"max_hp_loss":0,"event_name":"Golden Shrine","floor":36,"gold_loss":0}],"is_beta":false,"boss_relics":[{"not_picked":["Busted Crown","Mark of Pain"],"picked":"Snecko Eye"},{"not_picked":["Orrery","Astrolabe"],"picked":"Fusion Hammer"}],"items_purged_floors":[20,30],"is_endless":false,"potions_floor_spawned":[3,4,10,14,19,21,24,35,38,41,44,55],"ascension_level":20}