{"gold_per_floor":[112,187,187,187,40,40,81,106,187,205,228,228,247,280,280,404,404,422,446,446,465,465,504,504,529,559,600,615,649,674,726,726,726],"floor_reached":33,"playtime":1335,"items_purged":[],"score":331,"play_id":"2a72a3b2-916b-44ff-a99e-6f2848525452","local_time":"20190728155635","is_ascension_mode":true,"campfire_choices":[{"floor":6,"key":"RECALL"},{"floor":12,"key":"REST"},{"floor":15,"key":"REST"},{"data":"Seeing Red","floor":24,"key":"SMITH"},{"data":"Flex","floor":32,"key":"SMITH"}],"neow_cost":"NONE","seed_source_timestamp":1546967767885700,"circlet_count":0,"master_deck":["Strike_R","Strike_R","Strike_R+1","Strike_R+1","Defend_R","Defend_R","Defend_R","Defend_R","Bash+1","Double Tap","Pummel+1","Flex+1","Carnage","Heavy Blade","Iron Wave","Carnage","Pummel","Impervious","Spot Weakness","Body Slam","RitualDagger","Seeing Red+1","Reaper","Fire Breathing+1","Carnage+1","Flex","Infernal Blade"],"relics":["Burning Blood","Golden Idol","Bronze Scales","Matryoshka","Whetstone","Ornamental Fan","Dodecahedron","Coffee Dripper","Magic Flower","Orichalcum","Tiny Chest","Strawberry","Juzu Bracelet","Vajra"],"potions_floor_usage":[16,16,16,23,23,29,33],"damage_taken":[{"damage":1,"enemies":"Jaw Worm","floor":1,"turns":4},{"damage":32,"enemies":"Gremlin Nob","floor":7,"turns":4},{"damage":0,"enemies":"2 Louse","floor":8,"turns":2},{"damage":0,"enemies":"Small Slimes","floor":10,"turns":2},{"damage":13,"enemies":"Exordium Wildlife","floor":11,"turns":3},{"damage":1,"enemies":"3 Louse","floor":13,"turns":2},{"damage":21,"enemies":"Lagavulin","floor":14,"turns":5},{"damage":35,"enemies":"Hexaghost","floor":16,"turns":6},{"damage":0,"enemies":"Chosen","floor":18,"turns":3},{"damage":1,"enemies":"Spheric Guardian","floor":19,"turns":3},{"damage":10,"enemies":"Shelled Parasite and Fungi","floor":21,"turns":3},{"damage":26,"enemies":"Slavers","floor":23,"turns":5},{"damage":4,"enemies":"Snecko","floor":25,"turns":3},{"damage":50,"enemies":"Book of Stabbing","floor":27,"turns":5},{"damage":5,"enemies":"Chosen and Byrds","floor":28,"turns":4},{"damage":20,"enemies":"Gremlin Leader","floor":29,"turns":5},{"damage":98,"enemies":"Champ","floor":33,"turns":9}],"seed_played":"7091897825773177526","potions_obtained":[{"floor":7,"key":"AttackPotion"},{"floor":10,"key":"FearPotion"},{"floor":14,"key":"Regen Potion"},{"floor":18,"key":"Regen Potion"},{"floor":19,"key":"Swift Potion"},{"floor":21,"key":"Energy Potion"},{"floor":28,"key":"Poison Potion"}],"is_trial":false,"path_per_floor":["M","?","?","?","$","R","E","M","T","M","M","R","M","E","R","B",null,"M","M","?","M","?","E","R","M","T","E","M","E","T","T","R","B"],"character_chosen":"IRONCLAD","items_purchased":["Bronze Scales"],"campfire_rested":2,"item_purchase_floors":[5],"current_hp_per_floor":[80,69,49,33,33,33,7,13,13,19,12,36,41,26,50,36,80,80,80,74,70,70,64,64,78,78,53,78,76,76,76,76,0],"gold":726,"neow_bonus":"ONE_RANDOM_RARE_CARD","is_prod":false,"is_daily":false,"chose_seed":false,"campfire_upgraded":2,"win_rate":0,"timestamp":1564347395,"path_taken":["M","?","?","?","$","R","E","M","T","?","M","R","M","E","R","BOSS","M","M","?","M","?","E","R","?","T","E","M","E","?","?","R","BOSS"],"build_version":"2019-07-17","purchased_purges":0,"victory":false,"max_hp_per_floor":[80,80,80,80,80,80,80,80,80,80,80,80,80,80,80,80,80,80,80,80,80,80,80,80,80,80,87,87,87,87,87,87,87],"card_choices":[{"not_picked":["Heavy Blade","Dual Wield"],"picked":"Pummel","floor":1},{"not_picked":["Searing Blow","Blood for Blood"],"picked":"Flex","floor":7},{"not_picked":["Shrug It Off","Clothesline"],"picked":"Carnage","floor":8},{"not_picked":["Combust","Fiend Fire"],"picked":"Heavy Blade","floor":10},{"not_picked":["Cleave","Pommel Strike"],"picked":"Iron Wave","floor":11},{"not_picked":["Dual Wield","Reckless Charge"],"picked":"Carnage","floor":13},{"not_picked":["Havoc","Body Slam"],"picked":"Pummel","floor":14},{"not_picked":["Fiend Fire","Barricade"],"picked":"Impervious","floor":16},{"not_picked":["Clothesline+1","Bloodletting+1"],"picked":"Spot Weakness","floor":18},{"not_picked":["Burning Pact","Clash"],"picked":"Body Slam","floor":19},{"not_picked":["True Grit","Ghostly Armor"],"picked":"Seeing Red","floor":21},{"not_picked":["Armaments","Shockwave"],"picked":"Reaper","floor":23},{"not_picked":["Clothesline","Body Slam"],"picked":"Fire Breathing+1","floor":25},{"not_picked":["Anger","Warcry+1"],"picked":"Carnage+1","floor":27},{"not_picked":["Havoc","Bloodletting"],"picked":"Flex","floor":28},{"not_picked":["Evolve+1","Feel No Pain"],"picked":"Infernal Blade","floor":29}],"player_experience":189613,"relics_obtained":[{"floor":7,"key":"Matryoshka"},{"floor":9,"key":"Whetstone"},{"floor":9,"key":"Ornamental Fan"},{"floor":14,"key":"Dodecahedron"},{"floor":23,"key":"Magic Flower"},{"floor":26,"key":"Orichalcum"},{"floor":26,"key":"Tiny Chest"},{"floor":27,"key":"Strawberry"},{"floor":29,"key":"Juzu Bracelet"},{"floor":31,"key":"Vajra"}],"event_choices":[{"damage_healed":0,"gold_gain":75,"player_choice":"Gather Gold","damage_taken":11,"max_hp_gain":0,"max_hp_loss":0,"event_name":"World of Goop","floor":2,"gold_loss":0},{"damage_healed":0,"gold_gain":0,"player_choice":"Take Damage","damage_taken":20,"relics_obtained":["Golden Idol"],"max_hp_gain":0,"max_hp_loss":0,"event_name":"Golden Idol","floor":3,"gold_loss":0},{"damage_healed":0,"gold_gain":0,"player_choice":"Entered Light","damage_taken":16,"max_hp_gain":0,"max_hp_loss":0,"event_name":"Shining Light","floor":4,"gold_loss":0,"cards_upgraded":["Strike_R","Pummel"]},{"damage_healed":0,"gold_gain":0,"player_choice":"Joined the Cult","damage_taken":6,"max_hp_gain":0,"max_hp_loss":0,"event_name":"Nest","floor":20,"gold_loss":0,"cards_obtained":["RitualDagger"]},{"cards_removed":["Strike_R"],"damage_healed":0,"gold_gain":0,"player_choice":"Purged","damage_taken":0,"max_hp_gain":0,"max_hp_loss":0,"event_name":"Purifier","floor":22,"gold_loss":0}],"is_beta":false,"boss_relics":[{"not_picked":["Mark of Pain","Cursed Key"],"picked":"Coffee Dripper"}],"items_purged_floors":[],"is_endless":false,"potions_floor_spawned":[7,10,14,18,19,21,28],"killed_by":"Champ","ascension_level":1}