{"gold_per_floor":[115,115,134,209,219,247,247,258,258,292,308,328,354,354,354,452,452,473,497,513,532,532,572,572,608,608,626,647,647,682,25,25,123,123,141,166,216,57,82,126,126,162,243,261,261,280,280,315,315,315,315,315,315,45,83,83],"floor_reached":57,"playtime":2383,"items_purged":[],"score":3623,"play_id":"8876ec10-a8db-44c6-a091-4f5374fa7130","local_time":"20190708031553","is_ascension_mode":true,"campfire_choices":[{"data":"Skewer","floor":7,"key":"SMITH"},{"data":"Whirlwind","floor":15,"key":"SMITH"},{"data":"Reflex","floor":32,"key":"SMITH"},{"data":"1","floor":45,"key":"LIFT"},{"floor":47,"key":"RECALL"},{"data":"2","floor":49,"key":"LIFT"},{"data":"3","floor":53,"key":"LIFT"}],"neow_cost":"","seed_source_timestamp":443068766811700,"circlet_count":0,"master_deck":["Transmutation","Doppelganger","Malaise","Skewer+1","Whirlwind+1","Tempest","Reinforced Body","Terror","Reflex+1","PiercingWail+1","Well Laid Plans+1","Tactician+1","Footwork+1","A Thousand Cuts+1","Acrobatics+1","Master of Strategy+1","Malaise+1","Prepared+1","Backflip+1","Finesse+1","Calculated Gamble+1","Reflex+1","Accuracy+1"],"special_seed":0,"relics":["Ring of the Snake","Chemical X","Toxic Egg 2","Shuriken","Frozen Egg 2","Orichalcum","Golden Idol","Eternal Feather","Juzu Bracelet","Girya","Ornamental Fan","Pear","Sundial","Potion Belt","Coffee Dripper","Whetstone","Pen Nib","Pantograph","Bird Faced Urn","Dodecahedron","Blood Vial"],"potions_floor_usage":[56,56,56],"damage_taken":[{"damage":0.0,"enemies":"Small Slimes","floor":1.0,"turns":1.0},{"damage":0,"enemies":"2 Louse","floor":3,"turns":1},{"damage":0,"enemies":"Jaw Worm","floor":5,"turns":1},{"damage":0,"enemies":"Gremlin Nob","floor":6,"turns":2},{"damage":0,"enemies":"Exordium Thugs","floor":8,"turns":2},{"damage":0,"enemies":"Lagavulin","floor":10,"turns":4},{"damage":0,"enemies":"Looter","floor":11,"turns":1},{"damage":3,"enemies":"3 Louse","floor":12,"turns":2},{"damage":10,"enemies":"3 Sentries","floor":13,"turns":3},{"damage":0,"enemies":"Hexaghost","floor":16,"turns":4},{"damage":0,"enemies":"Chosen","floor":18,"turns":2},{"damage":0,"enemies":"3 Byrds","floor":19,"turns":2},{"damage":0,"enemies":"Snake Plant","floor":20,"turns":2},{"damage":0,"enemies":"3 Cultists","floor":21,"turns":2},{"damage":12,"enemies":"Gremlin Leader","floor":23,"turns":3},{"damage":0,"enemies":"Book of Stabbing","floor":25,"turns":4},{"damage":0,"enemies":"Sentry and Sphere","floor":27,"turns":2},{"damage":0,"enemies":"Snake Plant","floor":28,"turns":3},{"damage":2,"enemies":"Slavers","floor":30,"turns":3},{"damage":0,"enemies":"Champ","floor":33,"turns":5},{"damage":0,"enemies":"Orb Walker","floor":35,"turns":1},{"damage":0,"enemies":"3 Shapes","floor":36,"turns":2},{"damage":0,"enemies":"Transient","floor":39,"turns":3},{"damage":0,"enemies":"Giant Head","floor":40,"turns":2},{"damage":0,"enemies":"Nemesis","floor":42,"turns":4},{"damage":0,"enemies":"Writhing Mass","floor":44,"turns":2},{"damage":0,"enemies":"4 Shapes","floor":46,"turns":2},{"damage":0,"enemies":"Giant Head","floor":48,"turns":1},{"damage":0,"enemies":"Donu and Deca","floor":50,"turns":1},{"damage":0,"enemies":"Time Eater","floor":51,"turns":8},{"damage":0,"enemies":"Shield and Spear","floor":55,"turns":5},{"damage":47,"enemies":"The Heart","floor":56,"turns":9}],"seed_played":"-2553385052489261124","potions_obtained":[{"floor":1.0,"key":"SpeedPotion"},{"floor":6,"key":"PowerPotion"},{"floor":8,"key":"PowerPotion"},{"floor":33,"key":"Fire Potion"},{"floor":36,"key":"FearPotion"}],"is_trial":true,"path_per_floor":["M","?","M","?","M","E","R","M","T","E","M","M","E","?","R","B",null,"M","M","M","M","?","E","T","E","T","M","M","?","E","$","R","B",null,"M","M","?","$","M","E","?","E","T","M","R","M","R","E","R","B","B",null,"R","$","E","B",null],"character_chosen":"THE_SILENT","items_purchased":["Master of Strategy+1","Sundial","Potion Belt","Backflip+1","Finesse+1","Dodecahedron"],"campfire_rested":0,"item_purchase_floors":[31,31,31,38,38,54],"current_hp_per_floor":[59,52,52,41,41,41,41,41,41,41,41,38,28,5,5,5,51,51,51,51,51,51,39,39,39,39,39,39,39,47,47,56,56,71,71,71,64,64,64,64,64,64,64,64,76,76,76,76,76,76,76,76,76,76,76,37],"gold":83,"neow_bonus":"","is_prod":false,"is_daily":false,"chose_seed":false,"campfire_upgraded":3,"win_rate":0,"timestamp":1562523353,"path_taken":["M","?","M","?","M","E","R","M","T","E","M","M","E","?","R","BOSS","M","M","M","M","?","E","?","E","T","M","M","?","E","$","R","BOSS","M","M","?","$","M","E","?","E","T","M","R","M","R","E","R","BOSS","BOSS","R","$","E","BOSS"],"build_version":"2019-07-05","purchased_purges":0,"victory":true,"max_hp_per_floor":[66,66,66,66,66,66,66,66,66,66,66,66,66,66,66,66,66,66,66,66,66,66,66,66,66,66,66,66,66,76,76,76,76,76,76,76,76,76,76,76,76,76,76,76,76,76,76,76,76,76,76,76,76,76,76,76],"card_choices":[{"not_picked":["All Out Attack","Slice"],"picked":"Terror","floor":1.0},{"not_picked":["Quick Slash","Blade Dance"],"picked":"Reflex","floor":3},{"not_picked":["Dagger Throw","PiercingWail","Deadly Poison"],"picked":"SKIP","floor":5},{"not_picked":["Blade Dance","Distraction","Bane"],"picked":"SKIP","floor":6},{"not_picked":["Underhanded Strike","Crippling Poison+1"],"picked":"PiercingWail+1","floor":8},{"not_picked":["Noxious Fumes","Deflect+1"],"picked":"Well Laid Plans","floor":10},{"not_picked":["PiercingWail+1","Heel Hook"],"picked":"Tactician+1","floor":11},{"not_picked":["Slice","Dodge and Roll+1","PiercingWail+1"],"picked":"SKIP","floor":12},{"not_picked":["Skewer","Dodge and Roll+1"],"picked":"Footwork+1","floor":13},{"not_picked":["Bullet Time+1","Corpse Explosion+1"],"picked":"A Thousand Cuts+1","floor":16},{"not_picked":["Cloak And Dagger+1","Flechettes","Dagger Throw"],"picked":"SKIP","floor":18},{"not_picked":["Concentrate+1","Crippling Poison+1","Infinite Blades+1"],"picked":"SKIP","floor":19},{"not_picked":["PiercingWail+1","Heel Hook","Noxious Fumes+1"],"picked":"SKIP","floor":20},{"not_picked":["Cloak And Dagger+1","Concentrate+1","Caltrops+1"],"picked":"SKIP","floor":21},{"not_picked":["Quick Slash+1","PiercingWail+1","Underhanded Strike"],"picked":"SKIP","floor":23},{"not_picked":["Infinite Blades+1","Underhanded Strike","Quick Slash"],"picked":"SKIP","floor":25},{"not_picked":["Finisher","Slice","Reflex+1"],"picked":"SKIP","floor":27},{"not_picked":["Backstab","Endless Agony","Underhanded Strike"],"picked":"SKIP","floor":28},{"not_picked":["Predator","Bane"],"picked":"Acrobatics+1","floor":30},{"not_picked":["Corpse Explosion+1","Storm of Steel+1"],"picked":"Malaise+1","floor":33},{"not_picked":["Dodge and Roll+1","Sucker Punch"],"picked":"Prepared+1","floor":35},{"not_picked":["Blade Dance+1","Crippling Poison+1","Quick Slash"],"picked":"SKIP","floor":36},{"not_picked":["Acrobatics+1","Outmaneuver+1","Flechettes+1"],"picked":"SKIP","floor":39},{"not_picked":["Tactician+1","Outmaneuver+1","Dash"],"picked":"SKIP","floor":40},{"not_picked":["Envenom+1","Terror+1","Slice"],"picked":"SKIP","floor":42},{"not_picked":["Slice","Dagger Throw","Sucker Punch"],"picked":"SKIP","floor":44},{"not_picked":["Terror+1","Infinite Blades+1"],"picked":"Calculated Gamble+1","floor":46},{"not_picked":["Escape Plan+1","Flying Knee+1","Reflex+1"],"picked":"SKIP","floor":48},{"not_picked":["Escape Plan+1","Flying Knee+1"],"picked":"Reflex+1","floor":48},{"not_picked":["Distraction+1","Bane+1"],"picked":"Accuracy+1","floor":55}],"player_experience":5617739,"relics_obtained":[{"floor":6,"key":"Toxic Egg 2"},{"floor":9,"key":"Shuriken"},{"floor":10,"key":"Frozen Egg 2"},{"floor":13,"key":"Orichalcum"},{"floor":23,"key":"Juzu Bracelet"},{"floor":24,"key":"Girya"},{"floor":25,"key":"Ornamental Fan"},{"floor":30,"key":"Pear"},{"floor":40,"key":"Whetstone"},{"floor":42,"key":"Pen Nib"},{"floor":43,"key":"Pantograph"},{"floor":48,"key":"Bird Faced Urn"},{"floor":55,"key":"Blood Vial"}],"event_choices":[{"cards_removed":["Multi-Cast"],"damage_healed":0,"gold_gain":0,"player_choice":"Card Removal","damage_taken":7,"max_hp_gain":0,"max_hp_loss":0,"event_name":"Golden Wing","floor":2,"gold_loss":0},{"damage_healed":0,"gold_gain":75,"player_choice":"Gather Gold","damage_taken":11,"max_hp_gain":0,"max_hp_loss":0,"event_name":"World of Goop","floor":4,"gold_loss":0},{"damage_healed":0,"gold_gain":0,"player_choice":"Take Damage","damage_taken":23,"relics_obtained":["Golden Idol"],"max_hp_gain":0,"max_hp_loss":0,"event_name":"Golden Idol","floor":14,"gold_loss":0},{"damage_healed":0,"gold_gain":0,"player_choice":"Simplicity","damage_taken":0,"max_hp_gain":0,"max_hp_loss":0,"event_name":"Back to Basics","floor":22,"gold_loss":0,"cards_upgraded":[]},{"damage_healed":0,"gold_gain":0,"player_choice":"Ignored","damage_taken":0,"max_hp_gain":0,"max_hp_loss":0,"event_name":"Vampires","floor":29,"gold_loss":0},{"damage_healed":0,"gold_gain":50,"player_choice":"Touch","damage_taken":7,"max_hp_gain":0,"max_hp_loss":0,"event_name":"FaceTrader","floor":37,"gold_loss":0},{"damage_healed":0,"gold_gain":0,"player_choice":"Ignored","damage_taken":0,"max_hp_gain":0,"max_hp_loss":0,"event_name":"Tomb of Lord Red Mask","floor":41,"gold_loss":0}],"is_beta":false,"boss_relics":[{"not_picked":["Snecko Eye","Velvet Choker"],"picked":"Eternal Feather"},{"not_picked":["Empty Cage","Fusion Hammer"],"picked":"Coffee Dripper"}],"items_purged_floors":[],"is_endless":false,"potions_floor_spawned":[1,6,8,10,21,28,30,33,36,40,44,46],"ascension_level":20}