{"gold_per_floor":[119,119,119,44,44,44,54,84,84,84,84,97,140,160,160,160],"floor_reached":16,"playtime":439,"items_purged":[],"score":216,"play_id":"a94badfa-6fa4-4ecd-8390-1adb636e9b25","local_time":"20190515040359","is_ascension_mode":true,"campfire_choices":[{"data":"Dash","floor":6,"key":"SMITH"},{"floor":11,"key":"REST"},{"floor":15,"key":"REST"}],"neow_cost":"TEN_PERCENT_HP_LOSS","seed_source_timestamp":813684926722900,"circlet_count":0,"master_deck":["AscendersBane","Defend_G","Defend_G","Defend_G+1","Strike_G","Strike_G","Strike_G","Strike_G","Survivor","Neutralize+1","Distraction","Calculated Gamble","Dash+1","Crippling Poison","Reflex","Dagger Throw","Backflip"],"relics":["Ring of the Snake","Bird Faced Urn","Frozen Egg 2","Golden Idol","Blood Vial"],"potions_floor_usage":[16,16],"damage_taken":[{"damage":5,"enemies":"Small Slimes","floor":1,"turns":5},{"damage":0,"enemies":"2 Louse","floor":7,"turns":4},{"damage":28,"enemies":"Gremlin Nob","floor":8,"turns":4},{"damage":0,"enemies":"Jaw Worm","floor":12,"turns":4},{"damage":8,"enemies":"3 Sentries","floor":13,"turns":10},{"damage":2,"enemies":"Exordium Thugs","floor":14,"turns":4},{"damage":37,"enemies":"Slime Boss","floor":16,"turns":11}],"seed_played":"-5537542055607645405","potions_obtained":[{"floor":1,"key":"SpeedPotion"},{"floor":8,"key":"Ancient Potion"}],"is_trial":false,"path_per_floor":["M","?","?","?","$","R","M","E","T","?","R","M","E","M","R","B"],"character_chosen":"THE_SILENT","items_purchased":[],"campfire_rested":2,"item_purchase_floors":[],"current_hp_per_floor":[54,54,36,36,36,36,36,8,8,8,24,24,16,16,32,0],"gold":160,"neow_bonus":"TRANSFORM_TWO_CARDS","is_prod":false,"is_daily":false,"chose_seed":false,"campfire_upgraded":1,"win_rate":0,"timestamp":1557860639,"path_taken":["M","?","?","?","?","R","?","E","T","?","R","M","E","M","R","BOSS"],"build_version":"2019-01-23","purchased_purges":0,"victory":false,"max_hp_per_floor":[60,60,60,60,60,60,60,60,60,54,54,54,54,54,54,54],"card_choices":[{"not_picked":["Underhanded Strike","Sucker Punch"],"picked":"Dash","floor":1},{"not_picked":["Blade Dance","Outmaneuver","Flechettes"],"picked":"SKIP","floor":7},{"not_picked":["Quick Slash","Leg Sweep"],"picked":"Crippling Poison","floor":8},{"not_picked":["Underhanded Strike","Blade Dance"],"picked":"Reflex","floor":12},{"not_picked":["Flying Knee","Backflip"],"picked":"Dagger Throw","floor":13},{"not_picked":["Cloak And Dagger","Flying Knee"],"picked":"Backflip","floor":14}],"player_experience":5030173,"relics_obtained":[{"floor":8,"key":"Bird Faced Urn"},{"floor":9,"key":"Frozen Egg 2"},{"floor":13,"key":"Blood Vial"}],"event_choices":[{"damage_healed":0,"gold_gain":0,"player_choice":"Ignored","damage_taken":0,"max_hp_gain":0,"max_hp_loss":0,"event_name":"Liars Game","floor":2,"gold_loss":0},{"damage_healed":0,"gold_gain":0,"player_choice":"Entered Light","damage_taken":18,"max_hp_gain":0,"max_hp_loss":0,"event_name":"Shining Light","floor":3,"gold_loss":0,"cards_upgraded":["Defend_G","Neutralize"]},{"cards_removed":["Defend_G"],"damage_healed":0,"gold_gain":0,"player_choice":"Card Removal","damage_taken":0,"max_hp_gain":0,"max_hp_loss":0,"event_name":"The Cleric","floor":4,"gold_loss":75},{"damage_healed":0,"gold_gain":0,"player_choice":"Lose Max HP","damage_taken":0,"relics_obtained":["Golden Idol"],"max_hp_gain":0,"max_hp_loss":6,"event_name":"Golden Idol","floor":10,"gold_loss":0}],"is_beta":false,"boss_relics":[],"items_purged_floors":[],"is_endless":false,"potions_floor_spawned":[1,8,13],"killed_by":"Slime Boss","ascension_level":20}