{"gold_per_floor":[109,126,126,145,157,157,174,134,159,159,159,159,190,190,190,268,268,288,305,230,24,24,24,43,43],"floor_reached":25,"playtime":547,"items_purged":["Strike_G"],"score":502,"play_id":"a809c9cd-95d0-4225-8428-40e72b803c5e","local_time":"20190717032531","is_ascension_mode":true,"campfire_choices":[{"data":"Noxious Fumes","floor":6,"key":"SMITH"},{"data":"Noxious Fumes","floor":10,"key":"SMITH"},{"data":"Neutralize","floor":12,"key":"SMITH"},{"data":"Footwork","floor":15,"key":"SMITH"},{"data":"Crippling Poison","floor":23,"key":"SMITH"}],"neow_cost":"NONE","seed_source_timestamp":552998127991899,"circlet_count":0,"master_deck":["AscendersBane","Strike_G","Strike_G","Strike_G","Defend_G","Defend_G","Defend_G","Defend_G","Survivor","Neutralize+1","Noxious Fumes+1","Noxious Fumes+1","Footwork+1","Backstab","Dodge and Roll","Footwork+1","Tactician","Burst","Crippling Poison+1","Backflip","After Image","Flechettes","Grand Finale"],"relics":["Ring of the Snake","Smiling Mask","Dream Catcher","Bronze Scales","Runic Dome"],"potions_floor_usage":[16,25],"damage_taken":[{"damage":6,"enemies":"Jaw Worm","floor":1,"turns":6},{"damage":2,"enemies":"Cultist","floor":2,"turns":5},{"damage":4,"enemies":"Small Slimes","floor":4,"turns":4},{"damage":11,"enemies":"2 Fungi Beasts","floor":5,"turns":4},{"damage":6,"enemies":"Blue Slaver","floor":7,"turns":4},{"damage":1,"enemies":"Looter","floor":8,"turns":4},{"damage":11,"enemies":"3 Sentries","floor":13,"turns":6},{"damage":0,"enemies":"Hexaghost","floor":16,"turns":9},{"damage":15,"enemies":"3 Byrds","floor":18,"turns":4},{"damage":2,"enemies":"Spheric Guardian","floor":19,"turns":6},{"damage":24,"enemies":"Snake Plant","floor":24,"turns":5},{"damage":12,"enemies":"Slavers","floor":25,"turns":2}],"seed_played":"931129098990850420","potions_obtained":[{"floor":1,"key":"Dexterity Potion"},{"floor":5,"key":"FearPotion"},{"floor":13,"key":"PowerPotion"},{"floor":16,"key":"Dexterity Potion"},{"floor":19,"key":"Poison Potion"}],"is_trial":false,"path_per_floor":["M","M","?","M","M","R","M","M","T","R","?","R","E","?","R","B",null,"M","M","?","$","?","R","M","E"],"character_chosen":"THE_SILENT","items_purchased":["After Image","Flechettes"],"campfire_rested":0,"item_purchase_floors":[21,21],"current_hp_per_floor":[53,51,51,47,36,36,30,29,29,29,29,29,18,7,7,7,51,36,34,34,34,34,34,10,0],"gold":43,"neow_bonus":"REMOVE_CARD","is_prod":false,"is_daily":false,"chose_seed":false,"campfire_upgraded":5,"win_rate":0,"timestamp":1563301531,"path_taken":["M","M","?","M","M","R","M","?","T","R","?","R","E","?","R","BOSS","M","M","?","$","?","R","M","E"],"build_version":"2019-07-05","purchased_purges":1,"victory":false,"max_hp_per_floor":[66,66,66,66,66,66,66,66,66,66,66,66,66,66,66,66,66,66,66,66,66,66,66,66,66],"card_choices":[{"not_picked":["Escape Plan","Dodge and Roll"],"picked":"Noxious Fumes","floor":1},{"not_picked":["Slice","Riddle With Holes"],"picked":"Noxious Fumes","floor":2},{"not_picked":["Dagger Throw","Caltrops"],"picked":"Footwork","floor":4},{"not_picked":["Underhanded Strike","Dagger Throw"],"picked":"Backstab","floor":5},{"not_picked":["Quick Slash","Blade Dance"],"picked":"Dodge and Roll","floor":7},{"not_picked":["Dagger Spray","Tactician"],"picked":"Footwork","floor":8},{"not_picked":["Dagger Throw","Grand Finale"],"picked":"Tactician","floor":13},{"not_picked":["Bullet Time","Tools of the Trade"],"picked":"Burst","floor":16},{"not_picked":["Blade Dance","Quick Slash+1"],"picked":"Crippling Poison","floor":18},{"not_picked":["Deadly Poison","Flying Knee"],"picked":"Backflip","floor":19},{"not_picked":["Deadly Poison","All Out Attack"],"picked":"Grand Finale","floor":24}],"player_experience":5720380,"relics_obtained":[{"floor":9,"key":"Dream Catcher"},{"floor":13,"key":"Bronze Scales"}],"event_choices":[{"damage_healed":0,"gold_gain":0,"player_choice":"Gave Potion","damage_taken":0,"relics_obtained":["Smiling Mask"],"max_hp_gain":0,"max_hp_loss":0,"event_name":"WeMeetAgain","floor":3,"gold_loss":0},{"damage_healed":0,"gold_gain":0,"player_choice":"Grow","damage_taken":0,"max_hp_gain":0,"max_hp_loss":0,"event_name":"Living Wall","floor":11,"gold_loss":0,"cards_upgraded":["Footwork"]},{"damage_healed":0,"gold_gain":0,"player_choice":"Fled","damage_taken":11,"max_hp_gain":0,"max_hp_loss":0,"event_name":"Scrap Ooze","floor":14,"gold_loss":0},{"cards_removed":["Strike_G"],"damage_healed":0,"gold_gain":0,"player_choice":"Gave Gold","damage_taken":0,"max_hp_gain":0,"max_hp_loss":0,"event_name":"Beggar","floor":20,"gold_loss":75},{"damage_healed":0,"gold_gain":0,"player_choice":"Ignored","damage_taken":0,"max_hp_gain":0,"max_hp_loss":0,"event_name":"Cursed Tome","floor":22,"gold_loss":0}],"is_beta":false,"boss_relics":[{"not_picked":["Snecko Eye","Fusion Hammer"],"picked":"Runic Dome"}],"items_purged_floors":[21],"is_endless":false,"potions_floor_spawned":[1,5,13,16,19,24],"killed_by":"Slavers","ascension_level":20}