{"gold_per_floor":[18,33,33,83,103,136,136,177,200,224,224,224,260,22,22,111,111,126,144,2,52,52,91,91,134,134,134,134,170,33,46,46,144,144,159,159,184,203,78,78,112,172,172,94,130,130,130,463,463,463,463,463,463,144,176,176],"floor_reached":57,"playtime":2342,"items_purged":["Strike_B","Strike_B","Defend_B","Defend_B"],"score":3235,"play_id":"860fbc68-8ac4-4bce-9514-b9e652f95ef8","local_time":"20190623022146","is_ascension_mode":true,"campfire_choices":[{"data":"Buffer","floor":7,"key":"SMITH"},{"data":"Defragment","floor":12,"key":"SMITH"},{"data":"Darkness","floor":15,"key":"SMITH"},{"data":"Ghostly","floor":27,"key":"SMITH"},{"data":"Ghostly","floor":32,"key":"SMITH"},{"floor":40,"key":"RECALL"},{"data":"Loop","floor":46,"key":"SMITH"},{"floor":49,"key":"REST"},{"data":"Skim","floor":53,"key":"SMITH"}],"neow_cost":"NO_GOLD","seed_source_timestamp":371402385006100,"circlet_count":0,"master_deck":["AscendersBane","Strike_B+1","Defend_B+1","Zap","Dualcast","Defragment+1","Darkness+1","Darkness+1","Buffer+1","Undo+1","Skim+1","Redo","Echo Form","Turbo+1","Meteor Strike+1","Hologram","Ghostly+1","Ghostly+1","Ghostly+1","Glacier","Loop+1","Echo Form"],"relics":["Cracked Core","Omamori","PreservedInsect","Anchor","Orichalcum","Pocketwatch","Art of War","Cursed Key","Juzu Bracelet","Shuriken","Turnip","Busted Crown","Whetstone","Torii","War Paint","Oddly Smooth Stone"],"potions_floor_usage":[6,56,56],"damage_taken":[{"damage":3,"enemies":"2 Louse","floor":1,"turns":3},{"damage":4,"enemies":"Jaw Worm","floor":2,"turns":4},{"damage":2,"enemies":"Cultist","floor":5,"turns":4},{"damage":30,"enemies":"3 Sentries","floor":6,"turns":6},{"damage":0,"enemies":"Lagavulin","floor":8,"turns":5},{"damage":0,"enemies":"2 Fungi Beasts","floor":10,"turns":4},{"damage":23,"enemies":"3 Sentries","floor":13,"turns":7},{"damage":0,"enemies":"Slime Boss","floor":16,"turns":6},{"damage":9,"enemies":"3 Byrds","floor":18,"turns":4},{"damage":12,"enemies":"2 Thieves","floor":19,"turns":3},{"damage":0,"enemies":"Slavers","floor":23,"turns":5},{"damage":0,"enemies":"Gremlin Leader","floor":25,"turns":5},{"damage":4,"enemies":"Book of Stabbing","floor":29,"turns":4},{"damage":0,"enemies":"Centurion and Healer","floor":31,"turns":5},{"damage":4,"enemies":"Champ","floor":33,"turns":8},{"damage":0,"enemies":"3 Darklings","floor":35,"turns":5},{"damage":0,"enemies":"Orb Walker","floor":37,"turns":4},{"damage":2,"enemies":"4 Shapes","floor":38,"turns":5},{"damage":0,"enemies":"Nemesis","floor":41,"turns":7},{"damage":12,"enemies":"2 Orb Walkers","floor":42,"turns":6},{"damage":1,"enemies":"Reptomancer","floor":45,"turns":5},{"damage":0,"enemies":"Time Eater","floor":50,"turns":8},{"damage":10,"enemies":"Donu and Deca","floor":51,"turns":9},{"damage":0,"enemies":"Shield and Spear","floor":55,"turns":6},{"damage":10,"enemies":"The Heart","floor":56,"turns":8}],"seed_played":"-6065233170694086825","potions_obtained":[{"floor":1,"key":"Explosive Potion"},{"floor":2,"key":"SpeedPotion"},{"floor":6,"key":"FocusPotion"},{"floor":31,"key":"GamblersBrew"}],"is_trial":false,"path_per_floor":["M","M","?","?","M","E","R","E","T","M","?","R","E","$","R","B",null,"M","M","$","?","?","E","?","E","T","R","?","E","$","M","R","B",null,"M","?","M","M","$","R","E","?","T","$","E","R","?","?","R","B","B",null,"R","$","E","B",null],"character_chosen":"DEFECT","items_purchased":["Art of War","Meteor Strike","Hologram","Glacier","Loop","Echo Form"],"campfire_rested":1,"item_purchase_floors":[14,20,20,30,44,54],"current_hp_per_floor":[61,57,57,57,55,25,25,25,25,25,25,25,2,2,2,2,49,40,28,28,28,28,28,28,28,28,28,28,24,24,24,24,20,29,29,29,29,27,27,27,27,15,15,15,14,14,14,14,23,23,13,27,27,27,27,17],"gold":176,"neow_bonus":"REMOVE_TWO","is_prod":false,"is_daily":false,"chose_seed":false,"campfire_upgraded":7,"win_rate":0,"timestamp":1561224106,"path_taken":["M","M","?","?","?","E","R","E","T","M","?","R","E","$","R","BOSS","M","M","$","?","?","E","?","E","T","R","?","E","$","M","R","BOSS","M","?","M","M","$","R","E","?","T","?","E","R","?","?","R","BOSS","BOSS","R","$","E","BOSS"],"build_version":"2019-01-23","purchased_purges":4,"victory":true,"max_hp_per_floor":[71,71,64,64,64,64,64,64,64,64,64,64,64,64,64,64,64,64,64,64,64,32,32,32,32,32,32,32,32,32,32,32,32,32,32,32,32,32,32,32,32,32,32,32,32,32,32,32,32,32,32,32,32,32,32,32],"card_choices":[{"not_picked":["Darkness","Conserve Battery"],"picked":"Defragment","floor":1},{"not_picked":["Barrage","Self Repair"],"picked":"Darkness","floor":2},{"not_picked":["Heatsinks","Doom and Gloom"],"picked":"Darkness","floor":5},{"not_picked":["Hologram","Go for the Eyes"],"picked":"Buffer","floor":6},{"not_picked":["Hello World","Gash"],"picked":"Undo","floor":8},{"not_picked":["Capacitor","Gash"],"picked":"Skim","floor":10},{"not_picked":["Beam Cell","Barrage"],"picked":"Redo","floor":13},{"not_picked":["All For One","Seek"],"picked":"Echo Form","floor":16},{"not_picked":["Steam","Sweeping Beam","Conserve Battery"],"picked":"SKIP","floor":18},{"not_picked":["Rebound","Conserve Battery"],"picked":"Turbo+1","floor":19},{"not_picked":["Sunder","Reinforced Body","Steam+1"],"picked":"SKIP","floor":23},{"not_picked":["Stack","Hello World","Consume"],"picked":"SKIP","floor":25},{"not_picked":["Stack","Consume","Ball Lightning"],"picked":"SKIP","floor":29},{"not_picked":["Streamline","Gash","Conserve Battery"],"picked":"SKIP","floor":31},{"not_picked":["Stack"],"picked":"SKIP","floor":35},{"not_picked":["Hologram"],"picked":"SKIP","floor":37},{"not_picked":["Conserve Battery"],"picked":"SKIP","floor":38},{"not_picked":["Doom and Gloom"],"picked":"SKIP","floor":41},{"not_picked":["Go for the Eyes"],"picked":"SKIP","floor":45},{"not_picked":["Sweeping Beam+1"],"picked":"SKIP","floor":55}],"player_experience":5458221,"relics_obtained":[{"floor":6,"key":"Omamori"},{"floor":8,"key":"PreservedInsect"},{"floor":9,"key":"Anchor"},{"floor":13,"key":"Pocketwatch"},{"floor":23,"key":"Juzu Bracelet"},{"floor":25,"key":"Shuriken"},{"floor":29,"key":"Turnip"},{"floor":41,"key":"Whetstone"},{"floor":42,"key":"Torii"},{"floor":45,"key":"War Paint"},{"floor":55,"key":"Oddly Smooth Stone"}],"event_choices":[{"damage_healed":0,"gold_gain":0,"player_choice":"Lose Max HP","damage_taken":0,"relics_obtained":["Golden Idol"],"max_hp_gain":0,"max_hp_loss":7,"event_name":"Golden Idol","floor":3,"gold_loss":0},{"damage_healed":0,"gold_gain":50,"player_choice":"Pray","damage_taken":0,"max_hp_gain":0,"max_hp_loss":0,"event_name":"Golden Shrine","floor":4,"gold_loss":0},{"damage_healed":0,"gold_gain":0,"player_choice":"Box","damage_taken":0,"relics_obtained":["Orichalcum"],"max_hp_gain":0,"max_hp_loss":0,"event_name":"Big Fish","floor":11,"gold_loss":0,"cards_obtained":["Regret"]},{"damage_healed":0,"gold_gain":50,"player_choice":"Stole From Cult","damage_taken":0,"max_hp_gain":0,"max_hp_loss":0,"event_name":"Nest","floor":21,"gold_loss":0},{"damage_healed":0,"gold_gain":0,"player_choice":"Became a Ghost","damage_taken":0,"max_hp_gain":0,"max_hp_loss":32,"event_name":"Ghosts","floor":22,"gold_loss":0,"cards_obtained":["Ghostly","Ghostly","Ghostly"]},{"damage_healed":0,"gold_gain":0,"player_choice":"Upgraded","damage_taken":0,"max_hp_gain":0,"max_hp_loss":0,"event_name":"Upgrade Shrine","floor":24,"gold_loss":0,"cards_upgraded":["Ghostly"]},{"damage_healed":0,"gold_gain":0,"player_choice":"Ignored","damage_taken":0,"max_hp_gain":0,"max_hp_loss":0,"event_name":"Cursed Tome","floor":28,"gold_loss":0},{"damage_healed":0,"gold_gain":0,"player_choice":"Ignored","damage_taken":0,"max_hp_gain":0,"max_hp_loss":0,"event_name":"Tomb of Lord Red Mask","floor":36,"gold_loss":0},{"damage_healed":0,"gold_gain":0,"player_choice":"Fight","damage_taken":0,"max_hp_gain":0,"max_hp_loss":0,"event_name":"Mysterious Sphere","floor":42,"gold_loss":0},{"damage_healed":0,"gold_gain":0,"player_choice":"Forge","damage_taken":0,"max_hp_gain":0,"max_hp_loss":0,"event_name":"Accursed Blacksmith","floor":47,"gold_loss":0,"cards_upgraded":["Darkness"]},{"damage_healed":0,"gold_gain":333,"player_choice":"Gave Idol","damage_taken":0,"max_hp_gain":0,"max_hp_loss":0,"event_name":"The Moai Head","floor":48,"relics_lost":["Golden Idol"],"gold_loss":0}],"is_beta":false,"boss_relics":[{"not_picked":["Black Star","Philosopher\u0027s Stone"],"picked":"Cursed Key"},{"not_picked":["Runic Pyramid","Velvet Choker"],"picked":"Busted Crown"}],"items_purged_floors":[14,30,39,54],"is_endless":false,"potions_floor_spawned":[1,2,6,13,16,19,23,31,37,42],"ascension_level":20}