{"gold_per_floor":[118,1,60,135,152,185,185,201,201,219,234,252,262,281,281,357,357,377,377,390,305,305,335,351,351,430,216,216,216,232,242,242,242],"floor_reached":33,"playtime":1225,"items_purged":[],"score":592,"play_id":"05bea0b8-4995-4415-b5cf-e31e08871e88","local_time":"20190723002329","is_ascension_mode":true,"campfire_choices":[{"data":"Uppercut","floor":7,"key":"SMITH"},{"data":"Clothesline","floor":15,"key":"SMITH"},{"floor":25,"key":"REST"},{"floor":28,"key":"REST"},{"data":"Demon Form","floor":32,"key":"SMITH"}],"neow_cost":"NONE","seed_source_timestamp":2715381414987330,"circlet_count":0,"master_deck":["AscendersBane","Strike_R+1","Strike_R+1","Strike_R+1","Strike_R+1","Strike_R+1","Defend_R+1","Defend_R+1","Defend_R+1","Defend_R+1","Bash","Twin Strike","Uppercut+1","Shrug It Off","Clothesline+1","Reaper","Cleave","Shrug It Off","Twin Strike","Pommel Strike","Reaper","Double Tap","Shrug It Off","Shockwave","Demon Form+1","Perfected Strike","Flame Barrier"],"relics":["Burning Blood","NeowsBlessing","Self Forming Clay","Smiling Mask","Mark of Pain","Dodecahedron","Red Skull","Tiny Chest"],"potions_floor_usage":[16,16,20,23,24,30,33],"damage_taken":[{"damage":0,"enemies":"Small Slimes","floor":1,"turns":1},{"damage":0,"enemies":"Jaw Worm","floor":5,"turns":1},{"damage":0,"enemies":"Gremlin Nob","floor":6,"turns":1},{"damage":8,"enemies":"2 Louse","floor":8,"turns":3},{"damage":1,"enemies":"2 Fungi Beasts","floor":10,"turns":4},{"damage":3,"enemies":"Blue Slaver","floor":11,"turns":6},{"damage":26,"enemies":"Gremlin Gang","floor":12,"turns":4},{"damage":1,"enemies":"2 Fungi Beasts","floor":13,"turns":3},{"damage":16,"enemies":"Exordium Wildlife","floor":14,"turns":3},{"damage":45,"enemies":"The Guardian","floor":16,"turns":22},{"damage":38,"enemies":"3 Byrds","floor":18,"turns":7},{"damage":8,"enemies":"Shell Parasite","floor":20,"turns":5},{"damage":60,"enemies":"Book of Stabbing","floor":23,"turns":7},{"damage":10,"enemies":"Snake Plant","floor":24,"turns":2},{"damage":21,"enemies":"Sentry and Sphere","floor":30,"turns":7},{"damage":12,"enemies":"Centurion and Healer","floor":31,"turns":6},{"damage":86,"enemies":"Automaton","floor":33,"turns":8}],"seed_played":"-6639752739837999223","potions_obtained":[{"floor":5,"key":"Weak Potion"},{"floor":8,"key":"SmokeBomb"},{"floor":12,"key":"PowerPotion"},{"floor":16,"key":"Regen Potion"},{"floor":18,"key":"PowerPotion"},{"floor":20,"key":"Poison Potion"},{"floor":23,"key":"Ancient Potion"}],"is_trial":false,"path_per_floor":["M","$","?","?","M","E","R","M","T","M","M","M","M","M","R","B",null,"M","?","M","?","?","E","M","R","T","$","R","?","M","M","R","B"],"character_chosen":"IRONCLAD","items_purchased":["Uppercut","Shrug It Off","Demon Form","Block Potion"],"campfire_rested":2,"item_purchase_floors":[2,2,27,27],"current_hp_per_floor":[74,74,74,63,69,75,75,73,73,75,75,55,60,58,58,29,64,46,46,64,64,64,14,23,45,45,45,67,67,52,70,70,0],"gold":242,"neow_bonus":"THREE_ENEMY_KILL","is_prod":false,"is_daily":false,"chose_seed":false,"campfire_upgraded":3,"win_rate":0,"timestamp":1563834209,"path_taken":["M","$","?","?","M","E","R","M","T","M","M","M","M","M","R","BOSS","M","?","M","?","?","E","M","R","T","$","R","?","M","?","R","BOSS"],"build_version":"2019-07-17","purchased_purges":0,"victory":false,"max_hp_per_floor":[75,75,75,75,75,75,75,75,75,75,75,75,75,75,75,75,75,75,75,75,75,75,75,75,75,75,75,75,75,75,75,75,75],"card_choices":[{"not_picked":["Sword Boomerang","Evolve"],"picked":"Twin Strike","floor":1},{"not_picked":["True Grit","Anger"],"picked":"Clothesline","floor":5},{"not_picked":["Anger","Flex"],"picked":"Reaper","floor":6},{"not_picked":["Uppercut","Seeing Red"],"picked":"Cleave","floor":8},{"not_picked":["Twin Strike","Pummel"],"picked":"Shrug It Off","floor":10},{"not_picked":["Blood for Blood","True Grit"],"picked":"Twin Strike","floor":11},{"not_picked":["Body Slam","Blood for Blood"],"picked":"Pommel Strike","floor":12},{"not_picked":["Feel No Pain","Havoc","Body Slam"],"picked":"SKIP","floor":13},{"not_picked":["Anger","Carnage"],"picked":"Reaper","floor":14},{"not_picked":["Reaper","Exhume"],"picked":"Double Tap","floor":16},{"not_picked":["Sentinel+1","Headbutt"],"picked":"Shrug It Off","floor":18},{"not_picked":["Wild Strike","Rampage","Corruption"],"picked":"SKIP","floor":20},{"not_picked":["Barricade","Heavy Blade"],"picked":"Shockwave","floor":23},{"not_picked":["Anger","Warcry","Rupture"],"picked":"SKIP","floor":24},{"not_picked":["Burning Pact","Entrench","Havoc"],"picked":"SKIP","floor":30},{"not_picked":["Thunderclap+1","Ghostly Armor"],"picked":"Flame Barrier","floor":31}],"player_experience":544088,"relics_obtained":[{"floor":6,"key":"Self Forming Clay"},{"floor":9,"key":"Smiling Mask"},{"floor":23,"key":"Red Skull"},{"floor":26,"key":"Tiny Chest"}],"event_choices":[{"damage_healed":0,"gold_gain":59,"player_choice":"Gained Gold","damage_taken":0,"max_hp_gain":0,"max_hp_loss":0,"event_name":"Golden Wing","floor":3,"gold_loss":0},{"damage_healed":0,"gold_gain":75,"player_choice":"Gather Gold","damage_taken":11,"max_hp_gain":0,"max_hp_loss":0,"event_name":"World of Goop","floor":4,"gold_loss":0},{"damage_healed":0,"gold_gain":0,"player_choice":"Simplicity","damage_taken":0,"max_hp_gain":0,"max_hp_loss":0,"event_name":"Back to Basics","floor":19,"gold_loss":0,"cards_upgraded":["Strike_R","Strike_R","Strike_R","Strike_R","Strike_R","Defend_R","Defend_R","Defend_R","Defend_R"]},{"damage_healed":0,"gold_gain":0,"player_choice":"Obtained Relic","damage_taken":0,"relics_obtained":["Dodecahedron"],"max_hp_gain":0,"max_hp_loss":0,"event_name":"Addict","floor":21,"gold_loss":85},{"damage_healed":0,"gold_gain":0,"player_choice":"Ignored","damage_taken":0,"max_hp_gain":0,"max_hp_loss":0,"event_name":"Vampires","floor":22,"gold_loss":0},{"damage_healed":0,"gold_gain":0,"player_choice":"Read","damage_taken":0,"max_hp_gain":0,"max_hp_loss":0,"event_name":"The Library","floor":29,"gold_loss":0,"cards_obtained":["Perfected Strike"]}],"is_beta":false,"boss_relics":[{"not_picked":["Runic Cube","Black Blood"],"picked":"Mark of Pain"}],"items_purged_floors":[],"is_endless":false,"potions_floor_spawned":[5,8,10,12,14,16,18,20,23],"killed_by":"Automaton","ascension_level":20}