{"gold_per_floor":[115,127,127,145,145,145,163,163,187,187,41,72,88,38,38,143,143,154,168,168,181,91,91,91,91,91,105,105,105,105],"floor_reached":30,"playtime":2185,"items_purged":[],"score":239,"play_id":"6b955c8c-39a1-42bd-ae29-def346461dff","local_time":"20181230220333","is_ascension_mode":true,"campfire_choices":[{"data":"Night Terror","floor":6.0,"key":"SMITH"},{"data":"Neutralize","floor":8,"key":"SMITH"},{"data":"Leg Sweep","floor":10,"key":"SMITH"},{"floor":15,"key":"REST"},{"data":"Terror","floor":23,"key":"SMITH"},{"floor":29,"key":"REST"}],"neow_cost":"NONE","seed_source_timestamp":14974829760453,"circlet_count":0,"master_deck":["Defend_G+1","Defend_G","Strike_G","Strike_G","Survivor","Neutralize+1","Dramatic Entrance","Blade Dance","Leg Sweep+1","Blur","Night Terror+1","Glass Knife","Dash","A Thousand Cuts","Sucker Punch","Terror+1","Necronomicurse"],"special_seed":0,"relics":["Ring of the Snake","Juzu Bracelet","Centennial Puzzle","Mummified Hand","Empty Cage","Oddly Smooth Stone","Necronomicon"],"potions_floor_usage":[12,16,21],"damage_taken":[{"damage":0.0,"enemies":"Jaw Worm","floor":1.0,"turns":6.0},{"damage":0.0,"enemies":"2 Louse","floor":2.0,"turns":2.0},{"damage":0.0,"enemies":"Small Slimes","floor":4.0,"turns":4.0},{"damage":8,"enemies":"3 Louse","floor":7,"turns":2},{"damage":35,"enemies":"Gremlin Nob","floor":12,"turns":7},{"damage":0,"enemies":"2 Fungi Beasts","floor":13,"turns":3},{"damage":35,"enemies":"The Guardian","floor":16,"turns":21},{"damage":10,"enemies":"Chosen","floor":18,"turns":7},{"damage":2,"enemies":"Shell Parasite","floor":19,"turns":11},{"damage":7,"enemies":"Centurion and Healer","floor":21,"turns":9},{"damage":8,"enemies":"Shelled Parasite and Fungi","floor":27,"turns":8},{"damage":37,"enemies":"Gremlin Leader","floor":30,"turns":7}],"seed_played":"228027230493782621","potions_obtained":[{"floor":1.0,"key":"Dexterity Potion"},{"floor":4.0,"key":"Strength Potion"},{"floor":16,"key":"Weak Potion"},{"floor":18,"key":"PowerPotion"},{"floor":27,"key":"Fruit Juice"}],"is_trial":false,"path_per_floor":["M","M","?","M","?","R","M","R","T","R","$","E","M","?","R","B",null,"M","M","?","M","?","R","?","?","T","M","?","R","E"],"character_chosen":"THE_SILENT","items_purchased":["Glass Knife"],"campfire_rested":2,"item_purchase_floors":[11],"current_hp_per_floor":[70,70,67,67,67,67,59,59,59,59,59,24,24,24,45,10,70,60,58,45,38,38,38,38,38,38,30,14,36,0],"gold":105,"neow_bonus":"RANDOM_COLORLESS","is_prod":false,"is_daily":false,"chose_seed":false,"campfire_upgraded":4,"win_rate":0,"timestamp":1546225413,"path_taken":["M","M","?","M","?","R","M","R","T","R","?","E","M","?","R","BOSS","M","M","?","M","?","R","?","?","T","M","?","R","E"],"build_version":"2018-12-20","purchased_purges":0,"victory":false,"max_hp_per_floor":[70,70,70,70,70,70,70,70,70,70,70,70,70,70,70,70,70,70,70,75,75,75,75,75,75,75,75,75,75,75],"card_choices":[{"not_picked":["Skewer","Dagger Throw"],"picked":"Blade Dance","floor":1.0},{"not_picked":["Dash","Blade Dance"],"picked":"Leg Sweep","floor":2.0},{"not_picked":["Poisoned Stab","Dagger Spray"],"picked":"Blur","floor":4.0},{"not_picked":["Distraction","Backflip","Masterful Stab"],"picked":"SKIP","floor":7},{"not_picked":["Catalyst","Skewer"],"picked":"Dash","floor":12},{"not_picked":["All Out Attack","Acrobatics","Riddle With Holes"],"picked":"SKIP","floor":13},{"not_picked":["Malaise","Doppelganger"],"picked":"A Thousand Cuts","floor":16},{"not_picked":["Quick Slash","Deadly Poison"],"picked":"Sucker Punch","floor":18},{"not_picked":["Prepared+1","Acrobatics","Dagger Spray"],"picked":"SKIP","floor":19},{"not_picked":["Outmaneuver","Bane+1"],"picked":"Terror","floor":21},{"not_picked":["Quick Slash","Underhanded Strike+1","Finisher+1"],"picked":"SKIP","floor":27}],"player_experience":44431,"relics_obtained":[{"floor":9,"key":"Centennial Puzzle"},{"floor":12,"key":"Mummified Hand"},{"floor":26,"key":"Oddly Smooth Stone"},{"floor":28,"key":"Necronomicon"}],"event_choices":[{"damage_healed":0.0,"max_hp_gain":0.0,"max_hp_loss":0.0,"gold_gain":0.0,"event_name":"Scrap Ooze","player_choice":"Success","floor":3.0,"gold_loss":0.0,"damage_taken":3.0,"relics_obtained":["Juzu Bracelet"]},{"damage_healed":0.0,"max_hp_gain":0.0,"max_hp_loss":0.0,"gold_gain":0.0,"cards_transformed":["Strike_G"],"event_name":"Living Wall","player_choice":"Change","floor":5.0,"gold_loss":0.0,"damage_taken":0.0,"cards_obtained":["Night Terror"]},{"cards_removed":["Defend_G"],"damage_healed":0,"gold_gain":0,"player_choice":"Card Removal","damage_taken":0,"max_hp_gain":0,"max_hp_loss":0,"event_name":"The Cleric","floor":14,"gold_loss":50},{"damage_healed":0,"gold_gain":0,"player_choice":"Shed Blood","damage_taken":18,"max_hp_gain":5,"max_hp_loss":0,"event_name":"Forgotten Altar","floor":20,"gold_loss":0},{"cards_removed":["Defend_G"],"damage_healed":0,"gold_gain":0,"player_choice":"Upgrade and Remove","damage_taken":0,"max_hp_gain":0,"max_hp_loss":0,"event_name":"Designer","floor":22,"gold_loss":90,"cards_upgraded":["Defend_G"]},{"damage_healed":0,"gold_gain":0,"player_choice":"Ignored","damage_taken":0,"max_hp_gain":0,"max_hp_loss":0,"event_name":"Ghosts","floor":24,"gold_loss":0},{"cards_removed":["Defend_G"],"damage_healed":0,"gold_gain":0,"player_choice":"Purged","damage_taken":0,"max_hp_gain":0,"max_hp_loss":0,"event_name":"Purifier","floor":25,"gold_loss":0},{"damage_healed":0,"gold_gain":0,"player_choice":"Obtained Book","damage_taken":16,"max_hp_gain":0,"max_hp_loss":0,"event_name":"Cursed Tome","floor":28,"gold_loss":0}],"is_beta":false,"boss_relics":[{"not_picked":["Runic Dome","Eternal Feather"],"picked":"Empty Cage"}],"items_purged_floors":[],"is_endless":false,"potions_floor_spawned":[1,4,16,18,27],"killed_by":"Gremlin Leader","ascension_level":1}