{"gold_per_floor":[115,135,149,93,109,109,133,150,226,376,376],"floor_reached":11,"playtime":264,"items_purged":[],"score":127,"play_id":"789e1681-abd8-4135-bc3e-15914fff3dce","local_time":"20190719162605","is_ascension_mode":true,"campfire_choices":[{"floor":6,"key":"REST"}],"neow_cost":"","seed_source_timestamp":2428495291494037,"circlet_count":0,"master_deck":["AscendersBane","Strike_R","Strike_R","Strike_R","Strike_R","Strike_R","Defend_R","Defend_R","Defend_R","Defend_R","Bash","Whirlwind","Whirlwind","Shrug It Off","Cleave","Cleave","Armaments","Uppercut","Doubt"],"relics":["Burning Blood","Magic Flower","DollysMirror","Potion Belt","Sundial"],"potions_floor_usage":[11],"damage_taken":[{"damage":7,"enemies":"Cultist","floor":1,"turns":4},{"damage":16,"enemies":"Jaw Worm","floor":2,"turns":4},{"damage":7,"enemies":"2 Louse","floor":3,"turns":2},{"damage":9,"enemies":"Looter","floor":5,"turns":3},{"damage":0,"enemies":"Lots of Slimes","floor":8,"turns":1},{"damage":85,"enemies":"Lagavulin","floor":11,"turns":10}],"seed_played":"2156429681267989745","potions_obtained":[{"floor":1,"key":"FearPotion"}],"is_trial":false,"path_per_floor":["M","M","M","$","M","R","T","M","T","?","E"],"character_chosen":"IRONCLAD","items_purchased":["Whirlwind","DollysMirror","Armaments"],"campfire_rested":1,"item_purchase_floors":[0,0,4],"current_hp_per_floor":[43,36,38,38,38,60,60,69,69,69,0],"gold":376,"neow_bonus":"","is_prod":false,"is_daily":false,"chose_seed":false,"campfire_upgraded":0,"win_rate":0,"timestamp":1563546365,"path_taken":["M","M","M","$","M","R","?","M","T","?","E"],"build_version":"2019-07-17","purchased_purges":0,"victory":false,"max_hp_per_floor":[75,75,75,75,75,75,75,75,75,75,75],"card_choices":[{"not_picked":["Wild Strike","Warcry"],"picked":"Shrug It Off","floor":1},{"not_picked":["True Grit","Sword Boomerang"],"picked":"Cleave","floor":2},{"not_picked":["Havoc","Reckless Charge"],"picked":"Cleave","floor":3},{"not_picked":["Entrench","Body Slam"],"picked":"Uppercut","floor":5},{"not_picked":["Cleave","Anger","True Grit"],"picked":"SKIP","floor":8}],"player_experience":473124,"relics_obtained":[{"floor":7,"key":"Potion Belt"},{"floor":9,"key":"Sundial"}],"event_choices":[{"damage_healed":0,"gold_gain":150,"player_choice":"AGREE","damage_taken":0,"max_hp_gain":0,"max_hp_loss":0,"event_name":"Liars Game","floor":10,"gold_loss":0,"cards_obtained":["Doubt"]}],"is_beta":false,"boss_relics":[],"items_purged_floors":[],"is_endless":false,"potions_floor_spawned":[1],"killed_by":"Lagavulin","ascension_level":19}