{"gold_per_floor":[15,15,15,29,3,30,30,46,46,65,90,105,136,16,16,120,120,139,54,74,173,183,213,230,230,230,230,247,5,18,118,118,215,215,226,52,52,52,65,65,83,83,83,23,33,133,8,8,8,8],"floor_reached":51,"playtime":4152,"items_purged":["Pain","Strike_R","Strike_R"],"score":1031,"play_id":"75049dde-c6d0-417a-9cc6-da159c11151a","local_time":"20190715141737","is_ascension_mode":true,"campfire_choices":[{"data":"Entrench","floor":7.0,"key":"SMITH"},{"data":"True Grit","floor":15.0,"key":"SMITH"},{"floor":27.0,"key":"REST"},{"floor":32.0,"key":"REST"},{"data":"Impervious","floor":40,"key":"SMITH"},{"data":"Metallicize","floor":42,"key":"SMITH"},{"floor":49,"key":"REST"}],"neow_cost":"NO_GOLD","seed_source_timestamp":254153943249500,"circlet_count":0,"master_deck":["Strike_R","Strike_R","Defend_R","Defend_R","Defend_R","Defend_R","Bash+1","Barricade","Havoc","Twin Strike","Headbutt","Entrench+1","Iron Wave","True Grit+1","Shrug It Off","Shrug It Off","Feed","Clothesline","Pommel Strike+1","Impervious+1","Metallicize+1","Dark Shackles","Chrysalis","Body Slam","Flame Barrier+1","Ghostly Armor"],"special_seed":0,"relics":["Black Blood","WarpedTongs","Ice Cream","Singing Bowl","PreservedInsect","Bag of Preparation","Lantern","Paper Frog","Mercury Hourglass","Sundial","Runic Pyramid","Mummified Hand","Torii"],"potions_floor_usage":[45],"damage_taken":[{"damage":11.0,"enemies":"Jaw Worm","floor":1.0,"turns":4.0},{"damage":9.0,"enemies":"Small Slimes","floor":4.0,"turns":3.0},{"damage":19.0,"enemies":"Gremlin Nob","floor":6.0,"turns":3.0},{"damage":0.0,"enemies":"Cultist","floor":8.0,"turns":2.0},{"damage":9.0,"enemies":"Red Slaver","floor":10.0,"turns":3.0},{"damage":7.0,"enemies":"Lagavulin","floor":11.0,"turns":11.0},{"damage":13.0,"enemies":"2 Fungi Beasts","floor":12.0,"turns":4.0},{"damage":18.0,"enemies":"Gremlin Nob","floor":13.0,"turns":3.0},{"damage":18.0,"enemies":"The Guardian","floor":16.0,"turns":14.0},{"damage":28.0,"enemies":"Chosen","floor":18.0,"turns":6.0},{"damage":0.0,"enemies":"Shell Parasite","floor":20.0,"turns":15.0},{"damage":21.0,"enemies":"Centurion and Healer","floor":22.0,"turns":15.0},{"damage":41.0,"enemies":"Book of Stabbing","floor":23.0,"turns":8.0},{"damage":20.0,"enemies":"Sentry and Sphere","floor":24.0,"turns":24.0},{"damage":9.0,"enemies":"Snecko","floor":28.0,"turns":6.0},{"damage":36.0,"enemies":"Shelled Parasite and Fungi","floor":30.0,"turns":10.0},{"damage":0.0,"enemies":"Champ","floor":33.0,"turns":22.0},{"damage":38,"enemies":"Orb Walker","floor":35,"turns":6},{"damage":15,"enemies":"3 Darklings","floor":39,"turns":8},{"damage":2,"enemies":"Sphere and 2 Shapes","floor":41,"turns":12},{"damage":0,"enemies":"Jaw Worm Horde","floor":45,"turns":7},{"damage":14,"enemies":"Mind Bloom Boss Battle","floor":46,"turns":10},{"damage":61,"enemies":"Donu and Deca","floor":50,"turns":20}],"seed_played":"6045499969299961731","potions_obtained":[{"floor":8.0,"key":"Energy Potion"},{"floor":11.0,"key":"PowerPotion"},{"floor":13.0,"key":"Energy Potion"},{"floor":16.0,"key":"Swift Potion"},{"floor":20.0,"key":"EssenceOfSteel"},{"floor":23.0,"key":"Poison Potion"},{"floor":28.0,"key":"Weak Potion"},{"floor":33.0,"key":"Explosive Potion"},{"floor":35,"key":"PowerPotion"},{"floor":45,"key":"Fire Potion"}],"is_trial":false,"path_per_floor":["M","?","?","M","$","E","R","M","T","M","E","M","E","$","R","B",null,"M","?","M","?","M","E","M","?","T","R","M","$","M","?","R","B",null,"M","$","?","$","M","R","M","R","T","?","M","?","$","?","R","B",null],"character_chosen":"IRONCLAD","items_purchased":["Headbutt","Shrug It Off","Sundial","Metallicize"],"campfire_rested":3,"item_purchase_floors":[5,14,29,36],"current_hp_per_floor":[67,67,67,64,64,51,51,57,57,54,55,50,38,38,38,26,70,57,57,71,71,64,39,35,13,13,47,53,53,32,32,69,83,117,91,91,83,83,82,82,96,96,96,96,110,110,110,110,150,103],"gold":8,"neow_bonus":"THREE_RARE_CARDS","is_prod":false,"is_daily":false,"chose_seed":false,"campfire_upgraded":4,"win_rate":0,"timestamp":1563214657,"path_taken":["M","?","?","?","?","E","R","M","T","M","E","M","E","$","R","BOSS","M","?","M","?","M","E","M","?","T","R","M","$","?","?","R","BOSS","M","?","?","$","M","R","M","R","T","?","?","?","$","?","R","BOSS"],"build_version":"2019-07-05","purchased_purges":3,"victory":true,"max_hp_per_floor":[80,80,80,80,80,80,80,80,80,80,82,84,84,84,84,84,84,89,89,93,93,97,103,109,114,114,114,119,119,124,124,124,128,128,130,130,132,132,136,136,142,142,142,142,146,150,150,150,150,154],"card_choices":[{"not_picked":["Dark Embrace","Demon Form"],"picked":"Barricade","floor":0.0},{"not_picked":["Pommel Strike","Clash"],"picked":"Havoc","floor":1.0},{"not_picked":["Warcry","Body Slam"],"picked":"Twin Strike","floor":4.0},{"not_picked":["Clash","Barricade"],"picked":"Entrench","floor":6.0},{"not_picked":["Armaments","Thunderclap"],"picked":"Iron Wave","floor":8.0},{"not_picked":["Reckless Charge","Fire Breathing"],"picked":"True Grit","floor":10.0},{"not_picked":["Pommel Strike","Combust","Heavy Blade"],"picked":"Singing Bowl","floor":11.0},{"not_picked":["Entrench","Reckless Charge","Metallicize"],"picked":"Singing Bowl","floor":12.0},{"not_picked":["Second Wind","Rage"],"picked":"Shrug It Off","floor":13.0},{"not_picked":["Double Tap","Limit Break"],"picked":"Feed","floor":16.0},{"not_picked":["Twin Strike+1","Metallicize+1","Fire Breathing"],"picked":"Singing Bowl","floor":18.0},{"not_picked":["Perfected Strike+1","Power Through"],"picked":"Clothesline","floor":20.0},{"not_picked":["Clash+1","Sword Boomerang"],"picked":"Pommel Strike+1","floor":22.0},{"not_picked":["Fire Breathing","Havoc+1","Intimidate"],"picked":"Singing Bowl","floor":23.0},{"not_picked":["Rupture+1","Flex","Wild Strike+1"],"picked":"Singing Bowl","floor":24.0},{"not_picked":["Thunderclap","Warcry+1","Feel No Pain"],"picked":"Singing Bowl","floor":28.0},{"not_picked":["Sword Boomerang","Twin Strike","Heavy Blade+1"],"picked":"Singing Bowl","floor":30.0},{"not_picked":["Juggernaut","Reaper"],"picked":"Impervious","floor":33.0},{"not_picked":["Battle Trance+1","Clash","Twin Strike"],"picked":"Singing Bowl","floor":35},{"not_picked":["Flash of Steel","Purity"],"picked":"Dark Shackles","floor":37},{"not_picked":["Panacea","Jack Of All Trades"],"picked":"Chrysalis","floor":37},{"not_picked":["HandOfGreed","Finesse","Secret Weapon"],"picked":"Singing Bowl","floor":37},{"not_picked":["Sentinel","Uppercut+1"],"picked":"Body Slam","floor":39},{"not_picked":["Clash","Pommel Strike+1","Armaments"],"picked":"Singing Bowl","floor":41},{"not_picked":["Clash+1","Havoc"],"picked":"Flame Barrier","floor":45},{"not_picked":["Sword Boomerang+1","Uppercut"],"picked":"Ghostly Armor","floor":46}],"player_experience":219449,"relics_obtained":[{"floor":6.0,"key":"Ice Cream"},{"floor":9.0,"key":"Singing Bowl"},{"floor":11.0,"key":"PreservedInsect"},{"floor":13.0,"key":"Bag of Preparation"},{"floor":23.0,"key":"Paper Frog"},{"floor":26.0,"key":"Mercury Hourglass"},{"floor":43,"key":"Mummified Hand"},{"floor":46,"key":"Torii"}],"event_choices":[{"damage_healed":0.0,"max_hp_gain":0.0,"max_hp_loss":0.0,"gold_gain":0.0,"event_name":"Living Wall","player_choice":"Grow","floor":2.0,"gold_loss":0.0,"damage_taken":0.0,"cards_upgraded":["Bash"]},{"damage_healed":0.0,"max_hp_gain":0.0,"max_hp_loss":0.0,"gold_gain":0.0,"event_name":"Accursed Blacksmith","player_choice":"Rummage","floor":3.0,"gold_loss":0.0,"damage_taken":0.0,"relics_obtained":["WarpedTongs"],"cards_obtained":["Pain"]},{"damage_healed":0.0,"max_hp_gain":0.0,"max_hp_loss":0.0,"gold_gain":0.0,"event_name":"Addict","player_choice":"Obtained Relic","floor":19.0,"gold_loss":85.0,"damage_taken":0.0,"relics_obtained":["Lantern"]},{"damage_healed":0.0,"max_hp_gain":0.0,"max_hp_loss":0.0,"gold_gain":99.0,"event_name":"Nest","player_choice":"Stole From Cult","floor":21.0,"gold_loss":0.0,"damage_taken":0.0},{"damage_healed":0.0,"max_hp_gain":5.0,"max_hp_loss":0.0,"gold_gain":0.0,"event_name":"Forgotten Altar","player_choice":"Shed Blood","floor":25.0,"gold_loss":0.0,"damage_taken":27.0},{"damage_healed":0.0,"max_hp_gain":0.0,"max_hp_loss":0.0,"gold_gain":100.0,"event_name":"Golden Shrine","player_choice":"Pray","floor":31.0,"gold_loss":0.0,"damage_taken":0.0},{"damage_healed":0,"gold_gain":0,"player_choice":"Memory 3","damage_taken":10,"max_hp_gain":0,"max_hp_loss":0,"event_name":"SensoryStone","floor":37,"gold_loss":0},{"cards_removed":["Strike_R"],"damage_healed":0,"gold_gain":0,"player_choice":"Single Remove","damage_taken":0,"max_hp_gain":0,"max_hp_loss":0,"event_name":"Designer","floor":44,"gold_loss":60},{"damage_healed":0,"gold_gain":0,"player_choice":"Fight","damage_taken":0,"max_hp_gain":0,"max_hp_loss":0,"event_name":"MindBloom","floor":46,"gold_loss":0},{"damage_healed":0,"gold_gain":0,"player_choice":"Upgraded","damage_taken":0,"max_hp_gain":0,"max_hp_loss":0,"event_name":"Upgrade Shrine","floor":48,"gold_loss":0,"cards_upgraded":["Flame Barrier"]}],"is_beta":false,"boss_relics":[{"not_picked":["Busted Crown","Tiny House"],"picked":"Black Blood"},{"not_picked":["Astrolabe","Runic Dome"],"picked":"Runic Pyramid"}],"items_purged_floors":[14,36,47],"is_endless":false,"potions_floor_spawned":[8,11,13,16,20,23,28,33,35,45],"ascension_level":6}