{"gold_per_floor":[110,127,202,217,231,231,231,231,231,241,241,276,276,290,290,290],"floor_reached":16,"playtime":159,"items_purged":[],"score":204,"play_id":"1fb7bb7a-5dcb-43ec-97ea-ba7d6c67809c","local_time":"20190413023158","is_ascension_mode":true,"campfire_choices":[{"data":"Flex","floor":6,"key":"SMITH"},{"data":"Sword Boomerang","floor":8,"key":"SMITH"},{"data":"Evolve","floor":11,"key":"SMITH"},{"data":"Sword Boomerang","floor":13,"key":"SMITH"},{"floor":15,"key":"REST"}],"neow_cost":"NONE","seed_source_timestamp":96348919845700,"circlet_count":0,"master_deck":["AscendersBane","Strike_R","Strike_R","Strike_R","Strike_R","Strike_R","Defend_R","Defend_R","Defend_R","Defend_R","Bash","Sword Boomerang+1","Pummel","Flex+1","Sword Boomerang+1","Evolve+1"],"relics":["Burning Blood","NeowsBlessing","Ornamental Fan","Singing Bowl"],"potions_floor_usage":[14,16],"damage_taken":[{"damage":0,"enemies":"Jaw Worm","floor":1,"turns":1},{"damage":0,"enemies":"Cultist","floor":2,"turns":1},{"damage":0,"enemies":"2 Louse","floor":4,"turns":1},{"damage":9,"enemies":"Red Slaver","floor":5,"turns":2},{"damage":11,"enemies":"3 Louse","floor":10,"turns":2},{"damage":32,"enemies":"Gremlin Nob","floor":12,"turns":4},{"damage":19,"enemies":"Gremlin Gang","floor":14,"turns":4},{"damage":53,"enemies":"The Guardian","floor":16,"turns":12}],"seed_played":"2512993910889379661","potions_obtained":[{"floor":4,"key":"SteroidPotion"},{"floor":10,"key":"Block Potion"}],"is_trial":false,"path_per_floor":["M","M","?","M","M","R","?","R","T","M","R","E","R","M","R","B"],"character_chosen":"IRONCLAD","items_purchased":[],"campfire_rested":1,"item_purchase_floors":[],"current_hp_per_floor":[74,75,64,70,67,67,67,67,67,62,62,38,38,27,50,0],"gold":290,"neow_bonus":"THREE_ENEMY_KILL","is_prod":false,"is_daily":false,"chose_seed":false,"campfire_upgraded":4,"win_rate":0,"timestamp":1555090318,"path_taken":["M","M","?","M","M","R","?","R","T","M","R","E","R","?","R","BOSS"],"build_version":"2019-01-23","purchased_purges":0,"victory":false,"max_hp_per_floor":[75,75,75,75,75,75,75,75,75,75,75,77,77,79,79,79],"card_choices":[{"not_picked":["Thunderclap","Spot Weakness"],"picked":"Sword Boomerang","floor":1},{"not_picked":["Warcry","Body Slam"],"picked":"Pummel","floor":2},{"not_picked":["Body Slam","Perfected Strike"],"picked":"Flex","floor":4},{"not_picked":["Heavy Blade","Rage"],"picked":"Sword Boomerang","floor":5},{"not_picked":["Thunderclap","Dropkick"],"picked":"Evolve","floor":10},{"not_picked":["Uppercut","Juggernaut","Wild Strike"],"picked":"Singing Bowl","floor":12},{"not_picked":["Clash","Intimidate","Flex"],"picked":"Singing Bowl","floor":14}],"player_experience":4771848,"relics_obtained":[{"floor":9,"key":"Ornamental Fan"},{"floor":12,"key":"Singing Bowl"}],"event_choices":[{"damage_healed":0,"gold_gain":75,"player_choice":"Gather Gold","damage_taken":11,"max_hp_gain":0,"max_hp_loss":0,"event_name":"World of Goop","floor":3,"gold_loss":0},{"damage_healed":0,"gold_gain":0,"player_choice":"0 cards matched","damage_taken":0,"max_hp_gain":0,"max_hp_loss":0,"event_name":"Match and Keep!","floor":7,"gold_loss":0,"cards_obtained":[]}],"is_beta":false,"boss_relics":[],"items_purged_floors":[],"is_endless":false,"potions_floor_spawned":[4,10],"killed_by":"The Guardian","ascension_level":20}