{"gold_per_floor":[119,138,9,34,51,51,78,78,78,78,78,78,78,94,94,215,215,231,131,131],"floor_reached":20,"playtime":564,"items_purged":["Strike_R","Strike_R"],"score":170,"play_id":"2998bda8-dac1-4337-940d-3d78bddba972","local_time":"20190703212505","is_ascension_mode":false,"campfire_choices":[{"data":"Defend_R","floor":6,"key":"SMITH"},{"data":"Defend_R","floor":10,"key":"SMITH"},{"data":"Defend_R","floor":15,"key":"SMITH"}],"neow_cost":"NONE","seed_source_timestamp":1067316522629095,"circlet_count":0,"master_deck":["Strike_R","Strike_R","Strike_R","Defend_R+1","Defend_R+1","Defend_R+1","Defend_R+1","Bash+1","Shrug It Off+1"],"relics":["Black Blood","War Paint","Pear","Mummified Hand","Golden Idol"],"potions_floor_usage":[16,16,20],"damage_taken":[{"damage":1,"enemies":"Cultist","floor":1,"turns":4},{"damage":10,"enemies":"Small Slimes","floor":2,"turns":3},{"damage":0,"enemies":"2 Louse","floor":5,"turns":4},{"damage":41,"enemies":"Lagavulin","floor":7,"turns":13},{"damage":2,"enemies":"Looter","floor":14,"turns":4},{"damage":31,"enemies":"The Guardian","floor":16,"turns":13},{"damage":10,"enemies":"Chosen","floor":18,"turns":7},{"damage":97,"enemies":"Masked Bandits","floor":20,"turns":5}],"seed_played":"7249887106454622529","potions_obtained":[{"floor":7,"key":"AttackPotion"},{"floor":14,"key":"GamblersBrew"},{"floor":16,"key":"Ancient Potion"},{"floor":18,"key":"Weak Potion"}],"is_trial":false,"path_per_floor":["M","M","$","T","M","R","E","$","T","R","?","?","$","M","R","B",null,"M","$","?"],"character_chosen":"IRONCLAD","items_purchased":["Shrug It Off"],"campfire_rested":0,"item_purchase_floors":[3],"current_hp_per_floor":[80,76,76,76,80,80,55,55,55,55,55,82,82,83,83,58,83,83,83,0],"gold":131,"neow_bonus":"UPGRADE_CARD","is_prod":false,"is_daily":false,"chose_seed":false,"campfire_upgraded":3,"win_rate":0,"timestamp":1562185505,"path_taken":["M","?","$","?","M","R","E","$","T","R","?","?","?","M","R","BOSS","M","$","?"],"build_version":"2019-07-01","purchased_purges":2,"victory":false,"max_hp_per_floor":[80,80,80,80,80,80,90,90,90,90,83,83,83,83,83,83,83,83,83,83],"card_choices":[{"not_picked":["Clash","Searing Blow","Blood for Blood"],"picked":"SKIP","floor":1},{"not_picked":["Rupture","Thunderclap","Metallicize"],"picked":"SKIP","floor":2},{"not_picked":["Shrug It Off","Pummel","Anger"],"picked":"SKIP","floor":5},{"not_picked":["Juggernaut","Pommel Strike","Demon Form"],"picked":"SKIP","floor":7},{"not_picked":["Intimidate","Headbutt","Twin Strike"],"picked":"SKIP","floor":14},{"not_picked":["Perfected Strike","Searing Blow","Cleave"],"picked":"SKIP","floor":18}],"player_experience":106662,"relics_obtained":[{"floor":4,"key":"War Paint"},{"floor":7,"key":"Pear"},{"floor":9,"key":"Mummified Hand"}],"event_choices":[{"damage_healed":0,"gold_gain":0,"player_choice":"Lose Max HP","damage_taken":0,"relics_obtained":["Golden Idol"],"max_hp_gain":0,"max_hp_loss":7,"event_name":"Golden Idol","floor":11,"gold_loss":0},{"damage_healed":27,"gold_gain":0,"player_choice":"Banana","damage_taken":0,"max_hp_gain":0,"max_hp_loss":0,"event_name":"Big Fish","floor":12,"gold_loss":0},{"damage_healed":0,"gold_gain":0,"player_choice":"Fought Bandits","damage_taken":0,"max_hp_gain":0,"max_hp_loss":0,"event_name":"Masked Bandits","floor":20,"gold_loss":0}],"is_beta":false,"boss_relics":[{"not_picked":["Cursed Key","Ectoplasm"],"picked":"Black Blood"}],"items_purged_floors":[3,19],"is_endless":false,"potions_floor_spawned":[7,14,16,18],"killed_by":"Masked Bandits","ascension_level":0}