{"gold_per_floor":[118,118,134,150,160,160,179,209,209,228,258,258,284,304,304,380,380,398,415,430,457,457,488,502,532,612,640,659,671,689,708,708,783,783,803,358,378,428,448,481,481,506,531,531,543,577,577,799,799,799,799,799,799,140,174,174],"floor_reached":57,"playtime":1467,"items_purged":[],"score":3506,"play_id":"c665ff33-c141-458d-bf27-8bce4ed7c3c3","local_time":"20190322014723","is_ascension_mode":true,"campfire_choices":[{"data":"Perfected Strike","floor":6,"key":"SMITH"},{"floor":15,"key":"REST"},{"data":"Perfected Strike","floor":32,"key":"SMITH"},{"floor":41,"key":"RECALL"},{"data":"Disarm","floor":44,"key":"SMITH"},{"data":"Perfected Strike","floor":47,"key":"SMITH"},{"floor":49,"key":"REST"},{"data":"Perfected Strike","floor":53,"key":"SMITH"}],"neow_cost":"NONE","seed_source_timestamp":697215191202200,"circlet_count":0,"master_deck":["AscendersBane","Strike_R+1","Strike_R+1","Strike_R+1","Strike_R+1","Defend_R+1","Defend_R+1","Defend_R+1","Defend_R+1","Bash+1","Headbutt","Battle Trance","Perfected Strike+1","Wild Strike","Wild Strike","Disarm+1","Perfected Strike+1","Perfected Strike+1","Disarm+1","Shockwave+1","Ghostly Armor+1","Offering+1","Shockwave+1","Pommel Strike","Perfected Strike+1","Wild Strike+1","Perfected Strike","Perfected Strike","Battle Trance+1","Ghostly Armor+1","True Grit+1","Twin Strike","Burning Pact+1","Twin Strike+1","Shockwave+1","Flame Barrier+1","Dual Wield+1","Shrug It Off+1","Twin Strike","Double Tap+1","Perfected Strike+1","Pommel Strike","Feel No Pain+1","Mayhem+1","Evolve+1","Wild Strike","Perfected Strike","Shrug It Off+1","Pommel Strike","Twin Strike+1","Second Wind+1","Evolve+1","Flame Barrier+1"],"relics":["Burning Blood","NeowsBlessing","Paper Frog","Toxic Egg 2","Whetstone","Prayer Wheel","Meat on the Bone","Snecko Eye","Red Mask","Anchor","Bag of Preparation","Frozen Egg 2","Red Skull","Sozu","Centennial Puzzle","Strawberry","Ginger","Juzu Bracelet","Medical Kit","Dodecahedron","Blood Vial"],"potions_floor_usage":[11,13,14,40],"damage_taken":[{"damage":0,"enemies":"Small Slimes","floor":1,"turns":1},{"damage":0,"enemies":"Cultist","floor":3,"turns":1},{"damage":0,"enemies":"2 Louse","floor":4,"turns":1},{"damage":11,"enemies":"2 Fungi Beasts","floor":5,"turns":4},{"damage":6,"enemies":"Looter","floor":7,"turns":2},{"damage":35,"enemies":"3 Sentries","floor":8,"turns":7},{"damage":13,"enemies":"Blue Slaver","floor":10,"turns":2},{"damage":8,"enemies":"Gremlin Nob","floor":11,"turns":3},{"damage":11,"enemies":"Lagavulin","floor":13,"turns":4},{"damage":14,"enemies":"Lots of Slimes","floor":14,"turns":4},{"damage":0,"enemies":"Slime Boss","floor":16,"turns":6},{"damage":0,"enemies":"Chosen","floor":18,"turns":3},{"damage":9,"enemies":"2 Thieves","floor":19,"turns":3},{"damage":11,"enemies":"Centurion and Healer","floor":20,"turns":3},{"damage":3,"enemies":"Masked Bandits","floor":21,"turns":2},{"damage":0,"enemies":"Gremlin Leader","floor":23,"turns":3},{"damage":0,"enemies":"Shelled Parasite and Fungi","floor":24,"turns":3},{"damage":12,"enemies":"Slavers","floor":25,"turns":3},{"damage":0,"enemies":"Book of Stabbing","floor":27,"turns":2},{"damage":0,"enemies":"Chosen and Byrds","floor":28,"turns":4},{"damage":6,"enemies":"3 Cultists","floor":29,"turns":2},{"damage":0,"enemies":"Centurion and Healer","floor":30,"turns":1},{"damage":0,"enemies":"Snecko","floor":31,"turns":1},{"damage":6,"enemies":"Champ","floor":33,"turns":3},{"damage":4,"enemies":"3 Shapes","floor":35,"turns":4},{"damage":0,"enemies":"Orb Walker","floor":37,"turns":2},{"damage":0,"enemies":"Maw","floor":39,"turns":4},{"damage":21,"enemies":"Nemesis","floor":40,"turns":5},{"damage":1,"enemies":"Giant Head","floor":42,"turns":3},{"damage":0,"enemies":"4 Shapes","floor":45,"turns":2},{"damage":21,"enemies":"Nemesis","floor":46,"turns":5},{"damage":34,"enemies":"Awakened One","floor":50,"turns":6},{"damage":0,"enemies":"Donu and Deca","floor":51,"turns":3},{"damage":6,"enemies":"Shield and Spear","floor":55,"turns":3},{"damage":74,"enemies":"The Heart","floor":56,"turns":7}],"seed_played":"-8089711131033805268","potions_obtained":[{"floor":7,"key":"EssenceOfSteel"},{"floor":8,"key":"Strength Potion"},{"floor":10,"key":"BloodPotion"},{"floor":11,"key":"Dexterity Potion"},{"floor":16,"key":"Strength Potion"},{"floor":18,"key":"Swift Potion"},{"floor":27,"key":"FearPotion"}],"is_trial":false,"path_per_floor":["M","?","M","M","M","R","M","E","T","M","E","?","E","M","R","B",null,"M","M","M","?","?","E","M","E","T","E","M","M","M","M","R","B",null,"M","$","M","?","M","E","R","E","T","R","M","E","R","?","R","B","B",null,"R","$","E","B",null],"character_chosen":"IRONCLAD","items_purchased":["Pommel Strike","Feel No Pain+1","Centennial Puzzle","Mayhem+1","Second Wind+1","Evolve+1","Medical Kit","Dodecahedron"],"campfire_rested":2,"item_purchase_floors":[36,36,36,36,54,54,54,54],"current_hp_per_floor":[74,74,75,75,70,70,70,41,41,34,39,21,16,20,42,48,68,74,71,66,69,69,75,75,69,69,75,75,75,75,75,75,75,75,75,75,75,68,74,66,66,71,71,71,77,62,62,62,82,54,60,77,77,77,77,23],"gold":174,"neow_bonus":"THREE_ENEMY_KILL","is_prod":false,"is_daily":false,"chose_seed":false,"campfire_upgraded":5,"win_rate":0,"timestamp":1553186843,"path_taken":["M","?","M","M","M","R","M","E","T","?","E","?","E","M","R","BOSS","M","M","M","?","?","E","M","E","T","E","M","M","M","M","R","BOSS","M","$","M","?","?","E","R","E","T","R","M","E","R","?","R","BOSS","BOSS","R","$","E","BOSS"],"build_version":"2019-01-23","purchased_purges":0,"victory":true,"max_hp_per_floor":[75,75,75,75,75,75,75,75,75,75,75,75,75,75,75,75,75,75,75,75,75,75,75,75,75,75,75,75,75,75,75,75,75,75,75,75,75,75,75,82,82,82,82,82,82,82,82,82,82,82,82,82,82,82,82,82],"card_choices":[{"not_picked":["Thunderclap","Intimidate"],"picked":"Headbutt","floor":1},{"not_picked":["Anger","Warcry"],"picked":"Battle Trance","floor":3},{"not_picked":["Warcry","Searing Blow"],"picked":"Perfected Strike","floor":4},{"not_picked":["True Grit","Flame Barrier"],"picked":"Wild Strike","floor":5},{"not_picked":["Heavy Blade","Intimidate"],"picked":"Wild Strike","floor":7},{"not_picked":["Sentinel","Dark Embrace"],"picked":"Disarm","floor":8},{"not_picked":["Corruption","Thunderclap"],"picked":"Perfected Strike","floor":10},{"not_picked":["Disarm+1","Heavy Blade"],"picked":"Perfected Strike","floor":11},{"not_picked":["Dropkick","Searing Blow"],"picked":"Disarm+1","floor":13},{"not_picked":["Cleave","Burning Pact+1"],"picked":"Shockwave+1","floor":14},{"not_picked":["Blood for Blood","Headbutt"],"picked":"Ghostly Armor+1","floor":14},{"not_picked":["Immolate","Juggernaut"],"picked":"Offering+1","floor":16},{"not_picked":["Iron Wave","Sever Soul"],"picked":"Shockwave+1","floor":18},{"not_picked":["Whirlwind","Iron Wave"],"picked":"Pommel Strike","floor":18},{"not_picked":["Heavy Blade","Bloodletting+1"],"picked":"Perfected Strike","floor":19},{"not_picked":["Metallicize+1","Heavy Blade"],"picked":"Wild Strike+1","floor":19},{"not_picked":["Anger","Clash"],"picked":"Perfected Strike","floor":20},{"not_picked":["Iron Wave","Offering+1"],"picked":"Perfected Strike","floor":20},{"not_picked":["Sword Boomerang","Warcry+1"],"picked":"Battle Trance+1","floor":23},{"not_picked":["Havoc+1","Warcry+1"],"picked":"Ghostly Armor+1","floor":24},{"not_picked":["Rampage+1","Heavy Blade","Flex+1"],"picked":"SKIP","floor":24},{"not_picked":["Berserk","Havoc+1"],"picked":"True Grit+1","floor":25},{"not_picked":["Clothesline","Cleave+1"],"picked":"Twin Strike","floor":27},{"not_picked":["Spot Weakness+1","Headbutt"],"picked":"Burning Pact+1","floor":28},{"not_picked":["Thunderclap","Warcry+1"],"picked":"Twin Strike+1","floor":28},{"not_picked":["Havoc+1","Clash"],"picked":"Shockwave+1","floor":29},{"not_picked":["Clothesline","Anger+1","Body Slam+1"],"picked":"SKIP","floor":29},{"not_picked":["Sword Boomerang","Rage+1"],"picked":"Flame Barrier+1","floor":30},{"not_picked":["Thunderclap","Ghostly Armor+1"],"picked":"Dual Wield+1","floor":30},{"not_picked":["Bloodletting+1","Cleave"],"picked":"Shrug It Off+1","floor":31},{"not_picked":["Disarm+1","Dropkick"],"picked":"Twin Strike","floor":31},{"not_picked":["Demon Form+1","Offering+1"],"picked":"Double Tap+1","floor":33},{"not_picked":["Sword Boomerang","Hemokinesis"],"picked":"Perfected Strike+1","floor":35},{"not_picked":["Clash","Hemokinesis","Fire Breathing+1"],"picked":"SKIP","floor":35},{"not_picked":["Clothesline","Uppercut+1"],"picked":"Evolve+1","floor":37},{"not_picked":["True Grit+1","Warcry+1"],"picked":"Wild Strike","floor":37},{"not_picked":["Body Slam","Clash+1"],"picked":"Perfected Strike","floor":39},{"not_picked":["Sever Soul","True Grit+1","Uppercut"],"picked":"SKIP","floor":39},{"not_picked":["Entrench+1","Cleave","Body Slam"],"picked":"SKIP","floor":40},{"not_picked":["Sword Boomerang+1","Dark Embrace+1"],"picked":"Shrug It Off+1","floor":42},{"not_picked":["Fire Breathing+1","Burning Pact+1"],"picked":"Pommel Strike","floor":45},{"not_picked":["Flex+1","Warcry+1","Thunderclap"],"picked":"SKIP","floor":45},{"not_picked":["Sword Boomerang","Evolve+1"],"picked":"Twin Strike+1","floor":46},{"not_picked":["Twin Strike","Heavy Blade"],"picked":"Flame Barrier+1","floor":55}],"player_experience":4583814,"relics_obtained":[{"floor":8,"key":"Paper Frog"},{"floor":9,"key":"Toxic Egg 2"},{"floor":11,"key":"Whetstone"},{"floor":13,"key":"Meat on the Bone"},{"floor":21,"key":"Red Mask"},{"floor":23,"key":"Anchor"},{"floor":25,"key":"Bag of Preparation"},{"floor":26,"key":"Frozen Egg 2"},{"floor":27,"key":"Red Skull"},{"floor":40,"key":"Strawberry"},{"floor":42,"key":"Ginger"},{"floor":46,"key":"Juzu Bracelet"},{"floor":55,"key":"Blood Vial"}],"event_choices":[{"cards_removed":["Strike_R"],"damage_healed":0,"gold_gain":0,"player_choice":"Offered Basic","damage_taken":0,"max_hp_gain":0,"max_hp_loss":0,"event_name":"Bonfire Elementals","floor":2,"gold_loss":0},{"damage_healed":0,"gold_gain":0,"player_choice":"Success","damage_taken":18,"relics_obtained":["Prayer Wheel"],"max_hp_gain":0,"max_hp_loss":0,"event_name":"Scrap Ooze","floor":12,"gold_loss":0},{"damage_healed":0,"gold_gain":0,"player_choice":"Fought Bandits","damage_taken":0,"max_hp_gain":0,"max_hp_loss":0,"event_name":"Masked Bandits","floor":21,"gold_loss":0},{"damage_healed":0,"gold_gain":0,"player_choice":"Simplicity","damage_taken":0,"max_hp_gain":0,"max_hp_loss":0,"event_name":"Back to Basics","floor":22,"gold_loss":0,"cards_upgraded":["Strike_R","Strike_R","Strike_R","Defend_R","Defend_R","Defend_R","Defend_R"]},{"damage_healed":0,"gold_gain":50,"player_choice":"Touch","damage_taken":7,"max_hp_gain":0,"max_hp_loss":0,"event_name":"FaceTrader","floor":38,"gold_loss":0},{"damage_healed":0,"gold_gain":222,"player_choice":"Wore Mask","damage_taken":0,"max_hp_gain":0,"max_hp_loss":0,"event_name":"Tomb of Lord Red Mask","floor":48,"gold_loss":0}],"is_beta":false,"boss_relics":[{"not_picked":["Calling Bell","White Beast Statue"],"picked":"Snecko Eye"},{"not_picked":["Black Star","Pandora\u0027s Box"],"picked":"Sozu"}],"items_purged_floors":[],"is_endless":false,"potions_floor_spawned":[7,8,10,11,16,18,19,23,27,29,30,33,35,37,42,45,46],"ascension_level":20}