{"gold_per_floor":[116,131,131,141,158,185,185,205,205,205,225,185,217,236,236,307,307,325,77,77,77],"floor_reached":21,"playtime":571,"items_purged":["Strike_R"],"score":382,"play_id":"b96e74d8-6278-4645-92f3-065d1293b347","local_time":"20190604005803","is_ascension_mode":true,"campfire_choices":[{"data":"Havoc","floor":7,"key":"SMITH"},{"data":"Evolve","floor":10,"key":"SMITH"},{"data":"Feel No Pain","floor":15,"key":"SMITH"}],"neow_cost":"NONE","seed_source_timestamp":703182244149600,"circlet_count":0,"master_deck":["AscendersBane","Strike_R","Strike_R","Strike_R","Strike_R","Defend_R","Defend_R","Defend_R","Defend_R","Bash","Anger","Headbutt","Evolve+1","Havoc+1","Perfected Strike","Feel No Pain+1","Twin Strike","Impervious+1","Havoc+1","Feel No Pain","Dark Embrace","Burning Pact+1","Ghostly Armor+1","Body Slam"],"relics":["Burning Blood","Oddly Smooth Stone","Toxic Egg 2","Mummified Hand","Fusion Hammer"],"potions_floor_usage":[6,16,16],"damage_taken":[{"damage":9,"enemies":"Jaw Worm","floor":1,"turns":4},{"damage":0,"enemies":"2 Louse","floor":2,"turns":3},{"damage":1,"enemies":"Cultist","floor":4,"turns":3},{"damage":11,"enemies":"2 Fungi Beasts","floor":5,"turns":3},{"damage":36,"enemies":"Gremlin Nob","floor":6,"turns":4},{"damage":1,"enemies":"Exordium Wildlife","floor":8,"turns":3},{"damage":10,"enemies":"Blue Slaver","floor":11,"turns":4},{"damage":18,"enemies":"3 Sentries","floor":13,"turns":9},{"damage":5,"enemies":"Looter","floor":14,"turns":3},{"damage":10,"enemies":"Slime Boss","floor":16,"turns":10},{"damage":21,"enemies":"Shell Parasite","floor":18,"turns":5},{"damage":65,"enemies":"Masked Bandits","floor":21,"turns":3}],"seed_played":"4092758111771285865","potions_obtained":[{"floor":4,"key":"Swift Potion"},{"floor":5,"key":"LiquidBronze"},{"floor":11,"key":"Weak Potion"},{"floor":12,"key":"Poison Potion"},{"floor":12,"key":"SteroidPotion"},{"floor":14,"key":"AttackPotion"},{"floor":18,"key":"Dexterity Potion"}],"is_trial":false,"path_per_floor":["M","M","?","M","M","E","R","M","T","R","M","?","E","M","R","B",null,"M","$","?","?"],"character_chosen":"IRONCLAD","items_purchased":["Burning Pact+1","Ghostly Armor+1","Body Slam"],"campfire_rested":0,"item_purchase_floors":[19,19,19],"current_hp_per_floor":[65,71,71,75,70,40,40,45,45,45,41,41,29,30,30,26,63,48,48,48,0],"gold":77,"neow_bonus":"THREE_CARDS","is_prod":false,"is_daily":false,"chose_seed":false,"campfire_upgraded":3,"win_rate":0,"timestamp":1559577483,"path_taken":["M","M","?","M","M","E","R","M","T","R","M","?","E","?","R","BOSS","M","$","?","?"],"build_version":"2019-01-23","purchased_purges":1,"victory":false,"max_hp_per_floor":[75,75,75,75,75,75,75,75,75,75,75,75,75,75,75,75,75,75,75,75,75],"card_choices":[{"not_picked":["Iron Wave","Shrug It Off"],"picked":"Anger","floor":0},{"not_picked":["Armaments","Evolve"],"picked":"Headbutt","floor":1},{"not_picked":["Heavy Blade","Armaments"],"picked":"Evolve","floor":2},{"not_picked":["Searing Blow","Twin Strike"],"picked":"Havoc","floor":4},{"not_picked":["Pommel Strike","Flame Barrier"],"picked":"Perfected Strike","floor":5},{"not_picked":["Pummel","Body Slam"],"picked":"Feel No Pain","floor":6},{"not_picked":["Clash","Fire Breathing"],"picked":"Twin Strike","floor":8},{"not_picked":["Body Slam","True Grit+1"],"picked":"Impervious+1","floor":11},{"not_picked":["Sever Soul","Disarm+1"],"picked":"Havoc+1","floor":13},{"not_picked":["True Grit+1","Uppercut"],"picked":"Feel No Pain","floor":14},{"not_picked":["Berserk","Fiend Fire"],"picked":"Dark Embrace","floor":16},{"not_picked":["Clash","Cleave","Flex+1"],"picked":"SKIP","floor":18}],"player_experience":5262538,"relics_obtained":[{"floor":6,"key":"Oddly Smooth Stone"},{"floor":9,"key":"Toxic Egg 2"},{"floor":13,"key":"Mummified Hand"}],"event_choices":[{"damage_healed":0,"gold_gain":0,"player_choice":"Ignored","damage_taken":0,"max_hp_gain":0,"max_hp_loss":0,"event_name":"Liars Game","floor":3,"gold_loss":0},{"damage_healed":0,"gold_gain":0,"player_choice":"Bought 3 Potions","damage_taken":0,"max_hp_gain":0,"max_hp_loss":0,"event_name":"The Woman in Blue","floor":12,"gold_loss":0},{"damage_healed":0,"gold_gain":0,"player_choice":"Ignored","damage_taken":0,"max_hp_gain":0,"max_hp_loss":0,"event_name":"Vampires","floor":20,"gold_loss":0},{"damage_healed":0,"gold_gain":0,"player_choice":"Fought Bandits","damage_taken":0,"max_hp_gain":0,"max_hp_loss":0,"event_name":"Masked Bandits","floor":21,"gold_loss":0}],"is_beta":false,"boss_relics":[{"not_picked":["Coffee Dripper","Black Blood"],"picked":"Fusion Hammer"}],"items_purged_floors":[19],"is_endless":false,"potions_floor_spawned":[4,5,11,14,18],"killed_by":"Masked Bandits","ascension_level":20}