{"gold_per_floor":[113,127,146,166,186,186,204,229,284,301,301,69,119,136,136,213,213,225,235,295,311,323,323,353,353,426,426,476,526,605,631,631,708,708,719,211,312,462,174,202,222,222,245,39,311,311,323,390,390,390,390,390,390,76,110,110],"floor_reached":56,"playtime":1730,"items_purged":["Strike_R","Strike_R","Strike_R","Writhe","Strike_R"],"score":1859,"play_id":"20a45574-9ba9-4f41-ba44-c70fc4afd052","local_time":"20190307011535","is_ascension_mode":true,"campfire_choices":[{"floor":6.0,"key":"REST"},{"data":"Inflame","floor":15.0,"key":"SMITH"},{"data":"Fiend Fire","floor":23.0,"key":"SMITH"},{"data":"Uppercut","floor":25.0,"key":"SMITH"},{"data":"Bludgeon","floor":27.0,"key":"SMITH"},{"floor":32.0,"key":"REST"},{"floor":42.0,"key":"RECALL"},{"data":"1","floor":46.0,"key":"LIFT"},{"floor":49.0,"key":"REST"},{"data":"Armaments","floor":53.0,"key":"SMITH"}],"neow_cost":"NONE","seed_source_timestamp":0,"circlet_count":0,"master_deck":["AscendersBane","Strike_R","Defend_R","Defend_R","Defend_R","Defend_R","Bash","Feel No Pain","Cleave","Inflame+1","Pommel Strike","True Grit","Uppercut+1","Bludgeon+1","Shrug It Off","Fiend Fire+1","Shrug It Off","Parasite","Inflame","Immolate","Clothesline+1","True Grit+1","Uppercut","Feel No Pain","Blood for Blood+1","Battle Trance","Shrug It Off+1","Double Tap","Feel No Pain","Shrug It Off","Flame Barrier","Evolve","Disarm+1","Uppercut","Armaments+1","Corruption","Limit Break"],"special_seed":0,"relics":["Burning Blood","Shuriken","Oddly Smooth Stone","SsserpentHead","Snecko Eye","Vajra","Paper Frog","Mercury Hourglass","Red Mask","Blood Vial","Philosopher\u0027s Stone","Toolbox","Thread and Needle","Champion Belt","Tiny Chest","Girya","Mummified Hand"],"potions_floor_usage":[55,55],"damage_taken":[{"damage":6.0,"enemies":"Cultist","floor":1.0,"turns":3.0},{"damage":2.0,"enemies":"2 Louse","floor":2.0,"turns":4.0},{"damage":12.0,"enemies":"Small Slimes","floor":3.0,"turns":5.0},{"damage":24.0,"enemies":"Red Slaver","floor":4.0,"turns":4.0},{"damage":41.0,"enemies":"Exordium Wildlife","floor":5.0,"turns":6.0},{"damage":18.0,"enemies":"3 Louse","floor":7.0,"turns":3.0},{"damage":20.0,"enemies":"Lagavulin","floor":8.0,"turns":7.0},{"damage":12.0,"enemies":"Large Slime","floor":10.0,"turns":5.0},{"damage":1.0,"enemies":"2 Fungi Beasts","floor":14.0,"turns":3.0},{"damage":24.0,"enemies":"The Guardian","floor":16.0,"turns":13.0},{"damage":13.0,"enemies":"2 Thieves","floor":18.0,"turns":3.0},{"damage":0.0,"enemies":"Spheric Guardian","floor":20.0,"turns":3.0},{"damage":31.0,"enemies":"Snake Plant","floor":21.0,"turns":3.0},{"damage":7.0,"enemies":"Shelled Parasite and Fungi","floor":22.0,"turns":4.0},{"damage":26.0,"enemies":"Slavers","floor":24.0,"turns":5.0},{"damage":12.0,"enemies":"Masked Bandits","floor":30.0,"turns":2.0},{"damage":33.0,"enemies":"Gremlin Leader","floor":31.0,"turns":5.0},{"damage":33.0,"enemies":"Champ","floor":33.0,"turns":8.0},{"damage":0.0,"enemies":"3 Darklings","floor":35.0,"turns":2.0},{"damage":18.0,"enemies":"2 Orb Walkers","floor":37.0,"turns":3.0},{"damage":0.0,"enemies":"Mind Bloom Boss Battle","floor":38.0,"turns":3.0},{"damage":25.0,"enemies":"Reptomancer","floor":40.0,"turns":6.0},{"damage":9.0,"enemies":"3 Shapes","floor":41.0,"turns":1.0},{"damage":7.0,"enemies":"Writhing Mass","floor":47.0,"turns":4.0},{"damage":11.0,"enemies":"Maw","floor":48.0,"turns":6.0},{"damage":17.0,"enemies":"Donu and Deca","floor":50.0,"turns":6.0},{"damage":5.0,"enemies":"Time Eater","floor":51.0,"turns":9.0},{"damage":60,"enemies":"Shield and Spear","floor":55,"turns":5},{"damage":30,"enemies":"The Heart","floor":56,"turns":2}],"seed_played":"441165449063845758","potions_obtained":[{"floor":3.0,"key":"BloodPotion"},{"floor":7.0,"key":"Fire Potion"},{"floor":10.0,"key":"AttackPotion"},{"floor":14.0,"key":"AttackPotion"},{"floor":16.0,"key":"Explosive Potion"},{"floor":19.0,"key":"Regen Potion"},{"floor":21.0,"key":"Dexterity Potion"},{"floor":22.0,"key":"Regen Potion"},{"floor":31.0,"key":"LiquidBronze"},{"floor":33.0,"key":"GamblersBrew"},{"floor":41.0,"key":"Ancient Potion"},{"floor":48.0,"key":"SkillPotion"},{"floor":55,"key":"Explosive Potion"}],"is_trial":false,"path_per_floor":["M","M","M","M","M","R","M","E","T","M","?","$","?","M","R","B",null,"M","?","M","M","M","R","E","R","T","R","?","?","?","E","R","B",null,"M","$","?","?","$","E","M","R","T","$","?","R","M","M","R","B","B",null,"R","$","E","B"],"character_chosen":"IRONCLAD","items_purchased":["Fiend Fire","Shrug It Off","Toolbox","Feel No Pain","Shrug It Off","Flame Barrier","Tiny Chest","Evolve","Armaments","SteroidPotion","Limit Break"],"campfire_rested":3,"item_purchase_floors":[12,12,36,36,36,36,39,39,44,54,54],"current_hp_per_floor":[75,79,73,55,28,52,40,26,26,20,20,20,40,45,45,27,68,61,61,76,51,50,50,44,44,44,44,44,44,38,11,35,10,64,72,72,62,70,70,53,52,52,52,52,52,52,53,50,74,65,68,79,79,79,27,0],"gold":110,"neow_bonus":"TEN_PERCENT_HP_BONUS","is_prod":false,"is_daily":false,"chose_seed":false,"campfire_upgraded":5,"win_rate":0,"timestamp":1551888935,"path_taken":["M","M","M","M","?","R","M","E","T","M","?","?","?","M","R","BOSS","M","?","?","M","M","R","E","R","T","R","?","?","?","E","R","BOSS","M","$","?","?","?","E","M","R","T","$","?","R","M","?","R","BOSS","BOSS","R","$","E","BOSS"],"build_version":"2019-01-23","purchased_purges":5,"victory":false,"max_hp_per_floor":[82,82,82,82,82,82,82,82,82,82,82,82,82,82,82,82,82,82,82,82,82,82,82,82,82,82,82,82,82,82,82,82,82,82,82,82,82,82,82,82,82,82,82,82,82,82,82,82,82,82,82,82,82,82,82,82],"card_choices":[{"not_picked":["Twin Strike","Wild Strike"],"picked":"Feel No Pain","floor":1.0},{"not_picked":["Armaments","True Grit"],"picked":"Cleave","floor":2.0},{"not_picked":["Anger","True Grit"],"picked":"Inflame","floor":3.0},{"not_picked":["Warcry","Fire Breathing"],"picked":"Pommel Strike","floor":4.0},{"not_picked":["Clothesline","Havoc"],"picked":"True Grit","floor":5.0},{"not_picked":["Rage","Warcry"],"picked":"Uppercut","floor":7.0},{"not_picked":["Twin Strike","Impervious"],"picked":"Bludgeon","floor":8.0},{"not_picked":["Clash","Flex"],"picked":"Shrug It Off","floor":10.0},{"not_picked":["Carnage","Havoc"],"picked":"Inflame","floor":14.0},{"not_picked":["Offering","Dark Embrace"],"picked":"Immolate","floor":16.0},{"not_picked":["Thunderclap","Sword Boomerang"],"picked":"Clothesline+1","floor":18.0},{"not_picked":["Cleave","Wild Strike"],"picked":"True Grit+1","floor":20.0},{"not_picked":["Twin Strike","Sword Boomerang"],"picked":"Uppercut","floor":21.0},{"not_picked":["Sword Boomerang","Body Slam"],"picked":"Feel No Pain","floor":22.0},{"not_picked":["Whirlwind","Feel No Pain"],"picked":"Blood for Blood+1","floor":24.0},{"not_picked":["Anger","Searing Blow"],"picked":"Battle Trance","floor":30.0},{"not_picked":["Clash","Sentinel"],"picked":"Shrug It Off+1","floor":31.0},{"not_picked":["Dark Embrace","Brutality"],"picked":"Double Tap","floor":33.0},{"not_picked":["Warcry","Pommel Strike+1","Headbutt"],"picked":"SKIP","floor":35.0},{"not_picked":["Headbutt","Dual Wield"],"picked":"Disarm+1","floor":40.0},{"not_picked":["Metallicize","Perfected Strike"],"picked":"Uppercut","floor":41.0},{"not_picked":["Whirlwind","Power Through","Disarm"],"picked":"SKIP","floor":47.0},{"not_picked":["Pommel Strike","Rage"],"picked":"Corruption","floor":48.0},{"not_picked":["Thunderclap","Anger+1","Immolate"],"picked":"SKIP","floor":55}],"player_experience":4478045,"relics_obtained":[{"floor":8.0,"key":"Shuriken"},{"floor":9.0,"key":"Oddly Smooth Stone"},{"floor":24.0,"key":"Vajra"},{"floor":26.0,"key":"Paper Frog"},{"floor":30.0,"key":"Red Mask"},{"floor":31.0,"key":"Blood Vial"},{"floor":37.0,"key":"Thread and Needle"},{"floor":38.0,"key":"Champion Belt"},{"floor":40.0,"key":"Girya"},{"floor":55,"key":"Mummified Hand"}],"event_choices":[{"damage_healed":0.0,"max_hp_gain":0.0,"max_hp_loss":0.0,"gold_gain":0.0,"event_name":"FaceTrader","player_choice":"Trade","floor":11.0,"gold_loss":0.0,"damage_taken":0.0,"relics_obtained":["SsserpentHead"]},{"damage_healed":20.0,"max_hp_gain":0.0,"max_hp_loss":0.0,"gold_gain":0.0,"event_name":"Mushrooms","player_choice":"Healed and dodged fight","floor":13.0,"gold_loss":0.0,"damage_taken":0.0,"cards_obtained":["Parasite"]},{"damage_healed":0.0,"max_hp_gain":0.0,"max_hp_loss":0.0,"gold_gain":0.0,"event_name":"The Woman in Blue","player_choice":"Bought 3 Potions","floor":19.0,"gold_loss":0.0,"damage_taken":0.0},{"damage_healed":0.0,"max_hp_gain":0.0,"max_hp_loss":0.0,"gold_gain":0.0,"event_name":"Ghosts","player_choice":"Ignored","floor":28.0,"gold_loss":0.0,"damage_taken":0.0},{"damage_healed":0.0,"max_hp_gain":0.0,"max_hp_loss":0.0,"gold_gain":0.0,"event_name":"The Mausoleum","player_choice":"Opened","floor":29.0,"gold_loss":0.0,"damage_taken":0.0,"relics_obtained":["Mercury Hourglass"],"cards_obtained":["Writhe"]},{"damage_healed":0.0,"max_hp_gain":0.0,"max_hp_loss":0.0,"gold_gain":0.0,"event_name":"Masked Bandits","player_choice":"Fought Bandits","floor":30.0,"gold_loss":0.0,"damage_taken":0.0},{"damage_healed":0.0,"max_hp_gain":0.0,"max_hp_loss":0.0,"gold_gain":0.0,"event_name":"Mysterious Sphere","player_choice":"Fight","floor":37.0,"gold_loss":0.0,"damage_taken":0.0},{"damage_healed":0.0,"max_hp_gain":0.0,"max_hp_loss":0.0,"gold_gain":0.0,"event_name":"MindBloom","player_choice":"Fight","floor":38.0,"gold_loss":0.0,"damage_taken":0.0},{"damage_healed":0.0,"max_hp_gain":0.0,"max_hp_loss":0.0,"gold_gain":222.0,"event_name":"Tomb of Lord Red Mask","player_choice":"Wore Mask","floor":45.0,"gold_loss":0.0,"damage_taken":0.0}],"is_beta":false,"boss_relics":[{"not_picked":["Mark of Pain","Astrolabe"],"picked":"Snecko Eye"},{"not_picked":["Black Blood","Runic Cube"],"picked":"Philosopher\u0027s Stone"}],"items_purged_floors":[12,36,39,44,54],"is_endless":false,"potions_floor_spawned":[3,7,10,14,16,21,22,31,33,35,41,48,55],"killed_by":"The Heart","ascension_level":20}