{"gold_per_floor":[113,132,152,166,184,211,211,211,211,241,11,11,11,43,43,119,119,132,150,168,168,168,168,168,201,201,221,237,237,266,266],"floor_reached":31,"playtime":1045,"items_purged":[],"score":620,"play_id":"f8925fcd-910b-47ad-8e59-609546cd44e3","local_time":"20190704011431","is_ascension_mode":true,"campfire_choices":[{"floor":8,"key":"REST"},{"floor":13,"key":"REST"},{"data":"Hologram","floor":15,"key":"SMITH"},{"floor":23,"key":"REST"},{"data":"Electrodynamics","floor":29,"key":"SMITH"}],"neow_cost":"TEN_PERCENT_HP_LOSS","seed_source_timestamp":94340409788000,"circlet_count":0,"master_deck":["AscendersBane","Strike_B+1","Defend_B","Defend_B","Defend_B","Defend_B","Zap","Dualcast","Rainbow","Doom and Gloom","Coolheaded+1","Steam","Ball Lightning","Multi-Cast","Double Energy","Hologram+1","Electrodynamics+1","Scrape+1","Reboot+1","Machine Learning+1","Turbo","Seek","Force Field+1","BootSequence","Seek"],"relics":["Cracked Core","Lantern","Matryoshka","Odd Mushroom","Chemical X","Ginger","Astrolabe","Bottled Lightning","Bottled Tornado","Bottled Flame","Incense Burner"],"potions_floor_usage":[6,6,14,18,20,25,25,30],"damage_taken":[{"damage":3,"enemies":"Small Slimes","floor":1,"turns":3},{"damage":10,"enemies":"2 Louse","floor":2,"turns":3},{"damage":0,"enemies":"Jaw Worm","floor":3,"turns":3},{"damage":12,"enemies":"Large Slime","floor":4,"turns":6},{"damage":0,"enemies":"Exordium Wildlife","floor":5,"turns":3},{"damage":11,"enemies":"Gremlin Nob","floor":6,"turns":3},{"damage":14,"enemies":"The Mushroom Lair","floor":10,"turns":4},{"damage":0,"enemies":"3 Sentries","floor":14,"turns":3},{"damage":4,"enemies":"Hexaghost","floor":16,"turns":6},{"damage":0,"enemies":"2 Thieves","floor":18,"turns":2},{"damage":0,"enemies":"Spheric Guardian","floor":19,"turns":2},{"damage":12,"enemies":"Centurion and Healer","floor":20,"turns":4},{"damage":12,"enemies":"Gremlin Leader","floor":25,"turns":6},{"damage":0,"enemies":"Chosen and Byrds","floor":27,"turns":3},{"damage":0,"enemies":"3 Cultists","floor":28,"turns":2},{"damage":17,"enemies":"Book of Stabbing","floor":30,"turns":4},{"damage":14,"enemies":"Shelled Parasite and Fungi","floor":31,"turns":5}],"seed_played":"-6158347337066138319","potions_obtained":[{"floor":3,"key":"Energy Potion"},{"floor":4,"key":"FocusPotion"},{"floor":6,"key":"FocusPotion"},{"floor":14,"key":"Block Potion"},{"floor":16,"key":"Explosive Potion"},{"floor":18,"key":"Fire Potion"},{"floor":20,"key":"Strength Potion"},{"floor":25,"key":"SteroidPotion"},{"floor":28,"key":"FearPotion"}],"is_trial":false,"path_per_floor":["M","M","M","M","M","E","?","R","T","?","$","?","R","E","R","B",null,"M","M","M","?","?","R","?","E","T","M","M","R","E","M"],"character_chosen":"DEFECT","items_purchased":["Chemical X"],"campfire_rested":3,"item_purchase_floors":[11],"current_hp_per_floor":[61,51,51,39,39,28,9,28,28,14,14,3,22,22,22,18,53,53,53,41,41,24,44,44,32,32,32,32,32,15,1],"gold":266,"neow_bonus":"THREE_RARE_CARDS","is_prod":false,"is_daily":false,"chose_seed":false,"campfire_upgraded":2,"win_rate":0,"timestamp":1562170471,"path_taken":["M","M","M","M","M","E","?","R","T","?","?","?","R","E","R","BOSS","M","M","M","?","?","R","?","E","T","M","M","R","E","M"],"build_version":"2019-07-01","purchased_purges":0,"victory":false,"max_hp_per_floor":[64,64,64,64,64,64,64,64,64,64,64,64,64,64,64,64,64,64,64,64,64,69,69,69,69,69,69,69,69,69,69],"card_choices":[{"not_picked":["Machine Learning","Seek"],"picked":"Rainbow","floor":0},{"not_picked":["Beam Cell","Force Field"],"picked":"Doom and Gloom","floor":1},{"not_picked":["Leap","Turbo"],"picked":"Coolheaded","floor":2},{"not_picked":["Turbo","Hello World"],"picked":"Steam","floor":3},{"not_picked":["Stack","Cold Snap"],"picked":"Ball Lightning","floor":4},{"not_picked":["Ball Lightning","Gash"],"picked":"Multi-Cast","floor":5},{"not_picked":["Redo","Go for the Eyes"],"picked":"Double Energy","floor":6},{"not_picked":["Rip and Tear","Compile Driver"],"picked":"Hologram","floor":10},{"not_picked":["Steam Power","Rebound","Sunder"],"picked":"SKIP","floor":14},{"not_picked":["Fission","Seek"],"picked":"Electrodynamics","floor":16},{"not_picked":["Sweeping Beam","Barrage"],"picked":"Turbo","floor":18},{"not_picked":["Compile Driver","Gash","Barrage"],"picked":"SKIP","floor":19},{"not_picked":["Rip and Tear","Streamline"],"picked":"Seek","floor":20},{"not_picked":["Sweeping Beam","Rebound","Force Field+1"],"picked":"SKIP","floor":25},{"not_picked":["Sweeping Beam","Rebound"],"picked":"Force Field+1","floor":25},{"not_picked":["Sunder+1","Consume"],"picked":"BootSequence","floor":27},{"not_picked":["Sweeping Beam","Go for the Eyes"],"picked":"Seek","floor":28},{"not_picked":["Coolheaded","Aggregate","Hologram"],"picked":"SKIP","floor":30}],"player_experience":5575472,"relics_obtained":[{"floor":6,"key":"Lantern"},{"floor":9,"key":"Matryoshka"},{"floor":10,"key":"Odd Mushroom"},{"floor":14,"key":"Ginger"},{"floor":25,"key":"Bottled Lightning"},{"floor":26,"key":"Bottled Tornado"},{"floor":26,"key":"Bottled Flame"},{"floor":30,"key":"Incense Burner"}],"event_choices":[{"damage_healed":0,"gold_gain":0,"player_choice":"Entered Light","damage_taken":19,"max_hp_gain":0,"max_hp_loss":0,"event_name":"Shining Light","floor":7,"gold_loss":0,"cards_upgraded":["Strike_B","Coolheaded"]},{"damage_healed":0,"gold_gain":0,"player_choice":"Fought Mushrooms","damage_taken":0,"max_hp_gain":0,"max_hp_loss":0,"event_name":"Mushrooms","floor":10,"gold_loss":0},{"damage_healed":0,"gold_gain":0,"player_choice":"Fled","damage_taken":11,"max_hp_gain":0,"max_hp_loss":0,"event_name":"Scrap Ooze","floor":12,"gold_loss":0},{"damage_healed":0,"gold_gain":0,"player_choice":"Ignored","damage_taken":0,"max_hp_gain":0,"max_hp_loss":0,"event_name":"Vampires","floor":21,"gold_loss":0},{"damage_healed":0,"gold_gain":0,"player_choice":"Shed Blood","damage_taken":22,"max_hp_gain":5,"max_hp_loss":0,"event_name":"Forgotten Altar","floor":22,"gold_loss":0},{"damage_healed":0,"gold_gain":0,"player_choice":"Ignored","damage_taken":0,"max_hp_gain":0,"max_hp_loss":0,"event_name":"Ghosts","floor":24,"gold_loss":0}],"is_beta":false,"boss_relics":[{"not_picked":["Tiny House","Busted Crown"],"picked":"Astrolabe"}],"items_purged_floors":[],"is_endless":false,"potions_floor_spawned":[3,4,6,14,16,18,20,25,28],"killed_by":"Shelled Parasite and Fungi","ascension_level":20}