{"gold_per_floor":[119,119,130,144,144,169,192,192,244,244,258,283,458,485,485,589,589,600,611,622,622,639,639,674,674,701,713,713,346,362,387,387,387],"floor_reached":33,"playtime":2422,"items_purged":["Strike_B"],"score":330,"play_id":"d3220e13-3c38-452e-be72-b332770398bd","local_time":"20190714232619","is_ascension_mode":false,"campfire_choices":[{"data":"Glacier","floor":8,"key":"SMITH"},{"data":"Darkness","floor":10,"key":"SMITH"},{"floor":15,"key":"REST"},{"data":"Sunder","floor":23,"key":"SMITH"},{"floor":25,"key":"REST"},{"floor":32,"key":"REST"}],"neow_cost":"NONE","seed_source_timestamp":363263355169300,"circlet_count":0,"master_deck":["Strike_B","Strike_B","Strike_B","Defend_B","Defend_B+1","Zap","Dualcast+1","Darkness+1","Glacier+1","Doom and Gloom","Echo Form","Ball Lightning","FTL","Genetic Algorithm","Doubt","Gash+1","Fission","White Noise","Gash+1","Loop","Sunder+1","Sunder+1","Ball Lightning+1","Self Repair+1","Rainbow","Transmutation","Fusion+1","Meteor Strike"],"relics":["Cracked Core","Strawberry","Happy Flower","Centennial Puzzle","Smiling Mask","Shuriken","Lizard Tail","Lantern","PreservedInsect","Whetstone","Vajra"],"potions_floor_usage":[12,12,14,30,30,31],"damage_taken":[{"damage":10,"enemies":"2 Louse","floor":1,"turns":2},{"damage":0,"enemies":"Jaw Worm","floor":3,"turns":4},{"damage":2,"enemies":"Small Slimes","floor":4,"turns":3},{"damage":23,"enemies":"3 Sentries","floor":6,"turns":5},{"damage":2,"enemies":"2 Fungi Beasts","floor":11,"turns":3},{"damage":0,"enemies":"Gremlin Nob","floor":12,"turns":4},{"damage":22,"enemies":"Lagavulin","floor":14,"turns":5},{"damage":35,"enemies":"Hexaghost","floor":16,"turns":11},{"damage":0,"enemies":"Chosen","floor":18,"turns":4},{"damage":5,"enemies":"Spheric Guardian","floor":19,"turns":3},{"damage":17,"enemies":"Cultist and Chosen","floor":20,"turns":5},{"damage":10,"enemies":"Snecko","floor":22,"turns":5},{"damage":41,"enemies":"Gremlin Leader","floor":24,"turns":7},{"damage":21,"enemies":"3 Cultists","floor":27,"turns":4},{"damage":18,"enemies":"Shelled Parasite and Fungi","floor":30,"turns":3},{"damage":20,"enemies":"Slavers","floor":31,"turns":2},{"damage":68,"enemies":"Champ","floor":33,"turns":9}],"seed_played":"5535111120150871022","potions_obtained":[{"floor":1,"key":"SteroidPotion"},{"floor":4,"key":"Block Potion"},{"floor":6,"key":"PowerPotion"},{"floor":12,"key":"Dexterity Potion"},{"floor":19,"key":"FearPotion"},{"floor":30,"key":"SteroidPotion"}],"is_trial":false,"path_per_floor":["M","?","M","M","?","E","T","R","T","R","M","E","?","E","R","B",null,"M","M","M","?","M","R","E","R","T","M","?","$","M","E","R","B"],"character_chosen":"DEFECT","items_purchased":["Transmutation","Whetstone"],"campfire_rested":3,"item_purchase_floors":[29,29],"current_hp_per_floor":[72,56,56,54,54,38,38,38,38,38,36,36,36,14,40,5,89,89,84,67,67,57,57,16,42,42,21,21,21,3,41,67,0],"gold":387,"neow_bonus":"TEN_PERCENT_HP_BONUS","is_prod":false,"is_daily":false,"chose_seed":false,"campfire_upgraded":3,"win_rate":0.0,"timestamp":1563164779,"path_taken":["M","?","M","M","?","E","?","R","T","R","M","E","?","E","R","BOSS","M","M","M","?","M","R","E","R","T","M","?","$","M","E","R","BOSS"],"build_version":"2019-07-05","purchased_purges":1,"victory":false,"max_hp_per_floor":[82,82,82,82,82,89,89,89,89,89,89,89,89,89,89,89,89,89,89,89,89,89,89,89,89,89,89,89,89,89,89,89,89],"card_choices":[{"not_picked":["Go for the Eyes","Loop"],"picked":"Darkness","floor":1},{"not_picked":["Rebound","Ball Lightning"],"picked":"Glacier","floor":3},{"not_picked":["Streamline","Barrage"],"picked":"Doom and Gloom","floor":4},{"not_picked":["Stack","Meteor Strike"],"picked":"Ball Lightning","floor":6},{"not_picked":["Streamline","Rebound"],"picked":"FTL","floor":11},{"not_picked":["Compile Driver","Sweeping Beam"],"picked":"Genetic Algorithm","floor":12},{"not_picked":["Force Field","Stack"],"picked":"Gash","floor":14},{"not_picked":["Reboot","All For One"],"picked":"Fission","floor":16},{"not_picked":["Stack+1","Rebound"],"picked":"White Noise","floor":18},{"not_picked":["Go for the Eyes","Cold Snap+1"],"picked":"Gash","floor":19},{"not_picked":["Steam","Beam Cell+1"],"picked":"Loop","floor":20},{"not_picked":["Self Repair","Lockon+1"],"picked":"Sunder+1","floor":22},{"not_picked":["Genetic Algorithm","Conserve Battery"],"picked":"Ball Lightning+1","floor":24},{"not_picked":["Rebound+1","Conserve Battery+1"],"picked":"Self Repair+1","floor":27},{"not_picked":["Beam Cell","Go for the Eyes"],"picked":"Fusion+1","floor":30},{"not_picked":["Defragment","Force Field"],"picked":"Meteor Strike","floor":31}],"player_experience":46866,"relics_obtained":[{"floor":6,"key":"Strawberry"},{"floor":7,"key":"Happy Flower"},{"floor":9,"key":"Centennial Puzzle"},{"floor":12,"key":"Smiling Mask"},{"floor":14,"key":"Shuriken"},{"floor":24,"key":"Lantern"},{"floor":26,"key":"PreservedInsect"},{"floor":31,"key":"Vajra"}],"event_choices":[{"damage_healed":0,"gold_gain":0,"player_choice":"Entered Light","damage_taken":16,"max_hp_gain":0,"max_hp_loss":0,"event_name":"Shining Light","floor":2,"gold_loss":0,"cards_upgraded":["Defend_B","Dualcast"]},{"damage_healed":0,"gold_gain":0,"cards_transformed":["Defend_B"],"player_choice":"Change","damage_taken":0,"max_hp_gain":0,"max_hp_loss":0,"event_name":"Living Wall","floor":5,"gold_loss":0,"cards_obtained":["Echo Form"]},{"damage_healed":0,"gold_gain":175,"player_choice":"AGREE","damage_taken":0,"max_hp_gain":0,"max_hp_loss":0,"event_name":"Liars Game","floor":13,"gold_loss":0,"cards_obtained":["Doubt"]},{"damage_healed":0,"gold_gain":0,"player_choice":"Read","damage_taken":0,"max_hp_gain":0,"max_hp_loss":0,"event_name":"The Library","floor":21,"gold_loss":0,"cards_obtained":["Sunder"]},{"damage_healed":0,"gold_gain":0,"cards_transformed":["Defend_B"],"player_choice":"Transformed","damage_taken":0,"max_hp_gain":0,"max_hp_loss":0,"event_name":"Transmorgrifier","floor":28,"gold_loss":0,"cards_obtained":["Rainbow"]}],"is_beta":false,"boss_relics":[{"not_picked":["Busted Crown","Calling Bell"],"picked":"Lizard Tail"}],"items_purged_floors":[29],"is_endless":false,"potions_floor_spawned":[1,4,6,12,19,30],"killed_by":"Champ","ascension_level":0}