{"gold_per_floor":[112,128,35,110,54,54,85,85,111,130,144,144,159,12,12,85,85,99,47,58,72,72,72,83,83,110,110,135,135,135,147,147,218,218,234,246,246,67,67,67,142,45,72,90,90,90,121,121,121,121],"floor_reached":51,"playtime":1377,"items_purged":[],"score":1140,"play_id":"1fb0caf2-fc16-43d0-8c51-53118a1c3bec","local_time":"20190714162916","is_ascension_mode":true,"campfire_choices":[{"floor":6.0,"key":"REST"},{"floor":8.0,"key":"REST"},{"data":"Demon Form","floor":15.0,"key":"SMITH"},{"data":"Berserk","floor":23.0,"key":"SMITH"},{"data":"Bash","floor":27.0,"key":"SMITH"},{"floor":30.0,"key":"REST"},{"floor":32.0,"key":"REST"},{"data":"Demon Form","floor":40,"key":"SMITH"},{"data":"Flame Barrier","floor":45,"key":"SMITH"},{"floor":49,"key":"REST"}],"neow_cost":"NONE","seed_source_timestamp":1999125282961479,"circlet_count":0,"master_deck":["AscendersBane","Strike_R","Strike_R","Strike_R","Strike_R","Strike_R","Defend_R","Defend_R","Defend_R","Defend_R+1","Bash+1","Demon Form+1","Perfected Strike","Wild Strike","Clothesline","Disarm+1","Pommel Strike","Shrug It Off","Cleave","Wild Strike","Berserk+1","Wild Strike","Perfected Strike","Perfected Strike","Twin Strike","Twin Strike","Uppercut","Flame Barrier+1","Demon Form+1","Whirlwind","Mind Blast","Mayhem"],"special_seed":0,"relics":["Burning Blood","Du-Vu Doll","Mercury Hourglass","Centennial Puzzle","Orichalcum","Snecko Eye","Juzu Bracelet","MutagenicStrength","War Paint","Vajra","Eternal Feather","Ancient Tea Set","Letter Opener","Gremlin Horn"],"potions_floor_usage":[50],"damage_taken":[{"damage":14.0,"enemies":"2 Louse","floor":1.0,"turns":4.0},{"damage":12.0,"enemies":"Jaw Worm","floor":2.0,"turns":3.0},{"damage":32.0,"enemies":"Gremlin Nob","floor":7.0,"turns":4.0},{"damage":3.0,"enemies":"Cultist","floor":10.0,"turns":4.0},{"damage":6.0,"enemies":"Lots of Slimes","floor":11.0,"turns":2.0},{"damage":0.0,"enemies":"2 Fungi Beasts","floor":13.0,"turns":2.0},{"damage":32.0,"enemies":"Slime Boss","floor":16.0,"turns":7.0},{"damage":11.0,"enemies":"Spheric Guardian","floor":18.0,"turns":4.0},{"damage":7.0,"enemies":"3 Byrds","floor":20.0,"turns":5.0},{"damage":0.0,"enemies":"Centurion and Healer","floor":21.0,"turns":3.0},{"damage":21.0,"enemies":"Snake Plant","floor":24.0,"turns":3.0},{"damage":14.0,"enemies":"Slavers","floor":28.0,"turns":3.0},{"damage":11.0,"enemies":"Chosen and Byrds","floor":31.0,"turns":5.0},{"damage":62.0,"enemies":"Collector","floor":33.0,"turns":8.0},{"damage":0.0,"enemies":"Orb Walker","floor":35.0,"turns":2.0},{"damage":16.0,"enemies":"3 Shapes","floor":36.0,"turns":6.0},{"damage":22,"enemies":"Writhing Mass","floor":44,"turns":6},{"damage":36,"enemies":"Nemesis","floor":47,"turns":5},{"damage":90,"enemies":"Awakened One","floor":50,"turns":8}],"seed_played":"-7450627939724106876","potions_obtained":[{"floor":2.0,"key":"Ancient Potion"},{"floor":13.0,"key":"AttackPotion"},{"floor":16.0,"key":"SmokeBomb"},{"floor":18.0,"key":"Strength Potion"},{"floor":31.0,"key":"FairyPotion"},{"floor":35.0,"key":"SpeedPotion"},{"floor":47,"key":"Ancient Potion"}],"is_trial":false,"path_per_floor":["M","M","$","?","?","R","E","R","T","M","M","$","M","$","R","B",null,"M","$","M","M","?","R","M","?","T","R","E","?","R","M","R","B",null,"M","M","?","$","?","R","?","$","T","M","R","T","E","?","R","B",null],"character_chosen":"IRONCLAD","items_purchased":["Clothesline","Disarm","Orichalcum","Perfected Strike","Mayhem","FairyPotion"],"campfire_rested":5,"item_purchase_floors":[3,3,14,19,38,42],"current_hp_per_floor":[60,54,54,43,43,65,39,61,61,64,64,64,70,70,70,44,67,62,62,61,67,67,67,52,52,52,52,44,30,54,49,73,17,64,70,60,50,50,50,68,60,60,60,44,62,62,32,32,74,14],"gold":121,"neow_bonus":"ONE_RANDOM_RARE_CARD","is_prod":false,"is_daily":false,"chose_seed":false,"campfire_upgraded":5,"win_rate":0,"timestamp":1563118156,"path_taken":["M","M","$","?","?","R","E","R","T","M","?","?","M","$","R","BOSS","M","$","M","M","?","R","M","?","T","R","E","?","R","M","R","BOSS","M","M","?","$","?","R","?","$","T","M","R","?","E","?","R","BOSS"],"build_version":"2019-07-05","purchased_purges":0,"victory":true,"max_hp_per_floor":[75,75,75,75,75,75,75,75,75,75,75,75,75,75,75,75,75,75,75,75,75,75,75,75,75,75,75,75,80,80,80,80,80,80,80,80,80,80,80,80,80,80,80,80,80,80,80,80,80,80],"card_choices":[{"not_picked":["Clothesline","Seeing Red"],"picked":"Perfected Strike","floor":1.0},{"not_picked":["Anger","Combust"],"picked":"Wild Strike","floor":2.0},{"not_picked":["Wild Strike","Clash"],"picked":"Pommel Strike","floor":7.0},{"not_picked":["Dropkick","Pummel"],"picked":"Shrug It Off","floor":10.0},{"not_picked":["Inflame","Clash"],"picked":"Cleave","floor":11.0},{"not_picked":["Carnage","Cleave"],"picked":"Wild Strike","floor":13.0},{"not_picked":["Dark Embrace","Exhume"],"picked":"Berserk","floor":16.0},{"not_picked":["Sword Boomerang","Corruption"],"picked":"Wild Strike","floor":18.0},{"not_picked":["Bloodletting","Battle Trance"],"picked":"Perfected Strike","floor":20.0},{"not_picked":["Warcry","Power Through+1"],"picked":"Twin Strike","floor":21.0},{"not_picked":["Armaments","Wild Strike"],"picked":"Twin Strike","floor":24.0},{"not_picked":["Cleave","Rupture+1"],"picked":"Uppercut","floor":28.0},{"not_picked":["Sentinel","Perfected Strike"],"picked":"Flame Barrier","floor":31.0},{"not_picked":["Berserk","Immolate"],"picked":"Demon Form","floor":33.0},{"not_picked":["Entrench","Thunderclap"],"picked":"Whirlwind","floor":35.0},{"not_picked":["Ghostly Armor+1","Sword Boomerang","True Grit"],"picked":"SKIP","floor":36.0},{"not_picked":["Secret Technique","Trip"],"picked":"Mind Blast","floor":37.0},{"not_picked":["Clash+1","Thunderclap","Ghostly Armor"],"picked":"SKIP","floor":44},{"not_picked":["Headbutt","Rupture","Intimidate"],"picked":"SKIP","floor":47}],"player_experience":414453,"relics_obtained":[{"floor":7.0,"key":"Mercury Hourglass"},{"floor":9.0,"key":"Centennial Puzzle"},{"floor":26.0,"key":"War Paint"},{"floor":28.0,"key":"Vajra"},{"floor":43,"key":"Ancient Tea Set"},{"floor":46,"key":"Letter Opener"},{"floor":47,"key":"Gremlin Horn"}],"event_choices":[{"damage_healed":0.0,"max_hp_gain":0.0,"max_hp_loss":0.0,"gold_gain":75.0,"event_name":"World of Goop","player_choice":"Gather Gold","floor":4.0,"gold_loss":0.0,"damage_taken":11.0},{"damage_healed":0.0,"max_hp_gain":0.0,"max_hp_loss":0.0,"gold_gain":0.0,"event_name":"WeMeetAgain","player_choice":"Paid Gold","floor":5.0,"gold_loss":56.0,"damage_taken":0.0,"relics_obtained":["Du-Vu Doll"]},{"damage_healed":0.0,"max_hp_gain":0.0,"max_hp_loss":0.0,"gold_gain":0.0,"event_name":"The Mausoleum","player_choice":"Opened","floor":22.0,"gold_loss":0.0,"damage_taken":0.0,"relics_obtained":["Juzu Bracelet"]},{"damage_healed":0.0,"max_hp_gain":0.0,"max_hp_loss":0.0,"gold_gain":0.0,"event_name":"Drug Dealer","player_choice":"Inject Mutagens","floor":25.0,"gold_loss":0.0,"damage_taken":0.0,"relics_obtained":["MutagenicStrength"]},{"damage_healed":0.0,"max_hp_gain":5.0,"max_hp_loss":0.0,"gold_gain":0.0,"event_name":"Forgotten Altar","player_choice":"Shed Blood","floor":29.0,"gold_loss":0.0,"damage_taken":19.0},{"damage_healed":0.0,"max_hp_gain":0.0,"max_hp_loss":0.0,"gold_gain":0.0,"event_name":"SensoryStone","player_choice":"Memory 3","floor":37.0,"gold_loss":0.0,"damage_taken":10.0},{"damage_healed":0,"gold_gain":0,"player_choice":"0 cards matched","damage_taken":0,"max_hp_gain":0,"max_hp_loss":0,"event_name":"Match and Keep!","floor":39,"gold_loss":0,"cards_obtained":[]},{"damage_healed":0,"gold_gain":75,"player_choice":"Touch","damage_taken":8,"max_hp_gain":0,"max_hp_loss":0,"event_name":"FaceTrader","floor":41,"gold_loss":0},{"damage_healed":0,"gold_gain":0,"player_choice":"Ignored","damage_taken":0,"max_hp_gain":0,"max_hp_loss":0,"event_name":"Mysterious Sphere","floor":48,"gold_loss":0}],"is_beta":false,"boss_relics":[{"not_picked":["Pandora\u0027s Box","Fusion Hammer"],"picked":"Snecko Eye"},{"not_picked":["Black Blood","Philosopher\u0027s Stone"],"picked":"Eternal Feather"}],"items_purged_floors":[],"is_endless":false,"potions_floor_spawned":[2,13,16,18,31,35,44,47],"ascension_level":14}