{"gold_per_floor":[112,130,143,157,232,232,260,350,373,391,403,403,423,456,456,456],"floor_reached":16,"playtime":469,"items_purged":[],"score":228,"play_id":"a37312dd-2a8e-4ae0-8add-98ed574b3917","local_time":"20190714023416","is_ascension_mode":true,"campfire_choices":[{"data":"Core Surge","floor":6.0,"key":"SMITH"},{"floor":12.0,"key":"REST"},{"floor":15,"key":"REST"}],"neow_cost":"TEN_PERCENT_HP_LOSS","seed_source_timestamp":290750423493700,"circlet_count":0,"master_deck":["AscendersBane","Strike_B","Strike_B","Strike_B","Strike_B","Defend_B","Defend_B","Defend_B","Defend_B","Zap+1","Dualcast","Core Surge+1","Chill","White Noise+1","Ball Lightning","Streamline","Fission","Darkness","FTL","Coolheaded","Conserve Battery","Electrodynamics"],"special_seed":0,"relics":["Cracked Core","Strawberry","Tiny Chest","War Paint","Mercury Hourglass"],"potions_floor_usage":[14,16],"damage_taken":[{"damage":7.0,"enemies":"Small Slimes","floor":1.0,"turns":3.0},{"damage":0.0,"enemies":"2 Louse","floor":2.0,"turns":2.0},{"damage":4.0,"enemies":"Cultist","floor":3.0,"turns":4.0},{"damage":7.0,"enemies":"Red Slaver","floor":4.0,"turns":3.0},{"damage":12.0,"enemies":"Lagavulin","floor":7.0,"turns":9.0},{"damage":1.0,"enemies":"3 Sentries","floor":8.0,"turns":5.0},{"damage":15.0,"enemies":"Large Slime","floor":10.0,"turns":4.0},{"damage":10.0,"enemies":"Gremlin Gang","floor":11.0,"turns":4.0},{"damage":1.0,"enemies":"3 Louse","floor":13.0,"turns":2.0},{"damage":23,"enemies":"Gremlin Nob","floor":14,"turns":4},{"damage":24,"enemies":"Hexaghost","floor":16,"turns":7}],"seed_played":"4846564450393382206","potions_obtained":[{"floor":2.0,"key":"AttackPotion"},{"floor":3.0,"key":"SpeedPotion"},{"floor":10.0,"key":"Dexterity Potion"},{"floor":13.0,"key":"LiquidBronze"}],"is_trial":false,"path_per_floor":["M","M","M","M","?","R","E","?","T","M","M","R","M","E","R","B"],"character_chosen":"DEFECT","items_purchased":[],"campfire_rested":2,"item_purchase_floors":[],"current_hp_per_floor":[57,57,53,46,35,35,30,29,29,14,4,25,24,1,22,0],"gold":456,"neow_bonus":"THREE_RARE_CARDS","is_prod":false,"is_daily":false,"chose_seed":false,"campfire_upgraded":1,"win_rate":0,"timestamp":1563039256,"path_taken":["M","M","M","M","?","R","E","?","T","M","M","R","M","E","R","BOSS"],"build_version":"2019-07-05","purchased_purges":0,"victory":false,"max_hp_per_floor":[64,64,64,64,64,64,71,71,71,71,71,71,71,71,71,71],"card_choices":[{"not_picked":["Hyperbeam","Buffer"],"picked":"Core Surge","floor":0.0},{"not_picked":["Turbo","Force Field"],"picked":"Chill","floor":1.0},{"not_picked":["Conserve Battery","Coolheaded"],"picked":"White Noise","floor":2.0},{"not_picked":["Hello World","Skim"],"picked":"Ball Lightning","floor":3.0},{"not_picked":["Steam","Barrage"],"picked":"Streamline","floor":4.0},{"not_picked":["Steam Power","Compile Driver"],"picked":"Fission","floor":7.0},{"not_picked":["Rebound","Coolheaded"],"picked":"Darkness","floor":8.0},{"not_picked":["Blizzard","Barrage"],"picked":"FTL","floor":10.0},{"not_picked":["Barrage","Streamline"],"picked":"Coolheaded","floor":11.0},{"not_picked":["Genetic Algorithm","Rebound"],"picked":"Conserve Battery","floor":13.0},{"not_picked":["Meteor Strike","Gash"],"picked":"Electrodynamics","floor":14}],"player_experience":5679953,"relics_obtained":[{"floor":7.0,"key":"Strawberry"},{"floor":8.0,"key":"Tiny Chest"},{"floor":9.0,"key":"War Paint"},{"floor":14,"key":"Mercury Hourglass"}],"event_choices":[{"damage_healed":0.0,"max_hp_gain":0.0,"max_hp_loss":0.0,"gold_gain":75.0,"event_name":"World of Goop","player_choice":"Gather Gold","floor":5.0,"gold_loss":0.0,"damage_taken":11.0},{"damage_healed":0.0,"max_hp_gain":0.0,"max_hp_loss":0.0,"gold_gain":0.0,"event_name":"Dead Adventurer","player_choice":"Searched \u00271\u0027 times","floor":8.0,"gold_loss":0.0,"damage_taken":0.0}],"is_beta":false,"boss_relics":[],"items_purged_floors":[],"is_endless":false,"potions_floor_spawned":[2,3,10,13],"killed_by":"Hexaghost","ascension_level":20}