{"gold_per_floor":[112,112,112,128,142,142,142,156,229,229,229,248,264,283,283,283],"floor_reached":16,"playtime":366,"items_purged":[],"score":188,"play_id":"e845be88-356a-4e2e-bb1e-ff773a1c51c6","local_time":"20190601020013","is_ascension_mode":true,"campfire_choices":[{"data":"Combust","floor":6,"key":"SMITH"},{"data":"Armaments","floor":11,"key":"SMITH"},{"data":"Blood for Blood","floor":15,"key":"SMITH"}],"neow_cost":"PERCENT_DAMAGE","seed_source_timestamp":447909187364500,"circlet_count":0,"master_deck":["AscendersBane","Strike_R","Strike_R","Strike_R+1","Strike_R","Defend_R","Defend_R","Defend_R","Defend_R","Bash","Dark Shackles+1","Enlightenment","Armaments+1","Pommel Strike","Combust+1","Clothesline","Perfected Strike","Blood for Blood+1"],"relics":["Burning Blood","Golden Idol","Singing Bowl"],"potions_floor_usage":[],"damage_taken":[{"damage":1,"enemies":"2 Louse","floor":1,"turns":3},{"damage":1,"enemies":"Small Slimes","floor":4,"turns":5},{"damage":11,"enemies":"Cultist","floor":5,"turns":4},{"damage":6,"enemies":"Blue Slaver","floor":8,"turns":4},{"damage":2,"enemies":"3 Louse","floor":12,"turns":4},{"damage":8,"enemies":"Looter","floor":13,"turns":3},{"damage":7,"enemies":"Exordium Thugs","floor":14,"turns":4},{"damage":44,"enemies":"Slime Boss","floor":16,"turns":7}],"seed_played":"9087042845094262071","potions_obtained":[{"floor":8,"key":"Ancient Potion"},{"floor":13,"key":"SpeedPotion"}],"is_trial":false,"path_per_floor":["M","?","?","M","M","R","?","M","T","?","R","M","M","M","R","B"],"character_chosen":"IRONCLAD","items_purchased":[],"campfire_rested":0,"item_purchase_floors":[],"current_hp_per_floor":[55,55,55,60,55,55,35,35,35,35,35,39,39,38,38,0],"gold":283,"neow_bonus":"RANDOM_COLORLESS_2","is_prod":false,"is_daily":false,"chose_seed":false,"campfire_upgraded":3,"win_rate":0,"timestamp":1559322013,"path_taken":["M","?","?","M","M","R","?","M","T","?","R","M","M","M","R","BOSS"],"build_version":"2019-01-23","purchased_purges":0,"victory":false,"max_hp_per_floor":[75,75,68,68,68,68,68,68,68,68,68,68,70,70,70,70],"card_choices":[{"not_picked":["Thunderclap","Intimidate"],"picked":"Armaments","floor":1},{"not_picked":["True Grit","Havoc"],"picked":"Pommel Strike","floor":4},{"not_picked":["Sword Boomerang","Cleave"],"picked":"Combust","floor":5},{"not_picked":["Clash","Headbutt"],"picked":"Clothesline","floor":8},{"not_picked":["True Grit","Iron Wave"],"picked":"Perfected Strike","floor":12},{"not_picked":["Sentinel","Cleave","Intimidate"],"picked":"Singing Bowl","floor":13},{"not_picked":["Intimidate","Headbutt"],"picked":"Blood for Blood","floor":14}],"player_experience":5232594,"relics_obtained":[{"floor":9,"key":"Singing Bowl"}],"event_choices":[{"damage_healed":0,"gold_gain":0,"player_choice":"Ignored","damage_taken":0,"max_hp_gain":0,"max_hp_loss":0,"event_name":"Liars Game","floor":2,"gold_loss":0},{"damage_healed":0,"gold_gain":0,"player_choice":"Lose Max HP","damage_taken":0,"relics_obtained":["Golden Idol"],"max_hp_gain":0,"max_hp_loss":7,"event_name":"Golden Idol","floor":3,"gold_loss":0},{"damage_healed":0,"gold_gain":0,"player_choice":"Entered Light","damage_taken":20,"max_hp_gain":0,"max_hp_loss":0,"event_name":"Shining Light","floor":7,"gold_loss":0,"cards_upgraded":["Strike_R","Dark Shackles"]},{"cards_removed":["Strike_R"],"damage_healed":0,"gold_gain":0,"player_choice":"Forget","damage_taken":0,"max_hp_gain":0,"max_hp_loss":0,"event_name":"Living Wall","floor":10,"gold_loss":0}],"is_beta":false,"boss_relics":[],"items_purged_floors":[],"is_endless":false,"potions_floor_spawned":[8,13],"killed_by":"Slime Boss","ascension_level":20}