{"gold_per_floor":[110,125,425,500,34,34,50,75,75,75,86,86,104,104,104,203,203,226,247,247,263,263,263,293,312,312,324,324,340,240,29,29,107,107,117,117,163,13,13,13,26,26,26,26,26,26,41,66,66,66],"floor_reached":50,"playtime":1489,"items_purged":["Strike_G","Strike_G","Strike_G","Defend_G"],"score":1016,"play_id":"6c889d25-bdbb-4112-8606-a05f333b5170","local_time":"20190502015934","is_ascension_mode":true,"campfire_choices":[{"data":"Poisoned Stab","floor":6.0,"key":"SMITH"},{"data":"Crippling Poison","floor":12.0,"key":"SMITH"},{"data":"Neutralize","floor":15.0,"key":"SMITH"},{"data":"A Thousand Cuts","floor":23.0,"key":"SMITH"},{"data":"Catalyst","floor":28.0,"key":"SMITH"},{"data":"Terror","floor":32.0,"key":"SMITH"},{"data":"After Image","floor":40.0,"key":"SMITH"},{"floor":46,"key":"REST"},{"floor":49,"key":"REST"}],"neow_cost":"PERCENT_DAMAGE","seed_source_timestamp":945372352280200,"circlet_count":0,"master_deck":["AscendersBane","Defend_G","Defend_G","Defend_G","Survivor","Neutralize+1","Dagger Throw","Poisoned Stab+1","Terror+1","Crippling Poison+1","Bouncing Flask","A Thousand Cuts+1","Slice","Slice","Slice","Catalyst+1","Escape Plan+1","Endless Agony","After Image+1","Concentrate","Madness","Madness","Neutralize"],"special_seed":0,"relics":["Ring of the Snake","Old Coin","Lee\u0027s Waffle","Oddly Smooth Stone","Unceasing Top","Thread and Needle","Bloody Idol","Runic Dome","WingedGreaves","Kunai","Black Star","Torii","Mummified Hand","Lantern"],"potions_floor_usage":[],"damage_taken":[{"damage":2.0,"enemies":"Jaw Worm","floor":1.0,"turns":7.0},{"damage":0.0,"enemies":"2 Louse","floor":2.0,"turns":3.0},{"damage":0.0,"enemies":"Small Slimes","floor":7.0,"turns":4.0},{"damage":19.0,"enemies":"Lagavulin","floor":8.0,"turns":7.0},{"damage":0.0,"enemies":"Looter","floor":11.0,"turns":3.0},{"damage":0.0,"enemies":"Large Slime","floor":13.0,"turns":4.0},{"damage":7.0,"enemies":"The Guardian","floor":16.0,"turns":9.0},{"damage":0.0,"enemies":"Chosen","floor":18.0,"turns":3.0},{"damage":0.0,"enemies":"3 Byrds","floor":19.0,"turns":3.0},{"damage":15.0,"enemies":"Centurion and Healer","floor":21.0,"turns":6.0},{"damage":0.0,"enemies":"Gremlin Leader","floor":24.0,"turns":4.0},{"damage":10.0,"enemies":"Cultist and Chosen","floor":25.0,"turns":5.0},{"damage":20.0,"enemies":"Shelled Parasite and Fungi","floor":27.0,"turns":6.0},{"damage":12.0,"enemies":"Centurion and Healer","floor":29.0,"turns":5.0},{"damage":17.0,"enemies":"Champ","floor":33.0,"turns":7.0},{"damage":5.0,"enemies":"3 Shapes","floor":35.0,"turns":6.0},{"damage":23.0,"enemies":"2 Orb Walkers","floor":37.0,"turns":4.0},{"damage":18.0,"enemies":"3 Darklings","floor":41.0,"turns":4.0},{"damage":16,"enemies":"4 Shapes","floor":47,"turns":6},{"damage":53,"enemies":"Awakened One","floor":50,"turns":10}],"seed_played":"7976341073648090041","potions_obtained":[{"floor":2.0,"key":"Strength Potion"},{"floor":11.0,"key":"Fire Potion"},{"floor":21.0,"key":"FearPotion"},{"floor":24.0,"key":"Dexterity Potion"},{"floor":35.0,"key":"Strength Potion"}],"is_trial":false,"path_per_floor":["M","M","?","?","$","R","M","E","T","?","M","R","M","?","R","B",null,"M","M","?","M","?","R","E","M","T","M","R","M","$","$","R","B",null,"M","?","?","$","?","R","M","$","T","$","?","R","M","T","R","B"],"character_chosen":"THE_SILENT","items_purchased":["Lee\u0027s Waffle","Oddly Smooth Stone","Endless Agony"],"campfire_rested":2,"item_purchase_floors":[5,5,31],"current_hp_per_floor":[42,42,37,26,73,73,73,54,54,54,54,54,54,29,29,22,60,60,60,60,50,50,50,55,50,50,35,35,28,28,28,28,16,59,59,59,41,41,28,28,15,15,15,15,15,36,25,30,51,0],"gold":66,"neow_bonus":"REMOVE_TWO","is_prod":false,"is_daily":false,"chose_seed":false,"campfire_upgraded":7,"win_rate":0,"timestamp":1556729974,"path_taken":["M","M","?","?","$","R","M","E","T","?","M","R","M","?","R","BOSS","M","M","?","M","?","R","E","M","T","M","R","M","$","$","R","BOSS","M","?","?","$","?","R","M","$","T","?","?","R","?","?","R","BOSS"],"build_version":"2019-01-23","purchased_purges":4,"victory":false,"max_hp_per_floor":[66,66,66,66,73,73,73,73,73,73,73,73,73,73,73,73,73,73,73,73,73,73,73,73,73,73,73,73,73,73,73,73,73,73,73,73,73,73,73,73,73,73,73,73,73,73,73,73,73,73],"card_choices":[{"not_picked":["Underhanded Strike","PiercingWail"],"picked":"Dagger Throw","floor":1.0},{"not_picked":["Outmaneuver","Endless Agony"],"picked":"Poisoned Stab","floor":2.0},{"not_picked":["Infinite Blades","Poisoned Stab"],"picked":"Terror","floor":7.0},{"not_picked":["Flechettes","Endless Agony"],"picked":"Crippling Poison","floor":8.0},{"not_picked":["Calculated Gamble","Dagger Throw"],"picked":"Bouncing Flask","floor":11.0},{"not_picked":["Caltrops","Bane","Poisoned Stab"],"picked":"SKIP","floor":13.0},{"not_picked":["Venomology","Phantasmal Killer"],"picked":"A Thousand Cuts","floor":16.0},{"not_picked":["Outmaneuver","Quick Slash"],"picked":"Slice","floor":18.0},{"not_picked":["Distraction","Acrobatics"],"picked":"Slice","floor":19.0},{"not_picked":["Quick Slash","Cloak And Dagger"],"picked":"Slice","floor":21.0},{"not_picked":["Calculated Gamble","Dagger Throw","Storm of Steel"],"picked":"SKIP","floor":24.0},{"not_picked":["Dagger Throw","Bane"],"picked":"Catalyst","floor":25.0},{"not_picked":["Slice+1","Eviscerate"],"picked":"Escape Plan+1","floor":27.0},{"not_picked":["Dagger Spray+1","Bane","Flying Knee"],"picked":"SKIP","floor":29.0},{"not_picked":["Night Terror","Malaise"],"picked":"After Image","floor":33.0},{"not_picked":["Tactician","Acrobatics+1"],"picked":"Concentrate","floor":35.0},{"not_picked":["Dagger Spray","Quick Slash","Crippling Poison"],"picked":"SKIP","floor":41.0},{"not_picked":["Deadly Poison+1","Outmaneuver","Bouncing Flask"],"picked":"SKIP","floor":47}],"player_experience":4891144,"relics_obtained":[{"floor":8.0,"key":"Unceasing Top"},{"floor":9.0,"key":"Thread and Needle"},{"floor":24.0,"key":"WingedGreaves"},{"floor":26.0,"key":"Kunai"},{"floor":37.0,"key":"Torii"},{"floor":43.0,"key":"Mummified Hand"},{"floor":48,"key":"Lantern"}],"event_choices":[{"damage_healed":0.0,"max_hp_gain":0.0,"max_hp_loss":0.0,"gold_gain":0.0,"event_name":"Scrap Ooze","player_choice":"Success","floor":3.0,"gold_loss":0.0,"damage_taken":5.0,"relics_obtained":["Old Coin"]},{"damage_healed":0.0,"max_hp_gain":0.0,"max_hp_loss":0.0,"gold_gain":75.0,"event_name":"World of Goop","player_choice":"Gather Gold","floor":4.0,"gold_loss":0.0,"damage_taken":11.0},{"cards_removed":["Strike_G"],"damage_healed":0.0,"max_hp_gain":0.0,"max_hp_loss":0.0,"gold_gain":0.0,"event_name":"Living Wall","player_choice":"Forget","floor":10.0,"gold_loss":0.0,"damage_taken":0.0},{"damage_healed":0.0,"max_hp_gain":0.0,"max_hp_loss":0.0,"gold_gain":0.0,"event_name":"Golden Idol","player_choice":"Take Damage","floor":14.0,"gold_loss":0.0,"damage_taken":25.0,"relics_obtained":["Golden Idol"]},{"damage_healed":0.0,"max_hp_gain":0.0,"max_hp_loss":0.0,"gold_gain":0.0,"event_name":"Forgotten Altar","player_choice":"Gave Idol","floor":20.0,"relics_lost":["Golden Idol"],"gold_loss":0.0,"damage_taken":0.0,"relics_obtained":["Bloody Idol"]},{"damage_healed":0.0,"max_hp_gain":0.0,"max_hp_loss":0.0,"gold_gain":0.0,"event_name":"The Library","player_choice":"Read","floor":22.0,"gold_loss":0.0,"damage_taken":0.0,"cards_obtained":["Slice"]},{"cards_removed":["Slice"],"damage_healed":0.0,"max_hp_gain":0.0,"max_hp_loss":0.0,"gold_gain":0.0,"event_name":"Falling","player_choice":"Removed Attack","floor":36.0,"gold_loss":0.0,"damage_taken":0.0},{"damage_healed":0.0,"max_hp_gain":0.0,"max_hp_loss":0.0,"gold_gain":0.0,"event_name":"Mysterious Sphere","player_choice":"Fight","floor":37.0,"gold_loss":0.0,"damage_taken":0.0},{"damage_healed":0.0,"max_hp_gain":0.0,"max_hp_loss":0.0,"gold_gain":0.0,"event_name":"Winding Halls","player_choice":"Embrace Madness","floor":39.0,"gold_loss":0.0,"damage_taken":13.0,"cards_obtained":["Madness","Madness"]},{"damage_healed":0.0,"max_hp_gain":0.0,"max_hp_loss":0.0,"gold_gain":0.0,"event_name":"Match and Keep!","player_choice":"1 cards matched","floor":45.0,"gold_loss":0.0,"damage_taken":0.0,"cards_obtained":["Neutralize"]}],"is_beta":false,"boss_relics":[{"not_picked":["WristBlade","Velvet Choker"],"picked":"Runic Dome"},{"not_picked":["Snecko Eye","Coffee Dripper"],"picked":"Black Star"}],"items_purged_floors":[5,30,31,38],"is_endless":false,"potions_floor_spawned":[2,11,13,21,24,29,35],"killed_by":"Awakened One","ascension_level":20}