{"gold_per_floor":[118,128,128,140,151,151,186,186,186,14,14,24,34,60,60,132,132,142,152,52,72,90,90,90,110,159,171,206,223,89,105,105,184,184,204,30,30,46,57,92,42,67,92,42,53,53,153,153,153,153,153],"floor_reached":52,"playtime":2115,"items_purged":["Strike_G","Strike_G","Strike_G","Defend_G","Dagger Spray+1","Sucker Punch"],"score":1992,"play_id":"047c20a2-6c2b-4542-a8fe-5960aad749c4","local_time":"20190617024423","is_ascension_mode":true,"campfire_choices":[{"data":"Dagger Spray","floor":6.0,"key":"SMITH"},{"data":"Neutralize","floor":8.0,"key":"SMITH"},{"data":"Skewer","floor":11.0,"key":"SMITH"},{"floor":15.0,"key":"RECALL"},{"data":"Survivor","floor":23.0,"key":"SMITH"},{"data":"Finisher","floor":32.0,"key":"SMITH"},{"floor":46,"key":"REST"},{"data":"Defend_G","floor":49,"key":"SMITH"}],"neow_cost":"","seed_source_timestamp":200282446279200,"circlet_count":0,"master_deck":["AscendersBane","Defend_G+1","Defend_G+1","Defend_G+1","Survivor+1","Neutralize+1","Skewer+1","Blade Dance+1","Blade Dance+1","Bandage Up+1","Concentrate+1","Tactician+1","Prepared+1","Phantasmal Killer+1","Dodge and Roll+1","Terror+1","Acrobatics+1","PiercingWail+1","Finisher+1","Footwork+1","Well Laid Plans+1","Venomology+1","Accuracy+1","Escape Plan+1","Accuracy+1","Acrobatics+1","Adrenaline+1","Malaise+1","Prepared+1","Cloak And Dagger+1"],"special_seed":0,"relics":["Ring of the Serpent","Kunai","Shuriken","WristBlade","Ornamental Fan","Toxic Egg 2","Meat on the Bone","Paper Crane","Frozen Egg 2","Empty Cage","Smiling Mask","War Paint","Molten Egg 2","Lantern","Juzu Bracelet","Turnip"],"potions_floor_usage":[39,40,42,45,50,51,51],"damage_taken":[{"damage":0.0,"enemies":"Small Slimes","floor":1.0,"turns":3.0},{"damage":2.0,"enemies":"Cultist","floor":2.0,"turns":3.0},{"damage":2.0,"enemies":"Jaw Worm","floor":4.0,"turns":4.0},{"damage":7.0,"enemies":"Gremlin Gang","floor":5.0,"turns":3.0},{"damage":9.0,"enemies":"3 Sentries","floor":7.0,"turns":6.0},{"damage":0.0,"enemies":"Red Slaver","floor":12.0,"turns":1.0},{"damage":2.0,"enemies":"Exordium Thugs","floor":13.0,"turns":2.0},{"damage":0.0,"enemies":"Lagavulin","floor":14.0,"turns":3.0},{"damage":8.0,"enemies":"Hexaghost","floor":16.0,"turns":5.0},{"damage":4.0,"enemies":"Shell Parasite","floor":18.0,"turns":4.0},{"damage":3.0,"enemies":"Chosen","floor":19.0,"turns":3.0},{"damage":15.0,"enemies":"Sentry and Sphere","floor":21.0,"turns":4.0},{"damage":6.0,"enemies":"Chosen and Byrds","floor":22.0,"turns":3.0},{"damage":10.0,"enemies":"Centurion and Healer","floor":25.0,"turns":2.0},{"damage":0.0,"enemies":"Snecko","floor":27.0,"turns":3.0},{"damage":14.0,"enemies":"Book of Stabbing","floor":28.0,"turns":4.0},{"damage":3.0,"enemies":"3 Cultists","floor":29.0,"turns":4.0},{"damage":2.0,"enemies":"Chosen and Byrds","floor":31.0,"turns":8.0},{"damage":2.0,"enemies":"Champ","floor":33.0,"turns":5.0},{"damage":5.0,"enemies":"3 Darklings","floor":35.0,"turns":4.0},{"damage":0.0,"enemies":"Orb Walker","floor":38.0,"turns":3.0},{"damage":0,"enemies":"Writhing Mass","floor":39,"turns":3},{"damage":0,"enemies":"Reptomancer","floor":40,"turns":3},{"damage":0,"enemies":"Giant Head","floor":42,"turns":3},{"damage":23,"enemies":"Spire Growth","floor":45,"turns":4},{"damage":0,"enemies":"Mind Bloom Boss Battle","floor":47,"turns":5},{"damage":21,"enemies":"Donu and Deca","floor":50,"turns":8},{"damage":11,"enemies":"Awakened One","floor":51,"turns":7}],"seed_played":"-5427620543219451582","potions_obtained":[{"floor":2.0,"key":"SteroidPotion"},{"floor":3.0,"key":"Poison Potion"},{"floor":4.0,"key":"Weak Potion"},{"floor":7.0,"key":"SkillPotion"},{"floor":18.0,"key":"SteroidPotion"},{"floor":19.0,"key":"Weak Potion"},{"floor":28.0,"key":"Weak Potion"},{"floor":33.0,"key":"Block Potion"},{"floor":42,"key":"Strength Potion"},{"floor":45,"key":"Swift Potion"}],"is_trial":true,"path_per_floor":["M","M","?","M","M","R","E","R","T","$","R","M","M","E","R","B",null,"M","M","$","M","M","R","?","M","T","M","E","M","$","M","R","B",null,"M","$","?","M","M","E","$","E","T","$","M","R","?","?","R","B","B",null],"character_chosen":"THE_SILENT","items_purchased":["Bandage Up+1","Well Laid Plans+1","Accuracy+1","Escape Plan+1"],"campfire_rested":1,"item_purchase_floors":[10,30,36,36],"current_hp_per_floor":[59,57,57,55,48,48,39,39,39,39,39,39,37,43,43,41,60,62,63,63,51,51,51,51,47,47,53,45,48,48,52,52,56,64,61,61,61,61,66,66,66,66,66,66,43,62,66,66,66,51,46],"gold":153,"neow_bonus":"","is_prod":false,"is_daily":false,"chose_seed":false,"campfire_upgraded":6,"win_rate":0,"timestamp":1560707063,"path_taken":["M","M","?","M","M","R","E","R","T","?","R","M","M","E","R","BOSS","M","?","?","M","?","R","?","?","T","?","E","M","$","M","R","BOSS","M","$","?","M","M","E","$","E","T","$","M","R","?","?","R","BOSS","BOSS"],"build_version":"2019-01-23","purchased_purges":6,"victory":true,"max_hp_per_floor":[66,66,66,66,66,66,66,66,66,66,66,66,66,66,66,66,66,66,66,66,66,66,66,66,66,66,66,66,66,66,66,66,66,66,66,66,66,66,66,66,66,66,66,66,66,66,66,66,66,66,66],"card_choices":[{"not_picked":["Dodge and Roll+1","Dagger Throw"],"picked":"Dagger Spray","floor":1.0},{"not_picked":["Deadly Poison+1","Riddle With Holes"],"picked":"Skewer","floor":2.0},{"not_picked":["Eviscerate","Dagger Throw","Sucker Punch"],"picked":"SKIP","floor":4.0},{"not_picked":["Eviscerate","Dagger Throw","Sucker Punch"],"picked":"SKIP","floor":4.0},{"not_picked":["Leg Sweep+1","Sucker Punch"],"picked":"Blade Dance+1","floor":5.0},{"not_picked":["Blur+1","Flechettes"],"picked":"Blade Dance+1","floor":7.0},{"not_picked":["Flechettes","Quick Slash"],"picked":"Concentrate+1","floor":12.0},{"not_picked":["Underhanded Strike","Bane"],"picked":"Tactician+1","floor":13.0},{"not_picked":["Bouncing Flask+1","Outmaneuver+1"],"picked":"Prepared+1","floor":14.0},{"not_picked":["Storm of Steel+1","Bullet Time+1"],"picked":"Phantasmal Killer+1","floor":16.0},{"not_picked":["Sucker Punch","Flying Knee"],"picked":"Dodge and Roll+1","floor":18.0},{"not_picked":["Deflect+1","Cloak And Dagger+1"],"picked":"Terror+1","floor":19.0},{"not_picked":["Deadly Poison+1","Predator"],"picked":"Acrobatics+1","floor":21.0},{"not_picked":["Blade Dance+1","Catalyst+1"],"picked":"Acrobatics+1","floor":22.0},{"not_picked":["Deadly Poison+1","Deflect+1"],"picked":"PiercingWail+1","floor":25.0},{"not_picked":["Catalyst+1","Cloak And Dagger+1","Burst+1"],"picked":"SKIP","floor":27.0},{"not_picked":["Catalyst+1","Cloak And Dagger+1","Burst+1"],"picked":"SKIP","floor":27.0},{"not_picked":["Sucker Punch","Blade Dance+1"],"picked":"Finisher","floor":28.0},{"not_picked":["Poisoned Stab","Quick Slash"],"picked":"Footwork+1","floor":29.0},{"not_picked":["Dagger Throw","Predator","Slice"],"picked":"SKIP","floor":31.0},{"not_picked":["Glass Knife","Envenom+1"],"picked":"Venomology+1","floor":33.0},{"not_picked":["Masterful Stab","Slice","Underhanded Strike"],"picked":"SKIP","floor":35.0},{"not_picked":["Sucker Punch","Dagger Throw+1"],"picked":"Acrobatics+1","floor":38.0},{"not_picked":["Underhanded Strike+1","Acrobatics+1","Prepared+1"],"picked":"SKIP","floor":39},{"not_picked":["Underhanded Strike","Accuracy+1"],"picked":"Adrenaline+1","floor":40},{"not_picked":["Dodge and Roll+1","Leg Sweep+1"],"picked":"Malaise+1","floor":42},{"not_picked":["Heel Hook+1","Cloak And Dagger+1"],"picked":"Prepared+1","floor":45},{"not_picked":["Concentrate+1","Dodge and Roll+1"],"picked":"Cloak And Dagger+1","floor":47}],"player_experience":5386660,"relics_obtained":[{"floor":7.0,"key":"Meat on the Bone"},{"floor":9.0,"key":"Paper Crane"},{"floor":14.0,"key":"Frozen Egg 2"},{"floor":26.0,"key":"Smiling Mask"},{"floor":28.0,"key":"War Paint"},{"floor":40,"key":"Molten Egg 2"},{"floor":42,"key":"Lantern"},{"floor":43,"key":"Juzu Bracelet"},{"floor":47,"key":"Turnip"}],"event_choices":[{"damage_healed":0.0,"max_hp_gain":0.0,"max_hp_loss":0.0,"gold_gain":0.0,"event_name":"Lab","player_choice":"Got Potions","floor":3.0,"gold_loss":0.0,"damage_taken":0.0},{"damage_healed":0.0,"max_hp_gain":0.0,"max_hp_loss":0.0,"gold_gain":0.0,"cards_transformed":["Strike_G"],"event_name":"Transmorgrifier","player_choice":"Transformed","floor":24.0,"gold_loss":0.0,"damage_taken":0.0,"cards_obtained":["Sucker Punch"]},{"damage_healed":0.0,"max_hp_gain":0.0,"max_hp_loss":0.0,"gold_gain":0.0,"event_name":"Duplicator","player_choice":"Copied","floor":37.0,"gold_loss":0.0,"damage_taken":0.0,"cards_obtained":["Accuracy"]},{"damage_healed":0,"gold_gain":0,"player_choice":"Fight","damage_taken":0,"max_hp_gain":0,"max_hp_loss":0,"event_name":"MindBloom","floor":47,"gold_loss":0},{"cards_removed":["Acrobatics"],"damage_healed":0,"gold_gain":0,"player_choice":"Removed Skill","damage_taken":0,"max_hp_gain":0,"max_hp_loss":0,"event_name":"Falling","floor":48,"gold_loss":0}],"is_beta":false,"boss_relics":[{"not_picked":["Philosopher\u0027s Stone","White Beast Statue"],"picked":"Empty Cage"},{"not_picked":["Cursed Key","Busted Crown"],"picked":"Ring of the Serpent"}],"items_purged_floors":[10,20,30,36,41,44],"is_endless":false,"potions_floor_spawned":[2,4,7,12,18,19,28,31,33,38,40,42,45],"ascension_level":20}