{"gold_per_floor":[130,188,222,222,300,300,335,58,58,58,8,8,31,106,106,106],"floor_reached":16,"playtime":546,"items_purged":["Strike_R","Strike_R"],"score":204,"play_id":"3cba038d-344a-45b1-87f9-fdf0243e22e7","local_time":"20190519022504","is_ascension_mode":true,"campfire_choices":[{"data":"Armaments","floor":6,"key":"SMITH"},{"floor":10,"key":"REST"},{"data":"Spot Weakness","floor":15,"key":"SMITH"}],"neow_cost":"","seed_source_timestamp":21457239251200,"circlet_count":0,"master_deck":["HandOfGreed","Defend_R","Defend_R","Defend_R","Defend_R","Bash","Strike_R","Strike_R","Strike_R","Wild Strike","Wild Strike","Wild Strike","Armaments+1","Sentinel","Feel No Pain","Spot Weakness+1","Headbutt"],"relics":["Burning Blood","The Courier","Membership Card","PreservedInsect","Sundial","Mummified Hand","Golden Idol"],"potions_floor_usage":[7,16],"damage_taken":[{"damage":3,"enemies":"2 Louse","floor":1,"turns":3},{"damage":18,"enemies":"Small Slimes","floor":2,"turns":5},{"damage":0,"enemies":"Cultist","floor":3,"turns":2},{"damage":16,"enemies":"Lots of Slimes","floor":5,"turns":7},{"damage":32,"enemies":"Lagavulin","floor":7,"turns":7},{"damage":3,"enemies":"Looter","floor":13,"turns":4},{"damage":19,"enemies":"Large Slime","floor":14,"turns":7},{"damage":43,"enemies":"Hexaghost","floor":16,"turns":9}],"seed_played":"7992667318974475597","potions_obtained":[{"floor":1,"key":"Strength Potion"},{"floor":5,"key":"SneckoOil"}],"is_trial":true,"path_per_floor":["M","M","M","?","M","R","E","$","T","R","$","?","M","M","R","B"],"character_chosen":"IRONCLAD","items_purchased":["Feel No Pain","Sundial","Mummified Hand"],"campfire_rested":1,"item_purchase_floors":[8,8,8],"current_hp_per_floor":[71,59,65,65,55,55,29,29,29,51,51,51,54,41,41,0],"gold":106,"neow_bonus":"","is_prod":false,"is_daily":false,"chose_seed":false,"campfire_upgraded":2,"win_rate":0,"timestamp":1558200304,"path_taken":["M","M","M","?","M","R","E","$","T","R","$","?","M","M","R","BOSS"],"build_version":"2019-01-23","purchased_purges":2,"victory":false,"max_hp_per_floor":[75,75,75,75,75,75,75,75,75,75,75,68,68,68,68,68],"card_choices":[{"not_picked":["Entrench","Intimidate"],"picked":"Wild Strike","floor":1},{"not_picked":["Clash","Havoc"],"picked":"Wild Strike","floor":2},{"not_picked":["Thunderclap","Cleave"],"picked":"Wild Strike","floor":3},{"not_picked":["Anger","Wild Strike"],"picked":"Armaments","floor":5},{"not_picked":["Infernal Blade","Brutality"],"picked":"Sentinel","floor":7},{"not_picked":["True Grit","Thunderclap"],"picked":"Spot Weakness","floor":13},{"not_picked":["Whirlwind","Uppercut"],"picked":"Headbutt","floor":14}],"player_experience":5074629,"relics_obtained":[{"floor":7,"key":"PreservedInsect"}],"event_choices":[{"damage_healed":0,"gold_gain":0,"player_choice":"Ignored","damage_taken":0,"max_hp_gain":0,"max_hp_loss":0,"event_name":"Liars Game","floor":4,"gold_loss":0},{"damage_healed":0,"gold_gain":0,"player_choice":"Lose Max HP","damage_taken":0,"relics_obtained":["Golden Idol"],"max_hp_gain":0,"max_hp_loss":7,"event_name":"Golden Idol","floor":12,"gold_loss":0}],"is_beta":false,"boss_relics":[],"items_purged_floors":[8,11],"is_endless":false,"potions_floor_spawned":[1,5],"killed_by":"Hexaghost","ascension_level":20}