{"gold_per_floor":[119,84,84,84,97,127,127,127,127,127,146,166,192,207,207,281,281,299,299,270,270,284,284,316,9,35,35,35,7,7,24,24,24],"floor_reached":33,"playtime":1260,"items_purged":[],"score":727,"play_id":"e81037f4-a0c1-405c-8ce7-9ec67b4b5c8a","local_time":"20190719235018","is_ascension_mode":true,"campfire_choices":[{"floor":8,"key":"REST"},{"data":"Bash","floor":10,"key":"SMITH"},{"floor":15,"key":"REST"},{"floor":23,"key":"REST"},{"data":"Perfected Strike","floor":28,"key":"SMITH"},{"data":"True Grit","floor":30,"key":"SMITH"},{"floor":32,"key":"REST"}],"neow_cost":"","seed_source_timestamp":2454151700660948,"circlet_count":0,"master_deck":["AscendersBane","Strike_R","Strike_R","Strike_R","Strike_R","Strike_R","Defend_R","Defend_R","Defend_R","Defend_R","Bash+1","Uppercut","Disarm","Flame Barrier","Perfected Strike+1","Wild Strike","Disarm","Burning Pact","Feed","Twin Strike","Battle Trance","True Grit+1","Intimidate"],"relics":["Burning Blood","Sling","Calipers","Bag of Preparation","Charon\u0027s Ashes","Question Card","Busted Crown","Self Forming Clay","Vajra","Happy Flower","MutagenicStrength"],"potions_floor_usage":[6,13,16,20,33],"damage_taken":[{"damage":13,"enemies":"Jaw Worm","floor":1,"turns":4},{"damage":3,"enemies":"Small Slimes","floor":5,"turns":4},{"damage":46,"enemies":"3 Sentries","floor":6,"turns":14},{"damage":0,"enemies":"Cultist","floor":11,"turns":3},{"damage":8,"enemies":"Exordium Wildlife","floor":12,"turns":4},{"damage":18,"enemies":"Lagavulin","floor":13,"turns":6},{"damage":9,"enemies":"Gremlin Gang","floor":14,"turns":5},{"damage":30,"enemies":"The Guardian","floor":16,"turns":14},{"damage":19,"enemies":"Shell Parasite","floor":18,"turns":9},{"damage":16,"enemies":"2 Thieves","floor":20,"turns":4},{"damage":9,"enemies":"Snake Plant","floor":22,"turns":5},{"damage":36,"enemies":"Book of Stabbing","floor":24,"turns":7},{"damage":21,"enemies":"Centurion and Healer","floor":31,"turns":7},{"damage":60,"enemies":"Automaton","floor":33,"turns":6}],"seed_played":"788697927024940028","potions_obtained":[{"floor":1,"key":"Energy Potion"},{"floor":5,"key":"GamblersBrew"},{"floor":14,"key":"Energy Potion"},{"floor":18,"key":"Strength Potion"},{"floor":24,"key":"Block Potion"}],"is_trial":false,"path_per_floor":["M","?","$","?","M","E","?","R","T","R","M","M","E","M","R","B",null,"M","?","M","?","M","R","E","$","T","?","R","$","R","M","R","B"],"character_chosen":"IRONCLAD","items_purchased":["Sling","Uppercut","Vajra","Twin Strike","Battle Trance","True Grit"],"campfire_rested":4,"item_purchase_floors":[0,0,25,25,25,29],"current_hp_per_floor":[38,56,56,56,59,19,19,41,41,41,47,45,33,30,52,28,63,53,53,46,46,43,67,40,40,40,40,40,40,40,28,54,0],"gold":24,"neow_bonus":"","is_prod":false,"is_daily":false,"chose_seed":false,"campfire_upgraded":3,"win_rate":0,"timestamp":1563573018,"path_taken":["M","?","$","?","?","E","?","R","T","R","M","?","E","M","R","BOSS","M","?","?","?","M","R","E","$","T","?","R","?","R","M","R","BOSS"],"build_version":"2019-07-17","purchased_purges":0,"victory":false,"max_hp_per_floor":[75,75,75,75,75,75,75,75,75,75,75,75,75,75,75,75,75,78,78,81,81,81,81,84,84,84,84,84,84,84,87,87,87],"card_choices":[{"not_picked":["True Grit","Corruption"],"picked":"Disarm","floor":1},{"not_picked":["Blood for Blood","Flex"],"picked":"Flame Barrier","floor":5},{"not_picked":["Hemokinesis","Seeing Red"],"picked":"Perfected Strike","floor":6},{"not_picked":["Sword Boomerang","Clash"],"picked":"Wild Strike","floor":11},{"not_picked":["Dropkick","Heavy Blade"],"picked":"Disarm","floor":12},{"not_picked":["Body Slam","Uppercut"],"picked":"Burning Pact","floor":13},{"not_picked":["Headbutt","Iron Wave","Heavy Blade","Entrench"],"picked":"SKIP","floor":14},{"not_picked":["Double Tap","Juggernaut","Exhume"],"picked":"Feed","floor":16},{"not_picked":["Clothesline","Flex"],"picked":"SKIP","floor":18},{"not_picked":["Headbutt+1","Power Through+1"],"picked":"SKIP","floor":20},{"not_picked":["Iron Wave","Carnage"],"picked":"SKIP","floor":22},{"not_picked":["Hemokinesis+1","Entrench"],"picked":"SKIP","floor":24},{"not_picked":["Spot Weakness"],"picked":"Intimidate","floor":31}],"player_experience":498102,"relics_obtained":[{"floor":6,"key":"Bag of Preparation"},{"floor":9,"key":"Charon\u0027s Ashes"},{"floor":13,"key":"Question Card"},{"floor":24,"key":"Self Forming Clay"},{"floor":26,"key":"Happy Flower"}],"event_choices":[{"damage_healed":18,"gold_gain":0,"player_choice":"Healed","damage_taken":0,"max_hp_gain":0,"max_hp_loss":0,"event_name":"The Cleric","floor":2,"gold_loss":35},{"damage_healed":0,"gold_gain":0,"player_choice":"Ignored","damage_taken":0,"max_hp_gain":0,"max_hp_loss":0,"event_name":"Liars Game","floor":4,"gold_loss":0},{"damage_healed":0,"gold_gain":0,"player_choice":"Cursed","damage_taken":0,"max_hp_gain":0,"max_hp_loss":0,"event_name":"Wheel of Change","floor":7,"gold_loss":0,"cards_obtained":["Decay"]},{"cards_removed":["Decay"],"damage_healed":0,"gold_gain":0,"player_choice":"Card Removal","damage_taken":0,"max_hp_gain":0,"max_hp_loss":0,"event_name":"Wheel of Change","floor":19,"gold_loss":0},{"damage_healed":0,"gold_gain":0,"player_choice":"Ignored","damage_taken":0,"max_hp_gain":0,"max_hp_loss":0,"event_name":"Beggar","floor":21,"gold_loss":0},{"damage_healed":0,"gold_gain":0,"player_choice":"Inject Mutagens","damage_taken":0,"relics_obtained":["MutagenicStrength"],"max_hp_gain":0,"max_hp_loss":0,"event_name":"Drug Dealer","floor":27,"gold_loss":0}],"is_beta":false,"boss_relics":[{"not_picked":["Astrolabe","Tiny House"],"picked":"Busted Crown"}],"items_purged_floors":[],"is_endless":false,"potions_floor_spawned":[1,5,14,18,24],"killed_by":"Automaton","ascension_level":19}