{"gold_per_floor":[119,194,40,40,60,60,11,44,44,22,41,41,41,41,41,41],"floor_reached":16,"playtime":625,"items_purged":["Regret"],"score":130,"play_id":"fcc3c56f-bb09-42e2-a43c-95ec4a97a6ed","local_time":"20190719093728","is_ascension_mode":true,"campfire_choices":[{"data":"Neutralize","floor":6,"key":"SMITH"},{"data":"Quick Slash","floor":12,"key":"SMITH"},{"floor":15,"key":"REST"}],"neow_cost":"CURSE","seed_source_timestamp":82144421768300,"circlet_count":0,"master_deck":["Strike_G","Strike_G","Strike_G","Strike_G","Defend_G","Defend_G","Defend_G","Defend_G","Defend_G","Survivor","Neutralize+1","Adrenaline","Cloak And Dagger","Poisoned Stab","Bane","Quick Slash+1","Well Laid Plans","Deflect"],"relics":["Ring of the Snake","Lantern","Art of War","Singing Bowl"],"potions_floor_usage":[],"damage_taken":[{"damage":7,"enemies":"Small Slimes","floor":1,"turns":6},{"damage":0,"enemies":"Jaw Worm","floor":5,"turns":4},{"damage":25,"enemies":"Lagavulin","floor":8,"turns":6},{"damage":0,"enemies":"Cultist","floor":11,"turns":2},{"damage":63,"enemies":"Slime Boss","floor":16,"turns":10}],"seed_played":"-2240926857954552020","potions_obtained":[{"floor":8,"key":"FairyPotion"}],"is_trial":false,"path_per_floor":["M","?","$","?","M","R","$","E","T","$","M","R","?","?","R","B"],"character_chosen":"THE_SILENT","items_purchased":["Poisoned Stab","PowerPotion","Quick Slash","Deflect"],"campfire_rested":1,"item_purchase_floors":[3,3,7,10],"current_hp_per_floor":[56,45,45,45,45,45,45,20,20,20,22,22,15,20,43,0],"gold":41,"neow_bonus":"THREE_RARE_CARDS","is_prod":false,"is_daily":false,"chose_seed":false,"campfire_upgraded":2,"win_rate":0,"timestamp":1563543448,"path_taken":["M","?","$","?","?","R","?","E","T","$","M","R","?","?","R","BOSS"],"build_version":"2019-07-17","purchased_purges":1,"victory":false,"max_hp_per_floor":[70,70,70,70,70,70,70,70,70,70,72,72,72,77,77,77],"card_choices":[{"not_picked":["Storm of Steel","Grand Finale"],"picked":"Adrenaline","floor":0},{"not_picked":["Backflip","Outmaneuver"],"picked":"Cloak And Dagger","floor":1},{"not_picked":["Reflex","Masterful Stab"],"picked":"Bane","floor":5},{"not_picked":["Dagger Throw","Bullet Time"],"picked":"Well Laid Plans","floor":8},{"not_picked":["Dagger Throw","Outmaneuver","Dodge and Roll"],"picked":"Singing Bowl","floor":11}],"player_experience":261639,"relics_obtained":[{"floor":8,"key":"Art of War"},{"floor":9,"key":"Singing Bowl"}],"event_choices":[{"damage_healed":0,"gold_gain":75,"player_choice":"Gather Gold","damage_taken":11,"max_hp_gain":0,"max_hp_loss":0,"event_name":"World of Goop","floor":2,"gold_loss":0},{"damage_healed":0,"gold_gain":0,"player_choice":"Gave Potion","damage_taken":0,"relics_obtained":["Lantern"],"max_hp_gain":0,"max_hp_loss":0,"event_name":"WeMeetAgain","floor":4,"gold_loss":0},{"cards_removed":["Strike_G"],"damage_healed":0,"gold_gain":0,"player_choice":"Card Removal","damage_taken":7,"max_hp_gain":0,"max_hp_loss":0,"event_name":"Golden Wing","floor":13,"gold_loss":0},{"damage_healed":0,"gold_gain":0,"player_choice":"Donut","damage_taken":0,"max_hp_gain":5,"max_hp_loss":0,"event_name":"Big Fish","floor":14,"gold_loss":0}],"is_beta":false,"boss_relics":[],"items_purged_floors":[3],"is_endless":false,"potions_floor_spawned":[8],"killed_by":"Slime Boss","ascension_level":7}