{"gold_per_floor":[113,126,146,146,146,146,157,157,183,183,79,96,114,139,139,215,215,231,231,231,231,0,0,0,0,0,14,14,14,33,33,33,106,106,120,220,231,231,249,281,281,307,307,307,307,323,10,20,20,20],"floor_reached":50,"playtime":1373,"items_purged":["Strike_R","Writhe"],"score":996,"play_id":"9e32d4a3-55a9-40ab-b35d-d220b513e2e8","local_time":"20190527020647","is_ascension_mode":true,"campfire_choices":[{"data":"Flex","floor":6.0,"key":"SMITH"},{"data":"Panacea","floor":8.0,"key":"SMITH"},{"data":"Demon Form","floor":15.0,"key":"SMITH"},{"data":"True Grit","floor":23,"key":"SMITH"},{"data":"Demon Form","floor":25,"key":"SMITH"},{"data":"Rage","floor":29,"key":"SMITH"},{"floor":32,"key":"REST"},{"data":"Uppercut","floor":41,"key":"SMITH"},{"floor":45,"key":"REST"},{"floor":49,"key":"RECALL"}],"neow_cost":"","seed_source_timestamp":13163834806300,"circlet_count":0,"master_deck":["Panacea+1","Berserk","Berserk","Defend_R","Defend_R","Defend_R","Defend_R","Bash","Strike_R","Strike_R","Carnage","Flex+1","Sword Boomerang","True Grit+1","Reaper","Uppercut+1","Demon Form+1","Demon Form+1","RitualDagger","Rage+1","Feed","Flame Barrier+1","Seeing Red","True Grit+1","Battle Trance","Feel No Pain","Offering","Burning Pact"],"special_seed":0,"relics":["Burning Blood","Strawberry","Juzu Bracelet","Runic Pyramid","Happy Flower","Bronze Scales","Philosopher\u0027s Stone","Thread and Needle","Shuriken","Blood Vial"],"potions_floor_usage":[33,40,42,46,50,50],"damage_taken":[{"damage":0.0,"enemies":"Cultist","floor":1.0,"turns":3.0},{"damage":2.0,"enemies":"Jaw Worm","floor":2.0,"turns":3.0},{"damage":0.0,"enemies":"Small Slimes","floor":3.0,"turns":4.0},{"damage":0.0,"enemies":"3 Louse","floor":7.0,"turns":3.0},{"damage":0.0,"enemies":"Large Slime","floor":12.0,"turns":4.0},{"damage":1.0,"enemies":"2 Fungi Beasts","floor":13.0,"turns":2.0},{"damage":8.0,"enemies":"Lagavulin","floor":14.0,"turns":6.0},{"damage":46.0,"enemies":"Hexaghost","floor":16.0,"turns":7.0},{"damage":52.0,"enemies":"3 Byrds","floor":18.0,"turns":7.0},{"damage":16,"enemies":"Chosen","floor":27,"turns":5},{"damage":30,"enemies":"Snake Plant","floor":30,"turns":5},{"damage":82,"enemies":"Automaton","floor":33,"turns":8},{"damage":14,"enemies":"Orb Walker","floor":35,"turns":3},{"damage":0,"enemies":"Mind Bloom Boss Battle","floor":36,"turns":4},{"damage":22,"enemies":"3 Darklings","floor":37,"turns":6},{"damage":50,"enemies":"Maw","floor":39,"turns":8},{"damage":55,"enemies":"Nemesis","floor":40,"turns":5},{"damage":90,"enemies":"Reptomancer","floor":42,"turns":7},{"damage":31,"enemies":"Transient","floor":46,"turns":6},{"damage":30,"enemies":"Writhing Mass","floor":48,"turns":5},{"damage":72,"enemies":"Donu and Deca","floor":50,"turns":7}],"seed_played":"1181012144860302769","potions_obtained":[{"floor":1.0,"key":"AttackPotion"},{"floor":7.0,"key":"SteroidPotion"},{"floor":12.0,"key":"GamblersBrew"},{"floor":27,"key":"SpeedPotion"},{"floor":40,"key":"Energy Potion"},{"floor":42,"key":"AttackPotion"},{"floor":48,"key":"AttackPotion"}],"is_trial":true,"path_per_floor":["M","M","M","?","?","R","M","R","T","?","$","M","M","E","R","B",null,"M","?","?","?","?","R","?","R","T","M","?","R","M","$","R","B",null,"M","?","M","?","M","E","R","E","T","?","R","M","$","M","R","B"],"character_chosen":"IRONCLAD","items_purchased":["True Grit","Offering","Dexterity Potion"],"campfire_rested":2,"item_purchase_floors":[11,47,47],"current_hp_per_floor":[74,75,75,68,68,68,74,74,81,81,81,82,82,80,80,57,76,69,69,45,39,39,39,39,39,39,44,44,44,28,28,54,18,70,62,71,92,88,91,85,85,22,22,22,49,44,44,33,33,0],"gold":20,"neow_bonus":"","is_prod":false,"is_daily":false,"chose_seed":false,"campfire_upgraded":7,"win_rate":0,"timestamp":1558890407,"path_taken":["M","?","M","?","?","R","M","R","T","?","$","M","M","E","R","BOSS","M","?","?","?","?","R","?","R","T","M","?","R","M","?","R","BOSS","M","?","M","?","M","E","R","E","T","?","R","M","$","M","R","BOSS"],"build_version":"2019-01-23","purchased_purges":2,"victory":false,"max_hp_per_floor":[75,75,75,75,75,75,75,75,82,82,82,82,82,82,82,82,82,82,82,87,87,87,87,87,87,87,87,87,87,87,87,87,87,87,87,90,93,88,91,91,91,91,91,91,91,91,91,91,91,91],"card_choices":[{"not_picked":["Corruption","Body Slam"],"picked":"Carnage","floor":1.0},{"not_picked":["Rampage","Sword Boomerang"],"picked":"Flex","floor":2.0},{"not_picked":["Perfected Strike","Shockwave"],"picked":"Sword Boomerang","floor":3.0},{"not_picked":["Thunderclap","Clash","Headbutt"],"picked":"SKIP","floor":7.0},{"not_picked":["Clothesline","Iron Wave"],"picked":"Reaper","floor":12.0},{"not_picked":["Iron Wave","Spot Weakness"],"picked":"Uppercut","floor":13.0},{"not_picked":["Fiend Fire","Pommel Strike"],"picked":"Demon Form","floor":14.0},{"not_picked":["Fiend Fire","Juggernaut"],"picked":"Demon Form","floor":16.0},{"not_picked":["Headbutt","Havoc","Sever Soul"],"picked":"SKIP","floor":18.0},{"not_picked":["Heavy Blade","Carnage"],"picked":"Rage","floor":27},{"not_picked":["Feel No Pain","Entrench","Perfected Strike"],"picked":"SKIP","floor":30},{"not_picked":["Impervious","Double Tap"],"picked":"Feed","floor":33},{"not_picked":["Warcry","Cleave","Dropkick+1"],"picked":"SKIP","floor":35},{"not_picked":["Uppercut","Disarm+1"],"picked":"Flame Barrier+1","floor":36},{"not_picked":["Hemokinesis","Flex"],"picked":"Seeing Red","floor":37},{"not_picked":["Rupture","Flex+1"],"picked":"True Grit+1","floor":39},{"not_picked":["Body Slam","Pommel Strike","Seeing Red"],"picked":"SKIP","floor":40},{"not_picked":["Thunderclap","Flex"],"picked":"Battle Trance","floor":42},{"not_picked":["Pommel Strike+1","Sword Boomerang"],"picked":"Feel No Pain","floor":46},{"not_picked":["Fire Breathing","Twin Strike"],"picked":"Burning Pact","floor":48}],"player_experience":5167862,"relics_obtained":[{"floor":9.0,"key":"Strawberry"},{"floor":14.0,"key":"Juzu Bracelet"},{"floor":26,"key":"Bronze Scales"},{"floor":36,"key":"Thread and Needle"},{"floor":40,"key":"Shuriken"},{"floor":42,"key":"Blood Vial"}],"event_choices":[{"cards_removed":["Strike_R"],"damage_healed":0.0,"max_hp_gain":0.0,"max_hp_loss":0.0,"gold_gain":0.0,"event_name":"Golden Wing","player_choice":"Card Removal","floor":4.0,"gold_loss":0.0,"damage_taken":7.0},{"cards_removed":["Strike_R"],"damage_healed":0.0,"max_hp_gain":0.0,"max_hp_loss":0.0,"gold_gain":0.0,"event_name":"Living Wall","player_choice":"Forget","floor":5.0,"gold_loss":0.0,"damage_taken":0.0},{"damage_healed":0.0,"max_hp_gain":0.0,"max_hp_loss":0.0,"gold_gain":0.0,"event_name":"Liars Game","player_choice":"Ignored","floor":10.0,"gold_loss":0.0,"damage_taken":0.0},{"damage_healed":0.0,"max_hp_gain":0.0,"max_hp_loss":0.0,"gold_gain":0.0,"event_name":"The Mausoleum","player_choice":"Opened","floor":19.0,"gold_loss":0.0,"damage_taken":0.0,"relics_obtained":["Happy Flower"],"cards_obtained":["Writhe"]},{"damage_healed":0.0,"max_hp_gain":5.0,"max_hp_loss":0.0,"gold_gain":0.0,"event_name":"Forgotten Altar","player_choice":"Shed Blood","floor":20.0,"gold_loss":0.0,"damage_taken":29.0},{"damage_healed":0.0,"max_hp_gain":0.0,"max_hp_loss":0.0,"gold_gain":0.0,"event_name":"Nest","player_choice":"Joined the Cult","floor":21.0,"gold_loss":0.0,"damage_taken":6.0,"cards_obtained":["RitualDagger"]},{"damage_healed":0,"gold_gain":0,"player_choice":"Paid Fearfully","damage_taken":0,"max_hp_gain":0,"max_hp_loss":0,"event_name":"Masked Bandits","floor":22,"gold_loss":231},{"damage_healed":0,"gold_gain":0,"player_choice":"Ignored","damage_taken":0,"max_hp_gain":0,"max_hp_loss":0,"event_name":"Vampires","floor":24,"gold_loss":0},{"damage_healed":0,"gold_gain":0,"player_choice":"Fight","damage_taken":0,"max_hp_gain":0,"max_hp_loss":0,"event_name":"MindBloom","floor":36,"gold_loss":0},{"damage_healed":0,"gold_gain":0,"player_choice":"Max HP","damage_taken":0,"max_hp_gain":0,"max_hp_loss":5,"event_name":"Winding Halls","floor":38,"gold_loss":0},{"damage_healed":0,"gold_gain":0,"player_choice":"Ignored","damage_taken":0,"max_hp_gain":0,"max_hp_loss":0,"event_name":"Tomb of Lord Red Mask","floor":44,"gold_loss":0}],"is_beta":false,"boss_relics":[{"not_picked":["Black Star","Black Blood"],"picked":"Runic Pyramid"},{"not_picked":["Busted Crown","Tiny House"],"picked":"Philosopher\u0027s Stone"}],"items_purged_floors":[11,47],"is_endless":false,"potions_floor_spawned":[1,7,12,13,27,40,42,48],"killed_by":"Donu and Deca","ascension_level":20}