{"gold_per_floor":[116,116,129,146,162,162,178,197,197,197,231,255,286,286,286,363,363,377,11,11,23,34,34,95,95,95,124,124,155,174,74,74,150,150,161,181,14,34,134,134,166,178,204,215,245,245,245,276,276,276,276,276,276,26,61,61],"floor_reached":57,"playtime":3479,"items_purged":["Strike_B","Defend_B"],"score":3045,"play_id":"466a1b76-0cb3-4053-8647-3a498c5fea49","local_time":"20190608022751","is_ascension_mode":true,"campfire_choices":[{"data":"Hyperbeam","floor":6,"key":"SMITH"},{"data":"Hologram","floor":10,"key":"SMITH"},{"data":"Defragment","floor":15,"key":"SMITH"},{"data":"Blizzard","floor":23,"key":"SMITH"},{"data":"Coolheaded","floor":25,"key":"SMITH"},{"data":"Glacier","floor":28,"key":"SMITH"},{"data":"Blizzard","floor":32,"key":"SMITH"},{"floor":40,"key":"RECALL"},{"floor":46,"key":"REST"},{"floor":49,"key":"REST"},{"floor":53,"key":"REST"}],"neow_cost":"NONE","seed_source_timestamp":1051243858889200,"circlet_count":0,"master_deck":["AscendersBane","Defend_B","Zap","Dualcast","Glacier+1","Ball Lightning","Hyperbeam+1","Glacier","Rebound","Hologram+1","Self Repair","BootSequence","Defragment+1","Core Surge","Reboot","Go for the Eyes+1","Reprogram+1","Biased Cognition+1","Loop+1","Defragment+1","Blizzard+1","Coolheaded+1","Cold Snap","Static Discharge+1","Fission","Blizzard+1","Buffer+1","Undo+1","Force Field+1","Defragment+1","Loop+1","Creative AI+1","Coolheaded+1"],"relics":["Cracked Core","Vajra","Ginger","Odd Mushroom","Ancient Tea Set","Frozen Egg 2","Astrolabe","Strawberry","Tiny Chest","Happy Flower","Bag of Preparation","Fusion Hammer","Potion Belt","Gambling Chip","Shuriken","DataDisk","The Courier","Toxic Egg 2","Incense Burner"],"potions_floor_usage":[11,16,24,27,30,42,45,56,56,56],"damage_taken":[{"damage":1,"enemies":"Cultist","floor":1,"turns":4},{"damage":0,"enemies":"2 Louse","floor":3,"turns":2},{"damage":0,"enemies":"Small Slimes","floor":4,"turns":3},{"damage":14,"enemies":"Exordium Wildlife","floor":5,"turns":4},{"damage":0,"enemies":"Looter","floor":7,"turns":2},{"damage":4,"enemies":"Red Slaver","floor":8,"turns":4},{"damage":8,"enemies":"Gremlin Nob","floor":11,"turns":3},{"damage":0,"enemies":"The Mushroom Lair","floor":12,"turns":3},{"damage":9,"enemies":"Lagavulin","floor":13,"turns":7},{"damage":10,"enemies":"Slime Boss","floor":16,"turns":7},{"damage":17,"enemies":"3 Byrds","floor":18,"turns":4},{"damage":0,"enemies":"Spheric Guardian","floor":21,"turns":5},{"damage":0,"enemies":"Snecko","floor":22,"turns":5},{"damage":8,"enemies":"Gremlin Leader","floor":24,"turns":7},{"damage":11,"enemies":"Book of Stabbing","floor":27,"turns":5},{"damage":0,"enemies":"Gremlin Leader","floor":29,"turns":10},{"damage":20,"enemies":"Cultist and Chosen","floor":30,"turns":4},{"damage":0,"enemies":"Champ","floor":33,"turns":11},{"damage":1,"enemies":"Orb Walker","floor":35,"turns":7},{"damage":0,"enemies":"3 Shapes","floor":36,"turns":2},{"damage":0,"enemies":"Writhing Mass","floor":38,"turns":9},{"damage":0,"enemies":"Mind Bloom Boss Battle","floor":39,"turns":7},{"damage":2,"enemies":"Nemesis","floor":41,"turns":9},{"damage":0,"enemies":"Jaw Worm Horde","floor":42,"turns":4},{"damage":2,"enemies":"Transient","floor":44,"turns":6},{"damage":12,"enemies":"Reptomancer","floor":45,"turns":7},{"damage":0,"enemies":"Nemesis","floor":48,"turns":11},{"damage":0,"enemies":"Donu and Deca","floor":50,"turns":16},{"damage":3,"enemies":"Time Eater","floor":51,"turns":23},{"damage":10,"enemies":"Shield and Spear","floor":55,"turns":14},{"damage":22,"enemies":"The Heart","floor":56,"turns":14}],"seed_played":"-4609218179508028755","potions_obtained":[{"floor":5,"key":"GamblersBrew"},{"floor":7,"key":"GamblersBrew"},{"floor":13,"key":"Energy Potion"},{"floor":18,"key":"PowerPotion"},{"floor":27,"key":"Ancient Potion"},{"floor":30,"key":"Block Potion"},{"floor":33,"key":"LiquidBronze"},{"floor":38,"key":"Swift Potion"},{"floor":39,"key":"PowerPotion"},{"floor":48,"key":"Energy Potion"},{"floor":55,"key":"GamblersBrew"}],"is_trial":false,"path_per_floor":["M","?","M","M","M","R","M","M","T","R","E","?","E","?","R","B",null,"M","$","?","M","M","R","E","R","T","E","R","E","M","$","R","B",null,"M","M","$","M","?","R","E","M","T","M","E","R","?","E","R","B","B",null,"R","$","E","B",null],"character_chosen":"DEFECT","items_purchased":["Defragment+1","Blizzard","Strawberry","Potion Belt","Loop+1","Creative AI+1","FocusPotion"],"campfire_rested":3,"item_purchase_floors":[19,19,19,37,54,54,54],"current_hp_per_floor":[63,63,63,63,49,49,49,45,45,45,44,51,49,31,31,21,59,49,56,56,63,70,70,69,69,69,65,65,72,59,59,59,66,75,78,78,78,78,78,78,78,78,78,78,66,78,74,74,74,74,74,74,74,74,71,56],"gold":61,"neow_bonus":"THREE_CARDS","is_prod":false,"is_daily":false,"chose_seed":false,"campfire_upgraded":7,"win_rate":0,"timestamp":1559928471,"path_taken":["M","?","M","M","M","R","M","M","T","R","E","?","E","?","R","BOSS","M","$","?","M","M","R","E","R","T","E","R","E","M","$","R","BOSS","M","M","$","M","?","R","E","M","T","M","E","R","?","E","R","BOSS","BOSS","R","$","E","BOSS"],"build_version":"2019-01-23","purchased_purges":2,"victory":true,"max_hp_per_floor":[71,71,71,71,71,71,71,71,71,71,71,71,71,71,71,71,71,71,78,78,78,78,78,78,78,78,78,78,78,78,78,78,78,78,78,78,78,78,78,78,78,78,78,78,78,78,74,74,74,74,74,74,74,74,74,74],"card_choices":[{"not_picked":["Hologram","Undo"],"picked":"Glacier","floor":0},{"not_picked":["Redo","Leap"],"picked":"Ball Lightning","floor":1},{"not_picked":["Rebound","Go for the Eyes"],"picked":"Glacier","floor":3},{"not_picked":["Steam","Stack","Conserve Battery"],"picked":"SKIP","floor":4},{"not_picked":["Buffer","Melter"],"picked":"Rebound","floor":5},{"not_picked":["Coolheaded","Sweeping Beam"],"picked":"Hologram","floor":7},{"not_picked":["Fusion","Rebound"],"picked":"Self Repair","floor":8},{"not_picked":["Compile Driver","Sweeping Beam"],"picked":"BootSequence","floor":11},{"not_picked":["Undo","Compile Driver"],"picked":"Defragment","floor":12},{"not_picked":["Chill","Blizzard"],"picked":"Core Surge","floor":13},{"not_picked":["Amplify","Machine Learning+1"],"picked":"Reboot","floor":16},{"not_picked":["Redo","Doom and Gloom"],"picked":"Loop+1","floor":18},{"not_picked":["Barrage+1","Rebound"],"picked":"Coolheaded","floor":21},{"not_picked":["Coolheaded","Conserve Battery+1"],"picked":"Cold Snap","floor":22},{"not_picked":["Thunder Strike","Beam Cell+1","Consume"],"picked":"SKIP","floor":24},{"not_picked":["Consume","Fusion"],"picked":"Static Discharge+1","floor":27},{"not_picked":["Cold Snap","Coolheaded"],"picked":"Fission","floor":29},{"not_picked":["Force Field","Leap"],"picked":"Blizzard","floor":30},{"not_picked":["Biased Cognition+1","Amplify"],"picked":"Buffer+1","floor":33},{"not_picked":["Redo","Turbo+1"],"picked":"Undo+1","floor":35},{"not_picked":["Consume","Leap","Sweeping Beam"],"picked":"SKIP","floor":36},{"not_picked":["Rip and Tear","Undo+1","Hello World+1"],"picked":"SKIP","floor":38},{"not_picked":["Lockon+1","Conserve Battery"],"picked":"Force Field+1","floor":39},{"not_picked":["Glacier","Buffer+1","Fusion+1"],"picked":"SKIP","floor":41},{"not_picked":["Glacier","Buffer+1","Fusion+1"],"picked":"SKIP","floor":41},{"not_picked":["Conserve Battery","Beam Cell","Auto Shields"],"picked":"SKIP","floor":42},{"not_picked":["Compile Driver","Darkness","Consume"],"picked":"SKIP","floor":44},{"not_picked":["Sweeping Beam","Rip and Tear+1","Aggregate"],"picked":"SKIP","floor":45},{"not_picked":["Steam","Redo"],"picked":"Defragment+1","floor":48},{"not_picked":["Force Field+1","Electrodynamics+1"],"picked":"Coolheaded+1","floor":55}],"player_experience":5295612,"relics_obtained":[{"floor":9,"key":"Vajra"},{"floor":11,"key":"Ginger"},{"floor":12,"key":"Odd Mushroom"},{"floor":13,"key":"Ancient Tea Set"},{"floor":24,"key":"Tiny Chest"},{"floor":27,"key":"Happy Flower"},{"floor":29,"key":"Bag of Preparation"},{"floor":39,"key":"Gambling Chip"},{"floor":41,"key":"Shuriken"},{"floor":43,"key":"DataDisk"},{"floor":45,"key":"The Courier"},{"floor":48,"key":"Toxic Egg 2"},{"floor":55,"key":"Incense Burner"}],"event_choices":[{"damage_healed":0,"gold_gain":0,"cards_transformed":["Strike_B"],"player_choice":"Change","damage_taken":0,"max_hp_gain":0,"max_hp_loss":0,"event_name":"Living Wall","floor":2,"gold_loss":0,"cards_obtained":["Hyperbeam"]},{"damage_healed":0,"gold_gain":0,"player_choice":"Fought Mushrooms","damage_taken":0,"max_hp_gain":0,"max_hp_loss":0,"event_name":"Mushrooms","floor":12,"gold_loss":0},{"damage_healed":0,"gold_gain":0,"player_choice":"Success","damage_taken":18,"relics_obtained":["Frozen Egg 2"],"max_hp_gain":0,"max_hp_loss":0,"event_name":"Scrap Ooze","floor":14,"gold_loss":0},{"cards_removed":["Defend_B"],"damage_healed":0,"gold_gain":0,"player_choice":"Elegance","damage_taken":0,"max_hp_gain":0,"max_hp_loss":0,"event_name":"Back to Basics","floor":20,"gold_loss":0},{"damage_healed":0,"gold_gain":0,"player_choice":"Fight","damage_taken":0,"max_hp_gain":0,"max_hp_loss":0,"event_name":"MindBloom","floor":39,"gold_loss":0},{"damage_healed":0,"gold_gain":0,"player_choice":"Max HP","damage_taken":0,"max_hp_gain":0,"max_hp_loss":4,"event_name":"Winding Halls","floor":47,"gold_loss":0}],"is_beta":false,"boss_relics":[{"not_picked":["White Beast Statue","Philosopher\u0027s Stone"],"picked":"Astrolabe"},{"not_picked":["Nuclear Battery","Orrery"],"picked":"Fusion Hammer"}],"items_purged_floors":[19,31],"is_endless":false,"potions_floor_spawned":[5,7,8,13,18,27,30,33,38,39,48,55],"ascension_level":20}