{"gold_per_floor":[111,123,135,146,146,179,179,212,267,278,278,297,297,318,318,318],"floor_reached":16,"playtime":424,"items_purged":[],"score":224,"play_id":"d859eb05-d77f-41cc-a3e8-34aee7bf68ee","local_time":"20190705001243","is_ascension_mode":true,"campfire_choices":[{"floor":7.0,"key":"REST"},{"data":"Darkness","floor":11,"key":"SMITH"},{"data":"Redo","floor":13,"key":"SMITH"},{"data":"Dualcast","floor":15,"key":"SMITH"}],"neow_cost":"TEN_PERCENT_HP_LOSS","seed_source_timestamp":177636111313200,"circlet_count":0,"master_deck":["AscendersBane","Strike_B","Strike_B","Defend_B","Defend_B","Defend_B","Defend_B","Zap","Dualcast+1","Chill","Amplify","Compile Driver","Darkness+1","Redo+1","Sweeping Beam","Genetic Algorithm","Self Repair","Conserve Battery"],"special_seed":0,"relics":["Cracked Core","GremlinMask","Centennial Puzzle","Boot","Tiny Chest","Odd Mushroom"],"potions_floor_usage":[10,16],"damage_taken":[{"damage":7.0,"enemies":"Jaw Worm","floor":1.0,"turns":4.0},{"damage":0.0,"enemies":"Cultist","floor":2.0,"turns":4.0},{"damage":7.0,"enemies":"Small Slimes","floor":3.0,"turns":3.0},{"damage":8.0,"enemies":"Blue Slaver","floor":4.0,"turns":3.0},{"damage":20.0,"enemies":"Lagavulin","floor":6.0,"turns":7.0},{"damage":12.0,"enemies":"Gremlin Nob","floor":8.0,"turns":3.0},{"damage":0,"enemies":"3 Louse","floor":10,"turns":3},{"damage":20,"enemies":"Exordium Wildlife","floor":12,"turns":5},{"damage":8,"enemies":"The Mushroom Lair","floor":14,"turns":4},{"damage":26,"enemies":"Slime Boss","floor":16,"turns":3}],"seed_played":"-8489617828189254665","potions_obtained":[{"floor":2.0,"key":"GamblersBrew"},{"floor":4.0,"key":"SteroidPotion"},{"floor":6.0,"key":"SkillPotion"},{"floor":14,"key":"Swift Potion"}],"is_trial":false,"path_per_floor":["M","M","M","M","?","E","R","E","T","M","R","M","R","?","R","B"],"character_chosen":"DEFECT","items_purchased":[],"campfire_rested":1,"item_purchase_floors":[],"current_hp_per_floor":[57,57,50,42,42,22,41,29,29,36,36,30,30,22,22,0],"gold":318,"neow_bonus":"TRANSFORM_TWO_CARDS","is_prod":false,"is_daily":false,"chose_seed":false,"campfire_upgraded":3,"win_rate":0,"timestamp":1562253163,"path_taken":["M","M","M","M","?","E","R","E","T","?","R","M","R","?","R","BOSS"],"build_version":"2019-07-01","purchased_purges":0,"victory":false,"max_hp_per_floor":[64,64,64,64,64,64,64,64,64,64,64,64,64,64,64,64],"card_choices":[{"not_picked":["Turbo","Barrage"],"picked":"Compile Driver","floor":1.0},{"not_picked":["Scrape","Gash"],"picked":"Darkness","floor":2.0},{"not_picked":["Heatsinks","Streamline"],"picked":"Redo","floor":3.0},{"not_picked":["Beam Cell","Skim"],"picked":"Sweeping Beam","floor":4.0},{"not_picked":["Leap","Sweeping Beam"],"picked":"Genetic Algorithm","floor":6.0},{"not_picked":["Barrage","Skim"],"picked":"Self Repair","floor":8.0},{"not_picked":["Rebound","Double Energy"],"picked":"Conserve Battery","floor":10},{"not_picked":["Redo","Rebound","Beam Cell"],"picked":"SKIP","floor":12}],"player_experience":5584708,"relics_obtained":[{"floor":6.0,"key":"Centennial Puzzle"},{"floor":8.0,"key":"Boot"},{"floor":9.0,"key":"Tiny Chest"},{"floor":14,"key":"Odd Mushroom"}],"event_choices":[{"damage_healed":0.0,"max_hp_gain":0.0,"max_hp_loss":0.0,"gold_gain":0.0,"event_name":"FaceTrader","player_choice":"Trade","floor":5.0,"gold_loss":0.0,"damage_taken":0.0,"relics_obtained":["GremlinMask"]},{"damage_healed":0,"gold_gain":0,"player_choice":"Fought Mushrooms","damage_taken":0,"max_hp_gain":0,"max_hp_loss":0,"event_name":"Mushrooms","floor":14,"gold_loss":0}],"is_beta":false,"boss_relics":[],"items_purged_floors":[],"is_endless":false,"potions_floor_spawned":[2,4,6,14],"killed_by":"Slime Boss","ascension_level":20}