{"gold_per_floor":[116,126,142,142,153,183,183,210,259,259],"floor_reached":10,"playtime":287,"items_purged":[],"score":156,"play_id":"e5481434-4804-41a0-860e-dc4fb4849a90","local_time":"20190708013845","is_ascension_mode":true,"campfire_choices":[{"data":"Self Repair","floor":7,"key":"SMITH"}],"neow_cost":"NONE","seed_source_timestamp":442158064233300,"circlet_count":0,"master_deck":["AscendersBane","Strike_B","Strike_B","Strike_B","Defend_B","Defend_B","Defend_B","Defend_B","Zap","Dualcast","Core Surge","Self Repair+1","Streamline","Leap","Doom and Gloom","Sweeping Beam","Genetic Algorithm"],"relics":["Cracked Core","Ancient Tea Set","Gremlin Horn","Bronze Scales"],"potions_floor_usage":[6],"damage_taken":[{"damage":0,"enemies":"Jaw Worm","floor":1,"turns":4},{"damage":15,"enemies":"Small Slimes","floor":2,"turns":4},{"damage":0,"enemies":"2 Louse","floor":3,"turns":2},{"damage":7,"enemies":"Looter","floor":5,"turns":4},{"damage":15,"enemies":"Lagavulin","floor":6,"turns":6},{"damage":21,"enemies":"3 Sentries","floor":8,"turns":6},{"damage":46,"enemies":"Gremlin Nob","floor":10,"turns":4}],"seed_played":"2233720703393447368","potions_obtained":[{"floor":2,"key":"Block Potion"},{"floor":3,"key":"SpeedPotion"}],"is_trial":false,"path_per_floor":["M","M","M","?","M","E","R","E","T","E"],"character_chosen":"DEFECT","items_purchased":[],"campfire_rested":0,"item_purchase_floors":[],"current_hp_per_floor":[64,56,56,49,49,41,41,30,30,0],"gold":259,"neow_bonus":"ONE_RANDOM_RARE_CARD","is_prod":false,"is_daily":false,"chose_seed":false,"campfire_upgraded":1,"win_rate":0,"timestamp":1562517525,"path_taken":["M","M","M","?","M","E","R","E","T","E"],"build_version":"2019-07-05","purchased_purges":0,"victory":false,"max_hp_per_floor":[71,71,71,71,71,71,71,71,71,71],"card_choices":[{"not_picked":["Hologram","Heatsinks"],"picked":"Self Repair","floor":1},{"not_picked":["Redo","Barrage"],"picked":"Streamline","floor":2},{"not_picked":["Steam","Double Energy"],"picked":"Leap","floor":3},{"not_picked":["Leap","Hologram"],"picked":"Doom and Gloom","floor":5},{"not_picked":["Melter","Reprogram"],"picked":"Sweeping Beam","floor":6},{"not_picked":["Melter","Self Repair"],"picked":"Genetic Algorithm","floor":8}],"player_experience":5614309,"relics_obtained":[{"floor":6,"key":"Ancient Tea Set"},{"floor":8,"key":"Gremlin Horn"},{"floor":9,"key":"Bronze Scales"}],"event_choices":[{"cards_removed":["Strike_B"],"damage_healed":0,"gold_gain":0,"player_choice":"Card Removal","damage_taken":7,"max_hp_gain":0,"max_hp_loss":0,"event_name":"Golden Wing","floor":4,"gold_loss":0}],"is_beta":false,"boss_relics":[],"items_purged_floors":[],"is_endless":false,"potions_floor_spawned":[2,3,5],"killed_by":"Gremlin Nob","ascension_level":20}