{"gold_per_floor":[359,28,28,40,56,56,76,107,132,144,331,343,6,26,26,103,103,117,133,313,29,29,29,46,46,46,46,63,78,78,1,1,1],"floor_reached":33,"playtime":655,"items_purged":["Doubt"],"score":442,"play_id":"74190d10-2fb4-4517-b7bd-f74b2b28fca2","local_time":"20190713112545","is_ascension_mode":true,"campfire_choices":[{"data":"Dual Wield","floor":6,"key":"SMITH"},{"data":"Whirlwind","floor":10,"key":"SMITH"},{"floor":15,"key":"REST"},{"floor":23,"key":"REST"},{"floor":25,"key":"DIG"},{"floor":27,"key":"DIG"},{"floor":30,"key":"REST"},{"data":"Berserk","floor":32,"key":"SMITH"}],"neow_cost":"TEN_PERCENT_HP_LOSS","seed_source_timestamp":1895245472914162,"circlet_count":0,"master_deck":["AscendersBane","Strike_R","Strike_R","Strike_R","Strike_R","Strike_R+1","Defend_R","Defend_R","Defend_R+1","Defend_R+1","Bash+1","Whirlwind+1","Dropkick+1","Dual Wield+1","Double Tap","Dropkick","Armaments+1","Berserk+1"],"special_seed":0,"relics":["Burning Blood","PreservedInsect","Oddly Smooth Stone","Smiling Mask","MawBank","Shovel","Cursed Key","Brimstone","War Paint","Unceasing Top"],"potions_floor_usage":[14,16,16,24,28,33,33],"damage_taken":[{"damage":7,"enemies":"Jaw Worm","floor":1,"turns":3},{"damage":6,"enemies":"Cultist","floor":4,"turns":3},{"damage":6,"enemies":"2 Louse","floor":5,"turns":3},{"damage":5,"enemies":"Looter","floor":7,"turns":4},{"damage":16,"enemies":"Gremlin Nob","floor":8,"turns":3},{"damage":14,"enemies":"Exordium Thugs","floor":14,"turns":5},{"damage":20,"enemies":"Slime Boss","floor":16,"turns":6},{"damage":21,"enemies":"2 Thieves","floor":18,"turns":3},{"damage":6,"enemies":"Chosen","floor":19,"turns":3},{"damage":8,"enemies":"Shelled Parasite and Fungi","floor":24,"turns":2},{"damage":0,"enemies":"Chosen and Byrds","floor":28,"turns":4},{"damage":23,"enemies":"3 Cultists","floor":29,"turns":4},{"damage":90,"enemies":"Automaton","floor":33,"turns":6}],"seed_played":"-7770656725730640484","potions_obtained":[{"floor":4,"key":"Strength Potion"},{"floor":5,"key":"EntropicBrew"},{"floor":19,"key":"Fire Potion"},{"floor":28,"key":"Weak Potion"},{"floor":29,"key":"LiquidBronze"}],"is_trial":false,"path_per_floor":["M","$","?","M","M","R","M","E","T","R","?","?","$","M","R","B",null,"M","M","?","$","T","R","M","R","T","R","M","M","R","$","R","B"],"character_chosen":"IRONCLAD","items_purchased":["PreservedInsect","Oddly Smooth Stone","Dropkick","Shovel","Dropkick","Brimstone","Berserk"],"campfire_rested":3,"item_purchase_floors":[2,2,2,13,21,21,31],"current_hp_per_floor":[67,67,67,67,67,67,68,58,58,58,58,44,44,36,56,42,62,47,47,29,29,29,49,47,47,47,47,53,36,56,56,56,0],"gold":1,"neow_bonus":"TWO_FIFTY_GOLD","is_prod":false,"is_daily":false,"chose_seed":false,"campfire_upgraded":3,"win_rate":0,"timestamp":1563013545,"path_taken":["M","$","?","?","M","R","M","E","T","R","?","?","$","M","R","BOSS","M","M","?","?","?","R","M","R","T","R","M","M","R","$","R","BOSS"],"build_version":"2019-07-05","purchased_purges":1,"victory":false,"max_hp_per_floor":[68,68,68,68,68,68,68,68,68,68,68,68,68,68,68,68,68,68,68,68,68,68,68,68,68,68,68,68,68,68,68,68,68],"card_choices":[{"not_picked":["Clash","Thunderclap"],"picked":"Whirlwind","floor":1},{"not_picked":["Whirlwind","True Grit"],"picked":"Dual Wield","floor":4},{"not_picked":["Clothesline","Body Slam","Headbutt"],"picked":"SKIP","floor":5},{"not_picked":["Rampage","Disarm","Feel No Pain"],"picked":"SKIP","floor":7},{"not_picked":["Anger","Flex","Bludgeon"],"picked":"SKIP","floor":8},{"not_picked":["True Grit","Body Slam","Sword Boomerang"],"picked":"SKIP","floor":14},{"not_picked":["Immolate","Bludgeon"],"picked":"Double Tap","floor":16},{"not_picked":["Bloodletting","Perfected Strike","Heavy Blade"],"picked":"SKIP","floor":18},{"not_picked":["Anger","Heavy Blade","Uppercut"],"picked":"SKIP","floor":19},{"not_picked":["Clothesline","Sever Soul"],"picked":"Armaments+1","floor":24},{"not_picked":["Fiend Fire","Clash","Searing Blow+1"],"picked":"SKIP","floor":28},{"not_picked":["True Grit","Havoc","Anger"],"picked":"SKIP","floor":29}],"player_experience":390465,"relics_obtained":[{"floor":8,"key":"Smiling Mask"},{"floor":9,"key":"MawBank"},{"floor":25,"key":"War Paint"},{"floor":27,"key":"Unceasing Top"}],"event_choices":[{"damage_healed":0,"gold_gain":0,"player_choice":"Forge","damage_taken":0,"max_hp_gain":0,"max_hp_loss":0,"event_name":"Accursed Blacksmith","floor":3,"gold_loss":0,"cards_upgraded":["Bash"]},{"damage_healed":0,"gold_gain":175,"player_choice":"AGREE","damage_taken":0,"max_hp_gain":0,"max_hp_loss":0,"event_name":"Liars Game","floor":11,"gold_loss":0,"cards_obtained":["Doubt"]},{"damage_healed":0,"gold_gain":0,"player_choice":"Entered Light","damage_taken":14,"max_hp_gain":0,"max_hp_loss":0,"event_name":"Shining Light","floor":12,"gold_loss":0,"cards_upgraded":["Strike_R","Dropkick"]},{"damage_healed":0,"gold_gain":180,"player_choice":"GOLD GOLD ","damage_taken":18,"max_hp_gain":0,"max_hp_loss":0,"event_name":"Knowing Skull","floor":20,"potions_obtained":[],"gold_loss":0,"cards_obtained":[]}],"is_beta":false,"boss_relics":[{"not_picked":["Tiny House","White Beast Statue"],"picked":"Cursed Key"}],"items_purged_floors":[13],"is_endless":false,"potions_floor_spawned":[4,5,8,19,28,29],"killed_by":"Automaton","ascension_level":14}