{"gold_per_floor":[109,109,121,131,131,164,164,174,174,29,44,56,70,86,86,185,185,202,202,202,302,321,321],"floor_reached":23,"playtime":961,"items_purged":[],"score":263,"play_id":"7ab3187f-b846-4d67-a293-7d647e6ae4d7","local_time":"20190716135631","is_ascension_mode":true,"campfire_choices":[{"data":"Uppercut","floor":7,"key":"SMITH"},{"floor":15,"key":"REST"}],"neow_cost":"NONE","seed_source_timestamp":70497503596400,"circlet_count":0,"master_deck":["Strike_R","Strike_R","Strike_R","Strike_R","Strike_R","Defend_R","Defend_R","Defend_R","Defend_R","Bash","Hemokinesis","Uppercut+1","Iron Wave","Disarm","Iron Wave","Shrug It Off","Anger","Shrug It Off","True Grit","Immolate","Flame Barrier","J.A.X.","Rage"],"relics":["Burning Blood","NeowsBlessing","GremlinMask","Regal Pillow","Happy Flower","Pen Nib","Black Star"],"potions_floor_usage":[12,22,23,23],"damage_taken":[{"damage":0,"enemies":"Jaw Worm","floor":1,"turns":1},{"damage":0,"enemies":"Cultist","floor":3,"turns":1},{"damage":0,"enemies":"Small Slimes","floor":4,"turns":1},{"damage":31,"enemies":"Gremlin Nob","floor":6,"turns":4},{"damage":31,"enemies":"Exordium Thugs","floor":8,"turns":6},{"damage":4,"enemies":"Exordium Wildlife","floor":11,"turns":5},{"damage":0,"enemies":"Lots of Slimes","floor":12,"turns":1},{"damage":27,"enemies":"Large Slime","floor":13,"turns":7},{"damage":4,"enemies":"Looter","floor":14,"turns":3},{"damage":43,"enemies":"Hexaghost","floor":16,"turns":12},{"damage":12,"enemies":"3 Byrds","floor":18,"turns":6},{"damage":28,"enemies":"2 Thieves","floor":22,"turns":4},{"damage":58,"enemies":"Slavers","floor":23,"turns":6}],"seed_played":"-530298188206188359","potions_obtained":[{"floor":1,"key":"Explosive Potion"},{"floor":4,"key":"Energy Potion"},{"floor":8,"key":"AttackPotion"},{"floor":13,"key":"PowerPotion"},{"floor":22,"key":"SteroidPotion"}],"is_trial":false,"path_per_floor":["M","?","M","M","?","E","R","M","T","$","M","M","M","M","R","B",null,"M","?","?","?","M","E"],"character_chosen":"IRONCLAD","items_purchased":["Pen Nib"],"campfire_rested":1,"item_purchase_floors":[10],"current_hp_per_floor":[78,78,80,80,80,55,55,30,30,30,32,38,17,19,58,21,65,59,80,80,80,58,0],"gold":321,"neow_bonus":"THREE_ENEMY_KILL","is_prod":false,"is_daily":false,"chose_seed":false,"campfire_upgraded":1,"win_rate":0,"timestamp":1563299791,"path_taken":["M","?","?","M","?","E","R","M","T","?","?","M","?","M","R","BOSS","M","?","?","?","M","E"],"build_version":"2019-07-05","purchased_purges":0,"victory":false,"max_hp_per_floor":[80,80,80,80,80,80,80,80,80,80,80,80,80,80,80,80,80,80,80,80,80,80,80],"card_choices":[{"not_picked":["Rupture","Battle Trance"],"picked":"Hemokinesis","floor":1},{"not_picked":["Anger","Sword Boomerang"],"picked":"Uppercut","floor":3},{"not_picked":["Thunderclap","Twin Strike"],"picked":"Iron Wave","floor":4},{"not_picked":["Clash","Entrench"],"picked":"Disarm","floor":6},{"not_picked":["Heavy Blade","Searing Blow"],"picked":"Iron Wave","floor":8},{"not_picked":["Sword Boomerang","Thunderclap"],"picked":"Shrug It Off","floor":11},{"not_picked":["Limit Break","Seeing Red"],"picked":"Anger","floor":12},{"not_picked":["Warcry","Perfected Strike"],"picked":"Shrug It Off","floor":13},{"not_picked":["Headbutt","Sword Boomerang"],"picked":"True Grit","floor":14},{"not_picked":["Barricade","Impervious"],"picked":"Immolate","floor":16},{"not_picked":["Perfected Strike","Armaments+1"],"picked":"Flame Barrier","floor":18},{"not_picked":["Flex","Feel No Pain"],"picked":"Rage","floor":22}],"player_experience":233933,"relics_obtained":[{"floor":6,"key":"Regal Pillow"},{"floor":9,"key":"Happy Flower"}],"event_choices":[{"damage_healed":0,"gold_gain":0,"player_choice":"Trade","damage_taken":0,"relics_obtained":["GremlinMask"],"max_hp_gain":0,"max_hp_loss":0,"event_name":"FaceTrader","floor":2,"gold_loss":0},{"damage_healed":0,"gold_gain":0,"player_choice":"0 cards matched","damage_taken":0,"max_hp_gain":0,"max_hp_loss":0,"event_name":"Match and Keep!","floor":5,"gold_loss":0,"cards_obtained":[]},{"damage_healed":26,"gold_gain":0,"player_choice":"Heal","damage_taken":0,"max_hp_gain":0,"max_hp_loss":0,"event_name":"The Library","floor":19,"gold_loss":0},{"damage_healed":0,"gold_gain":0,"player_choice":"Obtain J.A.X.","damage_taken":0,"max_hp_gain":0,"max_hp_loss":0,"event_name":"Drug Dealer","floor":20,"gold_loss":0,"cards_obtained":["J.A.X."]},{"damage_healed":0,"gold_gain":100,"player_choice":"Pray","damage_taken":0,"max_hp_gain":0,"max_hp_loss":0,"event_name":"Golden Shrine","floor":21,"gold_loss":0}],"is_beta":false,"boss_relics":[{"not_picked":["Empty Cage","Runic Pyramid"],"picked":"Black Star"}],"items_purged_floors":[],"is_endless":false,"potions_floor_spawned":[1,4,8,13,16,22],"killed_by":"Slavers","ascension_level":7}