{"gold_per_floor":[117,127,138,138,148,148,183,197,250,250,287,317,329,359,371,460,472,502,264,278,0,0,0,0,19,19,38,38,55,55,105,105,177,177,197,209,20,20,32,63,63,97,97,124,135,155,155,22,22,22],"floor_reached":50,"playtime":1621,"items_purged":["Strike_R","Cleave","Defend_R"],"score":1088,"play_id":"59096f29-2ecf-4877-9c86-2c8c8cbd71cc","local_time":"20190524043613","is_ascension_mode":true,"campfire_choices":[{"data":"Anger","floor":6.0,"key":"SMITH"},{"data":"Inflame","floor":13.0,"key":"SMITH"},{"data":"Sword Boomerang","floor":15.0,"key":"SMITH"},{"floor":23,"key":"REST"},{"data":"Evolve","floor":28,"key":"SMITH"},{"floor":32,"key":"REST"},{"floor":41,"key":"REST"},{"data":"Limit Break","floor":47,"key":"SMITH"},{"floor":49,"key":"RECALL"}],"neow_cost":"NONE","seed_source_timestamp":102877476824800,"circlet_count":0,"master_deck":["AscendersBane","Defend_R","Defend_R","Defend_R+1","Bash","Shrug It Off+1","Anger+1","Evolve+1","Rage","Sword Boomerang+1","Inflame+1","Limit Break+1","Immolate","Necronomicurse","Whirlwind","Heavy Blade+1","Reaper","Impervious+1","Brutality+1","Juggernaut+1","Dual Wield","Battle Trance","Warcry","Exhume","Shockwave","Spot Weakness"],"special_seed":0,"relics":["Burning Blood","Anchor","PreservedInsect","Paper Frog","War Paint","MawBank","Magic Flower","Mark of Pain","Bottled Tornado","Necronomicon","Question Card","Astrolabe","Matryoshka","Letter Opener","Smiling Mask","Lantern"],"potions_floor_usage":[23,29,39],"damage_taken":[{"damage":7.0,"enemies":"Jaw Worm","floor":1.0,"turns":4.0},{"damage":4.0,"enemies":"Small Slimes","floor":2.0,"turns":6.0},{"damage":9.0,"enemies":"Cultist","floor":3.0,"turns":4.0},{"damage":4.0,"enemies":"Large Slime","floor":5.0,"turns":6.0},{"damage":5.0,"enemies":"3 Sentries","floor":7.0,"turns":5.0},{"damage":2.0,"enemies":"3 Louse","floor":8.0,"turns":4.0},{"damage":7.0,"enemies":"Lagavulin","floor":11.0,"turns":6.0},{"damage":0.0,"enemies":"Blue Slaver","floor":12.0,"turns":3.0},{"damage":8.0,"enemies":"Lots of Slimes","floor":14.0,"turns":3.0},{"damage":47.0,"enemies":"The Guardian","floor":16.0,"turns":11.0},{"damage":23.0,"enemies":"Chosen","floor":18.0,"turns":5.0},{"damage":25.0,"enemies":"Spheric Guardian","floor":20.0,"turns":4.0},{"damage":36,"enemies":"Snake Plant","floor":25,"turns":4},{"damage":5,"enemies":"Sentry and Sphere","floor":27,"turns":3},{"damage":19,"enemies":"Shelled Parasite and Fungi","floor":29,"turns":3},{"damage":4,"enemies":"Champ","floor":33,"turns":5},{"damage":7,"enemies":"3 Shapes","floor":35,"turns":4},{"damage":8,"enemies":"Orb Walker","floor":36,"turns":3},{"damage":49,"enemies":"Spire Growth","floor":39,"turns":5},{"damage":124,"enemies":"Giant Head","floor":40,"turns":8},{"damage":38,"enemies":"Reptomancer","floor":42,"turns":5},{"damage":8,"enemies":"Nemesis","floor":44,"turns":5},{"damage":3,"enemies":"Sphere and 2 Shapes","floor":45,"turns":3},{"damage":62,"enemies":"Maw","floor":46,"turns":7},{"damage":57,"enemies":"Donu and Deca","floor":50,"turns":5}],"seed_played":"1156552376102056388","potions_obtained":[{"floor":2.0,"key":"PowerPotion"},{"floor":3.0,"key":"BloodPotion"},{"floor":7.0,"key":"GamblersBrew"},{"floor":18.0,"key":"BloodPotion"},{"floor":20.0,"key":"Fruit Juice"},{"floor":25,"key":"FearPotion"},{"floor":33,"key":"Energy Potion"},{"floor":36,"key":"SmokeBomb"},{"floor":42,"key":"Ancient Potion"}],"is_trial":false,"path_per_floor":["M","M","M","?","M","R","E","M","T","?","E","M","R","M","R","B",null,"M","$","M","$","?","R","$","M","T","M","R","M","?","?","R","B",null,"M","M","$","?","M","E","R","E","T","E","M","M","R","$","R","B"],"character_chosen":"IRONCLAD","items_purchased":["Immolate","Bottled Tornado","Battle Trance","Spot Weakness"],"campfire_rested":3,"item_purchase_floors":[19,21,37,48],"current_hp_per_floor":[67,69,66,55,57,57,58,62,62,62,61,70,70,71,71,33,65,51,51,46,46,25,54,54,27,27,31,31,21,21,21,45,50,73,75,80,80,80,72,26,50,67,67,68,74,57,57,57,57,0],"gold":22,"neow_bonus":"RANDOM_COMMON_RELIC","is_prod":false,"is_daily":false,"chose_seed":false,"campfire_upgraded":5,"win_rate":0,"timestamp":1558640173,"path_taken":["M","M","M","?","M","R","E","M","T","?","E","M","R","M","R","BOSS","M","$","M","$","?","R","$","M","T","M","R","M","?","?","R","BOSS","M","M","$","?","M","E","R","E","T","E","?","M","R","?","R","BOSS"],"build_version":"2019-01-23","purchased_purges":3,"victory":false,"max_hp_per_floor":[75,75,75,75,75,75,75,75,75,75,75,75,75,75,75,75,75,75,75,75,75,75,80,80,80,80,80,80,80,80,80,80,80,80,80,80,80,80,80,80,80,80,80,80,80,80,80,80,80,80],"card_choices":[{"not_picked":["Cleave","Pummel"],"picked":"Shrug It Off","floor":1.0},{"not_picked":["Blood for Blood","Thunderclap"],"picked":"Anger","floor":2.0},{"not_picked":["Havoc","Flame Barrier"],"picked":"Cleave","floor":3.0},{"not_picked":["True Grit","Second Wind"],"picked":"Evolve","floor":5.0},{"not_picked":["Heavy Blade","Whirlwind"],"picked":"Rage","floor":7.0},{"not_picked":["Rage","Heavy Blade"],"picked":"Sword Boomerang","floor":8.0},{"not_picked":["Bludgeon","Metallicize"],"picked":"Inflame","floor":11.0},{"not_picked":["Cleave","Iron Wave","Clothesline"],"picked":"SKIP","floor":12.0},{"not_picked":["Bloodletting","Flex","Rupture"],"picked":"SKIP","floor":14.0},{"not_picked":["Exhume","Brutality"],"picked":"Limit Break","floor":16.0},{"not_picked":["Thunderclap","Pommel Strike","Flame Barrier"],"picked":"SKIP","floor":18.0},{"not_picked":["Flex","True Grit","Shrug It Off"],"picked":"SKIP","floor":20.0},{"not_picked":["Cleave","Bloodletting","Searing Blow"],"picked":"SKIP","floor":25},{"not_picked":["True Grit","Sword Boomerang","Hemokinesis"],"picked":"Whirlwind","floor":27},{"not_picked":["Shrug It Off+1","Cleave","Bloodletting"],"picked":"Heavy Blade+1","floor":29},{"not_picked":["Immolate","Fiend Fire","Exhume"],"picked":"Reaper","floor":33},{"not_picked":["Metallicize+1","Iron Wave","Second Wind"],"picked":"Dual Wield","floor":35},{"not_picked":["Iron Wave+1","Warcry","Uppercut","Body Slam"],"picked":"SKIP","floor":36},{"not_picked":["Disarm","Havoc","True Grit"],"picked":"Shockwave","floor":39},{"not_picked":["Warcry","Shrug It Off","Pommel Strike","Iron Wave"],"picked":"SKIP","floor":40},{"not_picked":["Headbutt","Flame Barrier","Clash","Body Slam"],"picked":"SKIP","floor":42},{"not_picked":["Headbutt+1","Warcry","Perfected Strike","Feed"],"picked":"SKIP","floor":44},{"not_picked":["Perfected Strike","Clash","Flame Barrier","Sever Soul"],"picked":"SKIP","floor":45},{"not_picked":["Anger+1","Sever Soul","Havoc","Shockwave"],"picked":"SKIP","floor":46}],"player_experience":5132209,"relics_obtained":[{"floor":7.0,"key":"Paper Frog"},{"floor":9.0,"key":"War Paint"},{"floor":11.0,"key":"Magic Flower"},{"floor":22.0,"key":"Necronomicon"},{"floor":26,"key":"Question Card"},{"floor":40,"key":"Matryoshka"},{"floor":42,"key":"Letter Opener"},{"floor":43,"key":"Smiling Mask"},{"floor":44,"key":"Lantern"}],"event_choices":[{"damage_healed":0.0,"max_hp_gain":0.0,"max_hp_loss":0.0,"gold_gain":0.0,"event_name":"Scrap Ooze","player_choice":"Success","floor":4.0,"gold_loss":0.0,"damage_taken":11.0,"relics_obtained":["PreservedInsect"]},{"damage_healed":0.0,"max_hp_gain":0.0,"max_hp_loss":0.0,"gold_gain":0.0,"event_name":"WeMeetAgain","player_choice":"Gave Potion","floor":10.0,"gold_loss":0.0,"damage_taken":0.0,"relics_obtained":["MawBank"]},{"damage_healed":0.0,"max_hp_gain":0.0,"max_hp_loss":0.0,"gold_gain":0.0,"event_name":"Cursed Tome","player_choice":"Obtained Book","floor":22.0,"gold_loss":0.0,"damage_taken":21.0},{"cards_removed":["Strike_R"],"damage_healed":0,"gold_gain":0,"player_choice":"Elegance","damage_taken":0,"max_hp_gain":0,"max_hp_loss":0,"event_name":"Back to Basics","floor":30,"gold_loss":0},{"damage_healed":0,"gold_gain":50,"player_choice":"Stole From Cult","damage_taken":0,"max_hp_gain":0,"max_hp_loss":0,"event_name":"Nest","floor":31,"gold_loss":0},{"damage_healed":0,"gold_gain":0,"player_choice":"2 cards matched","damage_taken":0,"max_hp_gain":0,"max_hp_loss":0,"event_name":"Match and Keep!","floor":38,"gold_loss":0,"cards_obtained":["Warcry","Exhume"]}],"is_beta":false,"boss_relics":[{"not_picked":["Cursed Key","Calling Bell"],"picked":"Mark of Pain"},{"not_picked":["Lizard Tail","Black Blood"],"picked":"Astrolabe"}],"items_purged_floors":[19,37,48],"is_endless":false,"potions_floor_spawned":[2,3,5,7,18,20,25,33,36,42],"killed_by":"Donu and Deca","ascension_level":20}