{"gold_per_floor":[211,227,128,144,156,156,171,182,182,39,52,67,67,77,77,151,151,169,169,169],"floor_reached":20,"playtime":871,"items_purged":[],"score":340,"play_id":"2cf7cf04-cda1-4b3c-8401-f1b77961f0cc","local_time":"20190720035106","is_ascension_mode":true,"campfire_choices":[{"data":"Enlightenment","floor":6,"key":"SMITH"},{"floor":15,"key":"REST"}],"neow_cost":"NONE","seed_source_timestamp":2468988162313738,"circlet_count":0,"master_deck":["AscendersBane","Strike_R","Strike_R","Strike_R","Strike_R","Strike_R","Defend_R","Defend_R","Defend_R","Defend_R","Bash","Dropkick","Clothesline","Enlightenment+1","Shrug It Off","Armaments","Shrug It Off","Thunderclap","Perfected Strike","Uppercut","Feed","Cleave","Feel No Pain"],"relics":["Burning Blood","Ornamental Fan","Velvet Choker"],"potions_floor_usage":[16,16,20],"damage_taken":[{"damage":7,"enemies":"Cultist","floor":1,"turns":4},{"damage":7,"enemies":"2 Louse","floor":2,"turns":3},{"damage":9,"enemies":"Jaw Worm","floor":4,"turns":3},{"damage":14,"enemies":"Exordium Wildlife","floor":5,"turns":5},{"damage":18,"enemies":"3 Louse","floor":7,"turns":4},{"damage":20,"enemies":"Large Slime","floor":8,"turns":7},{"damage":19,"enemies":"Lots of Slimes","floor":11,"turns":8},{"damage":6,"enemies":"Looter","floor":12,"turns":3},{"damage":0,"enemies":"2 Fungi Beasts","floor":14,"turns":3},{"damage":34,"enemies":"Hexaghost","floor":16,"turns":12},{"damage":34,"enemies":"Chosen","floor":18,"turns":6},{"damage":51,"enemies":"3 Byrds","floor":20,"turns":8}],"seed_played":"7833794463620999789","potions_obtained":[{"floor":4,"key":"Dexterity Potion"},{"floor":5,"key":"LiquidBronze"},{"floor":8,"key":"Strength Potion"},{"floor":16,"key":"Regen Potion"}],"is_trial":false,"path_per_floor":["M","M","$","M","M","R","M","M","T","$","M","M","$","M","R","B",null,"M","?","M"],"character_chosen":"IRONCLAD","items_purchased":["Enlightenment","Dropkick","Shrug It Off"],"campfire_rested":1,"item_purchase_floors":[3,10,10],"current_hp_per_floor":[67,66,66,63,55,55,43,29,29,29,16,16,16,22,44,16,60,35,35,0],"gold":169,"neow_bonus":"HUNDRED_GOLD","is_prod":false,"is_daily":false,"chose_seed":false,"campfire_upgraded":1,"win_rate":0,"timestamp":1563587466,"path_taken":["M","?","$","?","M","R","M","M","T","$","M","M","?","M","R","BOSS","M","?","M"],"build_version":"2019-07-17","purchased_purges":0,"victory":false,"max_hp_per_floor":[75,75,75,75,75,75,75,75,75,75,75,75,75,75,75,75,75,78,78,78],"card_choices":[{"not_picked":["Iron Wave","Dual Wield"],"picked":"Dropkick","floor":1},{"not_picked":["Anger","Perfected Strike"],"picked":"Clothesline","floor":2},{"not_picked":["Body Slam","Corruption"],"picked":"Shrug It Off","floor":4},{"not_picked":["Rupture","Wild Strike","Warcry"],"picked":"SKIP","floor":5},{"not_picked":["Anger","Sentinel","Pommel Strike"],"picked":"SKIP","floor":7},{"not_picked":["Exhume","Sever Soul"],"picked":"Armaments","floor":8},{"not_picked":["Twin Strike","Burning Pact"],"picked":"Thunderclap","floor":11},{"not_picked":["Feel No Pain","Pommel Strike"],"picked":"Perfected Strike","floor":12},{"not_picked":["Clothesline","Iron Wave"],"picked":"Uppercut","floor":14},{"not_picked":["Double Tap","Fiend Fire"],"picked":"Feed","floor":16},{"not_picked":["Body Slam+1","Feel No Pain"],"picked":"Cleave","floor":18}],"player_experience":512715,"relics_obtained":[{"floor":9,"key":"Ornamental Fan"}],"event_choices":[{"damage_healed":0,"gold_gain":0,"cards_transformed":["Dropkick"],"player_choice":"Transformed","damage_taken":0,"max_hp_gain":0,"max_hp_loss":0,"event_name":"Transmorgrifier","floor":19,"gold_loss":0,"cards_obtained":["Feel No Pain"]}],"is_beta":false,"boss_relics":[{"not_picked":["Calling Bell","White Beast Statue"],"picked":"Velvet Choker"}],"items_purged_floors":[],"is_endless":false,"potions_floor_spawned":[4,5,8,11,16],"killed_by":"3 Byrds","ascension_level":20}