{"gold_per_floor":[15,35,50,66,80,80,155,155,155,174,186,186,202,236,236,310,310,326,241,254,254],"floor_reached":21,"playtime":512,"items_purged":[],"score":370,"play_id":"0a9bf9dc-87fb-4d87-8e1b-e16a8c4d5329","local_time":"20190630232602","is_ascension_mode":true,"campfire_choices":[{"data":"Whirlwind","floor":6,"key":"SMITH"},{"data":"Combust","floor":8,"key":"SMITH"},{"floor":15,"key":"REST"}],"neow_cost":"NO_GOLD","seed_source_timestamp":1053922450611400,"circlet_count":0,"master_deck":["AscendersBane","Strike_R","Strike_R","Strike_R","Defend_R","Defend_R","Defend_R","Defend_R","Bash","Combust+1","Blood for Blood","Carnage","Whirlwind+1","Flex","Hemokinesis+1","Feed","Feed","Immolate","Feel No Pain","Corruption"],"relics":["Burning Blood","Kunai","Question Card","Eternal Feather","Meat on the Bone"],"potions_floor_usage":[1,4,5,14,18,21],"damage_taken":[{"damage":31,"enemies":"Jaw Worm","floor":1,"turns":9},{"damage":9,"enemies":"2 Louse","floor":2,"turns":4},{"damage":3,"enemies":"Cultist","floor":3,"turns":4},{"damage":9,"enemies":"Red Slaver","floor":4,"turns":3},{"damage":2,"enemies":"Exordium Wildlife","floor":5,"turns":4},{"damage":12,"enemies":"Exordium Thugs","floor":10,"turns":3},{"damage":12,"enemies":"Blue Slaver","floor":11,"turns":5},{"damage":1,"enemies":"Exordium Wildlife","floor":13,"turns":3},{"damage":27,"enemies":"Lagavulin","floor":14,"turns":5},{"damage":17,"enemies":"Slime Boss","floor":16,"turns":7},{"damage":31,"enemies":"2 Thieves","floor":18,"turns":4},{"damage":56,"enemies":"Shell Parasite","floor":20,"turns":6},{"damage":34,"enemies":"Colosseum Slavers","floor":21,"turns":2}],"seed_played":"-4832275511805094545","potions_obtained":[{"floor":1,"key":"Fruit Juice"},{"floor":3,"key":"Fire Potion"},{"floor":4,"key":"EssenceOfSteel"},{"floor":11,"key":"LiquidBronze"},{"floor":14,"key":"SpeedPotion"},{"floor":16,"key":"Regen Potion"},{"floor":20,"key":"BloodPotion"}],"is_trial":false,"path_per_floor":["M","M","M","M","M","R","?","R","T","M","M","?","M","E","R","B",null,"M","?","M","?"],"character_chosen":"IRONCLAD","items_purchased":[],"campfire_rested":1,"item_purchase_floors":[],"current_hp_per_floor":[48,45,48,45,49,49,38,38,38,32,26,26,31,13,37,29,72,62,62,24,0],"gold":254,"neow_bonus":"REMOVE_TWO","is_prod":false,"is_daily":false,"chose_seed":false,"campfire_upgraded":2,"win_rate":0,"timestamp":1561904762,"path_taken":["M","M","M","M","M","R","?","R","T","M","M","?","?","E","R","BOSS","M","?","M","?"],"build_version":"2019-01-23","purchased_purges":0,"victory":false,"max_hp_per_floor":[80,80,80,80,80,80,80,80,80,80,80,80,80,83,83,86,86,89,89,89,89],"card_choices":[{"not_picked":["Pommel Strike","Perfected Strike"],"picked":"Combust","floor":1},{"not_picked":["Flex","Twin Strike"],"picked":"Blood for Blood","floor":2},{"not_picked":["Warcry","Flex"],"picked":"Carnage","floor":3},{"not_picked":["Sword Boomerang","Reckless Charge"],"picked":"Whirlwind","floor":4},{"not_picked":["Thunderclap","Clothesline","Body Slam"],"picked":"SKIP","floor":5},{"not_picked":["Ghostly Armor","Headbutt"],"picked":"Flex","floor":10},{"not_picked":["Thunderclap","Clothesline"],"picked":"Hemokinesis","floor":11},{"not_picked":["Metallicize","Iron Wave"],"picked":"Feed","floor":13},{"not_picked":["Wild Strike","Ghostly Armor"],"picked":"Feed","floor":14},{"not_picked":["Demon Form","Feed","Dark Embrace"],"picked":"Immolate","floor":16},{"not_picked":["Carnage+1","Headbutt","Perfected Strike"],"picked":"Feel No Pain","floor":18},{"not_picked":["Flex","Anger","Searing Blow"],"picked":"Corruption","floor":20}],"player_experience":5531988,"relics_obtained":[{"floor":9,"key":"Kunai"},{"floor":14,"key":"Question Card"}],"event_choices":[{"damage_healed":0,"gold_gain":75,"player_choice":"Gather Gold","damage_taken":11,"max_hp_gain":0,"max_hp_loss":0,"event_name":"World of Goop","floor":7,"gold_loss":0},{"damage_healed":0,"gold_gain":0,"player_choice":"Forge","damage_taken":0,"max_hp_gain":0,"max_hp_loss":0,"event_name":"Accursed Blacksmith","floor":12,"gold_loss":0,"cards_upgraded":["Hemokinesis"]},{"damage_healed":0,"gold_gain":0,"player_choice":"Obtained Relic","damage_taken":0,"relics_obtained":["Meat on the Bone"],"max_hp_gain":0,"max_hp_loss":0,"event_name":"Addict","floor":19,"gold_loss":85},{"damage_healed":0,"gold_gain":0,"player_choice":"Fight","damage_taken":0,"max_hp_gain":0,"max_hp_loss":0,"event_name":"Colosseum","floor":21,"gold_loss":0}],"is_beta":false,"boss_relics":[{"not_picked":["Runic Cube","Calling Bell"],"picked":"Eternal Feather"}],"items_purged_floors":[],"is_endless":false,"potions_floor_spawned":[1,3,4,11,14,16,20],"killed_by":"Colosseum Slavers","ascension_level":20}