{"gold_per_floor":[114,133,133,148,163,163,175,175,175,175,209,221,252,279,291,380,392,420,432],"floor_reached":19,"playtime":607,"items_purged":[],"score":342,"play_id":"058413b4-7b29-4378-b845-b94ca43e93d9","local_time":"20190720011438","is_ascension_mode":true,"campfire_choices":[{"data":"Armaments","floor":6,"key":"SMITH"},{"data":"Bash","floor":8,"key":"SMITH"},{"floor":15,"key":"REST"}],"neow_cost":"TEN_PERCENT_HP_LOSS","seed_source_timestamp":2459863210276460,"circlet_count":0,"master_deck":["AscendersBane","Strike_R","Strike_R","Strike_R","Defend_R+1","Defend_R","Defend_R","Defend_R+1","Bash+1","Immolate+1","Second Wind","Armaments+1","Battle Trance","Spot Weakness","Seeing Red","Sword Boomerang","Feed"],"relics":["Burning Blood","Ancient Tea Set","MawBank","Empty Cage"],"potions_floor_usage":[7,11,16],"damage_taken":[{"damage":1,"enemies":"Cultist","floor":1,"turns":3},{"damage":10,"enemies":"Small Slimes","floor":2,"turns":4},{"damage":0,"enemies":"Jaw Worm","floor":4,"turns":3},{"damage":13,"enemies":"Blue Slaver","floor":5,"turns":6},{"damage":1,"enemies":"Red Slaver","floor":7,"turns":6},{"damage":64,"enemies":"Gremlin Nob","floor":11,"turns":5},{"damage":1,"enemies":"2 Fungi Beasts","floor":13,"turns":5},{"damage":5,"enemies":"Exordium Thugs","floor":14,"turns":3},{"damage":15,"enemies":"Hexaghost","floor":16,"turns":8},{"damage":17,"enemies":"2 Thieves","floor":18,"turns":2},{"damage":48,"enemies":"3 Byrds","floor":19,"turns":5}],"seed_played":"8781879883559784267","potions_obtained":[{"floor":5,"key":"BloodPotion"},{"floor":7,"key":"Swift Potion"},{"floor":14,"key":"Weak Potion"},{"floor":18,"key":"EssenceOfSteel"}],"is_trial":false,"path_per_floor":["M","M","?","M","M","R","M","R","T","?","E","$","M","M","R","B",null,"M","M"],"character_chosen":"IRONCLAD","items_purchased":[],"campfire_rested":1,"item_purchase_floors":[],"current_hp_per_floor":[68,64,44,50,43,43,65,65,65,65,7,7,12,13,33,24,57,46,0],"gold":432,"neow_bonus":"THREE_RARE_CARDS","is_prod":false,"is_daily":false,"chose_seed":false,"campfire_upgraded":2,"win_rate":0,"timestamp":1563578078,"path_taken":["M","?","?","M","M","R","M","R","T","?","E","?","?","M","R","BOSS","M","M"],"build_version":"2019-07-17","purchased_purges":0,"victory":false,"max_hp_per_floor":[68,68,68,68,68,68,68,68,68,68,68,68,68,68,68,68,68,68,68],"card_choices":[{"not_picked":["Exhume","Double Tap"],"picked":"Immolate","floor":0},{"not_picked":["Headbutt","Wild Strike","Havoc"],"picked":"SKIP","floor":1},{"not_picked":["Headbutt","Bloodletting"],"picked":"Second Wind","floor":2},{"not_picked":["Clothesline","Iron Wave","Clash"],"picked":"SKIP","floor":4},{"not_picked":["Ghostly Armor","Iron Wave"],"picked":"Armaments","floor":5},{"not_picked":["Iron Wave","Anger"],"picked":"Battle Trance","floor":7},{"not_picked":["Warcry","Second Wind"],"picked":"Spot Weakness","floor":11},{"not_picked":["Dual Wield","Corruption"],"picked":"Seeing Red","floor":13},{"not_picked":["Clash","Clothesline"],"picked":"Sword Boomerang","floor":14},{"not_picked":["Reaper","Fiend Fire"],"picked":"Feed","floor":16},{"not_picked":["Pommel Strike","Sword Boomerang","Uppercut"],"picked":"SKIP","floor":18}],"player_experience":503742,"relics_obtained":[{"floor":9,"key":"Ancient Tea Set"},{"floor":11,"key":"MawBank"}],"event_choices":[{"damage_healed":0,"gold_gain":0,"player_choice":"Entered Light","damage_taken":20,"max_hp_gain":0,"max_hp_loss":0,"event_name":"Shining Light","floor":3,"gold_loss":0,"cards_upgraded":["Defend_R","Defend_R"]},{"damage_healed":0,"gold_gain":0,"player_choice":"Grow","damage_taken":0,"max_hp_gain":0,"max_hp_loss":0,"event_name":"Living Wall","floor":10,"gold_loss":0,"cards_upgraded":["Immolate"]}],"is_beta":false,"boss_relics":[{"not_picked":["Pandora\u0027s Box","Coffee Dripper"],"picked":"Empty Cage"}],"items_purged_floors":[],"is_endless":false,"potions_floor_spawned":[5,7,14,18],"killed_by":"3 Byrds","ascension_level":20}