{"gold_per_floor":[112,287,287,302,316,355,355,380,380,401,414,428,442,57,57,177,177,195,236,236,45,45,81,81,81,163,163,183,217,238,256,256,380,380,401,419,48,73,97,97,319,332,332,332,363,363,382,395,395,395],"floor_reached":51,"playtime":7605,"items_purged":["Defend_B","Defend_B"],"score":748,"play_id":"655bf179-e626-49ee-ba54-bcf920b9b3b1","local_time":"20190718205518","is_ascension_mode":false,"campfire_choices":[{"floor":7.0,"key":"REST"},{"floor":15.0,"key":"REST"},{"data":"Glacier","floor":24,"key":"SMITH"},{"data":"RitualDagger","floor":27,"key":"SMITH"},{"data":"Creative AI","floor":32,"key":"SMITH"},{"data":"White Noise","floor":40,"key":"SMITH"},{"data":"Heatsinks","floor":46,"key":"SMITH"},{"data":"White Noise","floor":49,"key":"SMITH"}],"neow_cost":"CURSE","seed_source_timestamp":0,"circlet_count":0,"master_deck":["Strike_B","Strike_B","Strike_B","Strike_B","Defend_B","Defend_B","Zap","Dualcast","Clumsy","Chill","Doubt","Injury","Streamline","Chill","Glacier","Go for the Eyes","Go for the Eyes","Gash","Creative AI+1","Cold Snap+1","Storm","RitualDagger+1","Glacier+1","Electrodynamics","White Noise+1","Hello World","Seek","Blizzard+1","White Noise+1","Heatsinks+1","Recycle+1","Parasite","Sunder+1"],"special_seed":0,"relics":["Cracked Core","Du-Vu Doll","Golden Idol","Bottled Flame","Darkstone Periapt","Bird Faced Urn","Sozu","Red Mask","Toolbox","Mummified Hand","Question Card","Vajra","Inserter","ClockworkSouvenir","Molten Egg 2","Oddly Smooth Stone"],"potions_floor_usage":[50],"damage_taken":[{"damage":6.0,"enemies":"Jaw Worm","floor":1.0,"turns":3.0},{"damage":2.0,"enemies":"2 Louse","floor":4.0,"turns":2.0},{"damage":0.0,"enemies":"Small Slimes","floor":5.0,"turns":2.0},{"damage":46.0,"enemies":"Lagavulin","floor":6.0,"turns":6.0},{"damage":0.0,"enemies":"3 Louse","floor":8.0,"turns":3.0},{"damage":7.0,"enemies":"Gremlin Gang","floor":10.0,"turns":5.0},{"damage":0.0,"enemies":"Blue Slaver","floor":11.0,"turns":5.0},{"damage":10.0,"enemies":"Looter","floor":12.0,"turns":2.0},{"damage":11.0,"enemies":"2 Fungi Beasts","floor":13.0,"turns":3.0},{"damage":2.0,"enemies":"Slime Boss","floor":16.0,"turns":7.0},{"damage":0,"enemies":"3 Byrds","floor":18,"turns":7},{"damage":24,"enemies":"Masked Bandits","floor":19,"turns":6},{"damage":30,"enemies":"Book of Stabbing","floor":23,"turns":7},{"damage":1,"enemies":"Spheric Guardian","floor":28,"turns":4},{"damage":47,"enemies":"Gremlin Leader","floor":29,"turns":9},{"damage":15,"enemies":"Snecko","floor":30,"turns":3},{"damage":5,"enemies":"Shelled Parasite and Fungi","floor":31,"turns":6},{"damage":1,"enemies":"Collector","floor":33,"turns":6},{"damage":0,"enemies":"3 Shapes","floor":35,"turns":3},{"damage":8,"enemies":"Orb Walker","floor":36,"turns":4},{"damage":0,"enemies":"3 Darklings","floor":38,"turns":5},{"damage":4,"enemies":"Jaw Worm Horde","floor":39,"turns":5},{"damage":2,"enemies":"Transient","floor":42,"turns":5},{"damage":0,"enemies":"Giant Head","floor":45,"turns":6},{"damage":24,"enemies":"Writhing Mass","floor":47,"turns":3},{"damage":0,"enemies":"Spire Growth","floor":48,"turns":3},{"damage":28,"enemies":"Donu and Deca","floor":50,"turns":6}],"seed_played":"3058263426646228202","potions_obtained":[{"floor":1.0,"key":"SkillPotion"},{"floor":6.0,"key":"Strength Potion"},{"floor":8.0,"key":"FocusPotion"},{"floor":10.0,"key":"Poison Potion"},{"floor":16.0,"key":"FearPotion"}],"is_trial":false,"path_per_floor":["M","?","?","M","M","E","R","M","T","M","M","M","M","$","R","B",null,"M","?","?","$","?","E","R","?","T","R","M","E","M","M","R","B",null,"M","M","$","M","M","R","?","M","T","?","E","R","M","M","R","B",null],"character_chosen":"DEFECT","items_purchased":["Bird Faced Urn","Toolbox","ClockworkSouvenir","White Noise"],"campfire_rested":2,"item_purchase_floors":[14,21,37,37],"current_hp_per_floor":[69,69,69,67,67,21,43,43,43,36,36,26,15,15,37,37,75,75,59,53,53,53,29,29,85,85,85,85,48,37,42,42,61,85,85,85,85,85,85,85,85,85,85,85,85,85,79,91,91,83],"gold":395,"neow_bonus":"ONE_RARE_RELIC","is_prod":false,"is_daily":false,"chose_seed":false,"campfire_upgraded":6,"win_rate":0.0,"timestamp":1563501318,"path_taken":["M","?","?","M","M","E","R","M","T","M","M","M","M","$","R","BOSS","M","?","?","$","?","E","R","?","T","R","M","E","?","M","R","BOSS","M","M","$","M","M","R","?","M","T","?","E","R","M","M","R","BOSS"],"build_version":"2019-07-17","purchased_purges":2,"victory":true,"max_hp_per_floor":[75,75,75,75,75,75,75,75,75,75,75,75,75,75,75,75,75,75,75,75,75,75,75,75,85,85,85,85,85,85,85,85,85,85,85,85,85,85,85,85,85,85,85,85,85,85,91,91,91,91],"card_choices":[{"not_picked":["Skim","Beam Cell"],"picked":"Chill","floor":1.0},{"not_picked":["Turbo","Sweeping Beam"],"picked":"Streamline","floor":4.0},{"not_picked":["Compile Driver","Coolheaded"],"picked":"Chill","floor":5.0},{"not_picked":["Lockon","Coolheaded"],"picked":"Glacier","floor":6.0},{"not_picked":["Conserve Battery","Hologram"],"picked":"Echo Form","floor":8.0},{"not_picked":["Conserve Battery","Hello World"],"picked":"Go for the Eyes","floor":10.0},{"not_picked":["Barrage","Undo","Redo"],"picked":"SKIP","floor":11.0},{"not_picked":["Storm","Static Discharge"],"picked":"Go for the Eyes","floor":12.0},{"not_picked":["Rebound","Compile Driver"],"picked":"Gash","floor":13.0},{"not_picked":["Electrodynamics","Rainbow"],"picked":"Creative AI","floor":16.0},{"not_picked":["Doom and Gloom","Beam Cell"],"picked":"Cold Snap+1","floor":18},{"not_picked":["Fusion+1","Beam Cell"],"picked":"Storm","floor":19},{"not_picked":["Doom and Gloom","Cold Snap"],"picked":"Glacier","floor":23},{"not_picked":["Rebound","Hologram","Steam","Leap"],"picked":"SKIP","floor":28},{"not_picked":["Turbo+1","Reinforced Body","Undo"],"picked":"Electrodynamics","floor":29},{"not_picked":["Redo","Conserve Battery","Ball Lightning+1"],"picked":"White Noise","floor":30},{"not_picked":["Glacier","Compile Driver+1","Turbo"],"picked":"Hello World","floor":31},{"not_picked":["Echo Form","Multi-Cast","Core Surge"],"picked":"Seek","floor":33},{"not_picked":["Go for the Eyes+1","Leap","Ball Lightning","Rebound"],"picked":"SKIP","floor":35},{"not_picked":["Capacitor+1","Compile Driver+1","Rebound+1"],"picked":"Blizzard+1","floor":36},{"not_picked":["Steam","Melter","Conserve Battery","Glacier"],"picked":"SKIP","floor":38},{"not_picked":["Hologram+1","Echo Form","Loop+1","Turbo"],"picked":"SKIP","floor":39},{"not_picked":["Cold Snap","Leap+1","Sweeping Beam"],"picked":"Heatsinks","floor":42},{"not_picked":["Glacier+1","Compile Driver+1","Multi-Cast"],"picked":"Recycle+1","floor":45},{"not_picked":["Stack","Streamline+1","Turbo+1","Hologram+1"],"picked":"SKIP","floor":47},{"not_picked":["Ball Lightning+1","Sweeping Beam+1","Cold Snap+1"],"picked":"Sunder+1","floor":48}],"player_experience":83643,"relics_obtained":[{"floor":6.0,"key":"Bottled Flame"},{"floor":9.0,"key":"Darkstone Periapt"},{"floor":19,"key":"Red Mask"},{"floor":23,"key":"Mummified Hand"},{"floor":26,"key":"Question Card"},{"floor":29,"key":"Vajra"},{"floor":43,"key":"Molten Egg 2"},{"floor":45,"key":"Oddly Smooth Stone"}],"event_choices":[{"damage_healed":0.0,"max_hp_gain":0.0,"max_hp_loss":0.0,"gold_gain":175.0,"event_name":"Liars Game","player_choice":"AGREE","floor":2.0,"gold_loss":0.0,"damage_taken":0.0,"cards_obtained":["Doubt"]},{"damage_healed":0.0,"max_hp_gain":0.0,"max_hp_loss":0.0,"gold_gain":0.0,"event_name":"Golden Idol","player_choice":"Take Wound","floor":3.0,"gold_loss":0.0,"damage_taken":0.0,"relics_obtained":["Golden Idol"],"cards_obtained":["Injury"]},{"damage_healed":0,"gold_gain":0,"player_choice":"Fought Bandits","damage_taken":0,"max_hp_gain":0,"max_hp_loss":0,"event_name":"Masked Bandits","floor":19,"gold_loss":0},{"damage_healed":0,"gold_gain":0,"player_choice":"Joined the Cult","damage_taken":6,"max_hp_gain":0,"max_hp_loss":0,"event_name":"Nest","floor":20,"gold_loss":0,"cards_obtained":["RitualDagger"]},{"damage_healed":0,"gold_gain":0,"player_choice":"Ignored","damage_taken":0,"max_hp_gain":0,"max_hp_loss":0,"event_name":"Ghosts","floor":22,"gold_loss":0},{"cards_removed":["Echo Form"],"damage_healed":46,"gold_gain":0,"player_choice":"Offered Rare","damage_taken":0,"max_hp_gain":10,"max_hp_loss":0,"event_name":"Bonfire Elementals","floor":25,"gold_loss":0},{"damage_healed":0,"gold_gain":222,"player_choice":"Wore Mask","damage_taken":0,"max_hp_gain":0,"max_hp_loss":0,"event_name":"Tomb of Lord Red Mask","floor":41,"gold_loss":0},{"damage_healed":0,"gold_gain":0,"player_choice":"Ignored","damage_taken":0,"max_hp_gain":0,"max_hp_loss":0,"event_name":"The Moai Head","floor":44,"gold_loss":0}],"is_beta":false,"boss_relics":[{"not_picked":["FrozenCore","Lizard Tail"],"picked":"Sozu"},{"not_picked":["Runic Dome","Snecko Eye"],"picked":"Inserter"}],"items_purged_floors":[14,37],"is_endless":false,"potions_floor_spawned":[1,6,8,10,16,23,28,29,35,38,42,48],"ascension_level":0}