{"gold_per_floor":[116,133,146,119,133,133,164,176,476,476,476,507,507,521,521,521],"floor_reached":16,"playtime":346,"items_purged":[],"score":228,"play_id":"e9e25807-b850-4192-928f-301fd6a834bb","local_time":"20190513023946","is_ascension_mode":true,"campfire_choices":[{"data":"Rampage","floor":6,"key":"SMITH"},{"floor":10,"key":"REST"},{"floor":13,"key":"REST"},{"data":"Bludgeon","floor":15,"key":"SMITH"}],"neow_cost":"NONE","seed_source_timestamp":635920454208800,"circlet_count":0,"master_deck":["AscendersBane","Strike_R","Strike_R+1","Strike_R","Strike_R","Strike_R","Defend_R","Defend_R","Defend_R","Defend_R","Bash+1","Clothesline+1","Seeing Red","Rampage+1","Pommel Strike","Battle Trance","Havoc","Bludgeon+1","Second Wind"],"relics":["Burning Blood","Whetstone","Old Coin","Golden Idol","Matryoshka"],"potions_floor_usage":[4,8,16],"damage_taken":[{"damage":12,"enemies":"Jaw Worm","floor":1,"turns":3},{"damage":2,"enemies":"2 Louse","floor":2,"turns":3},{"damage":1,"enemies":"Small Slimes","floor":3,"turns":3},{"damage":10,"enemies":"Exordium Thugs","floor":4,"turns":4},{"damage":12,"enemies":"Looter","floor":5,"turns":3},{"damage":48,"enemies":"Gremlin Nob","floor":7,"turns":5},{"damage":18,"enemies":"Large Slime","floor":8,"turns":5},{"damage":25,"enemies":"Lagavulin","floor":12,"turns":6},{"damage":9,"enemies":"Exordium Wildlife","floor":14,"turns":4},{"damage":27,"enemies":"Slime Boss","floor":16,"turns":7}],"seed_played":"-1563074209994359537","potions_obtained":[{"floor":2,"key":"EssenceOfSteel"},{"floor":7,"key":"Weak Potion"},{"floor":14,"key":"AttackPotion"}],"is_trial":false,"path_per_floor":["M","M","M","M","M","R","E","M","T","R","?","E","R","M","R","B"],"character_chosen":"IRONCLAD","items_purchased":[],"campfire_rested":2,"item_purchase_floors":[],"current_hp_per_floor":[62,66,71,67,61,61,19,7,7,29,29,10,30,27,27,0],"gold":521,"neow_bonus":"UPGRADE_CARD","is_prod":false,"is_daily":false,"chose_seed":false,"campfire_upgraded":2,"win_rate":0,"timestamp":1557682786,"path_taken":["M","M","M","M","M","R","E","M","T","R","?","E","R","M","R","BOSS"],"build_version":"2019-01-23","purchased_purges":0,"victory":false,"max_hp_per_floor":[75,75,75,75,75,75,75,75,75,75,68,68,68,68,68,68],"card_choices":[{"not_picked":["Pommel Strike","Thunderclap"],"picked":"Clothesline","floor":1},{"not_picked":["Searing Blow","Shockwave"],"picked":"Seeing Red","floor":2},{"not_picked":["Flame Barrier","Wild Strike"],"picked":"Rampage","floor":3},{"not_picked":["Flex","Heavy Blade"],"picked":"Pommel Strike","floor":4},{"not_picked":["Thunderclap","Reckless Charge"],"picked":"Battle Trance","floor":5},{"not_picked":["Cleave","Exhume"],"picked":"Havoc","floor":7},{"not_picked":["Twin Strike","Sever Soul","Combust"],"picked":"SKIP","floor":8},{"not_picked":["Dual Wield","Pummel"],"picked":"Bludgeon","floor":12},{"not_picked":["Second Wind","Thunderclap","Heavy Blade"],"picked":"SKIP","floor":14},{"not_picked":["Thunderclap","Heavy Blade"],"picked":"Second Wind","floor":14}],"player_experience":5009067,"relics_obtained":[{"floor":7,"key":"Whetstone"},{"floor":9,"key":"Old Coin"},{"floor":12,"key":"Matryoshka"}],"event_choices":[{"damage_healed":0,"gold_gain":0,"player_choice":"Lose Max HP","damage_taken":0,"relics_obtained":["Golden Idol"],"max_hp_gain":0,"max_hp_loss":7,"event_name":"Golden Idol","floor":11,"gold_loss":0}],"is_beta":false,"boss_relics":[],"items_purged_floors":[],"is_endless":false,"potions_floor_spawned":[2,7,14],"killed_by":"Slime Boss","ascension_level":20}