{"gold_per_floor":[115,115,131,50,50,85,85,97,144,144],"floor_reached":10,"playtime":253,"items_purged":[],"score":112,"play_id":"2191a2c3-fccb-42d3-b7e8-2bfc860fe38c","local_time":"20190713205903","is_ascension_mode":true,"campfire_choices":[{"floor":7,"key":"REST"}],"neow_cost":"NONE","seed_source_timestamp":1930076548271823,"circlet_count":0,"master_deck":["AscendersBane","Strike_R","Strike_R","Strike_R","Strike_R","Strike_R","Defend_R","Defend_R","Defend_R","Defend_R","Bash+1","Whirlwind","Seeing Red","Double Tap","Shrug It Off","Sword Boomerang"],"relics":["Burning Blood","Art of War","Bag of Preparation","Dream Catcher"],"potions_floor_usage":[1],"damage_taken":[{"damage":1,"enemies":"2 Louse","floor":1,"turns":3},{"damage":6,"enemies":"Cultist","floor":3,"turns":4},{"damage":45,"enemies":"Lagavulin","floor":6,"turns":7},{"damage":0,"enemies":"Small Slimes","floor":8,"turns":3},{"damage":78,"enemies":"Lagavulin Event","floor":10,"turns":8}],"seed_played":"1570937943090153146","potions_obtained":[{"floor":1,"key":"Fruit Juice"}],"is_trial":false,"path_per_floor":["M","?","M","$","?","E","R","M","T","?"],"character_chosen":"IRONCLAD","items_purchased":["Double Tap"],"campfire_rested":1,"item_purchase_floors":[4],"current_hp_per_floor":[78,78,78,78,78,39,63,69,69,0],"gold":144,"neow_bonus":"UPGRADE_CARD","is_prod":false,"is_daily":false,"chose_seed":false,"campfire_upgraded":0,"win_rate":0,"timestamp":1563047943,"path_taken":["M","?","?","$","?","E","R","M","T","?"],"build_version":"2019-07-05","purchased_purges":0,"victory":false,"max_hp_per_floor":[80,80,80,80,80,80,80,80,80,80],"card_choices":[{"not_picked":["Corruption","Twin Strike"],"picked":"Whirlwind","floor":1},{"not_picked":["Dual Wield","Thunderclap"],"picked":"Seeing Red","floor":3},{"not_picked":["Seeing Red","Rage"],"picked":"Shrug It Off","floor":6},{"not_picked":["Twin Strike","Clash"],"picked":"Sword Boomerang","floor":8}],"player_experience":404914,"relics_obtained":[{"floor":2,"key":"Art of War"},{"floor":6,"key":"Bag of Preparation"},{"floor":9,"key":"Dream Catcher"}],"event_choices":[{"damage_healed":0,"gold_gain":0,"player_choice":"Relic","damage_taken":0,"max_hp_gain":0,"max_hp_loss":0,"event_name":"Wheel of Change","floor":2,"gold_loss":0},{"damage_healed":0,"gold_gain":0,"player_choice":"Leave","damage_taken":0,"max_hp_gain":0,"max_hp_loss":0,"event_name":"The Cleric","floor":5,"gold_loss":0},{"damage_healed":0,"gold_gain":0,"player_choice":"Searched \u00271\u0027 times","damage_taken":0,"max_hp_gain":0,"max_hp_loss":0,"event_name":"Dead Adventurer","floor":10,"gold_loss":0}],"is_beta":false,"boss_relics":[],"items_purged_floors":[],"is_endless":false,"potions_floor_spawned":[1],"killed_by":"Lagavulin Event","ascension_level":14}