{"gold_per_floor":[215,229,34,47,59,59,93,93,93,93,126,146,177,187,187,263,263,278,293,293,243,158,158,12,12,12,12,25,35,65,65,65,139,139,153,172,132,147,32,32,32,42,96,96,96,168,168,194,194,194],"floor_reached":51,"playtime":1432,"items_purged":[],"score":1210,"play_id":"d4fd5ca2-9411-4b20-ad7c-ad35e9ef3c1d","local_time":"20190712023914","is_ascension_mode":true,"campfire_choices":[{"data":"Armaments","floor":6.0,"key":"SMITH"},{"data":"Bash","floor":8.0,"key":"SMITH"},{"data":"Perfected Strike","floor":15.0,"key":"SMITH"},{"data":"Limit Break","floor":23.0,"key":"SMITH"},{"data":"Whirlwind","floor":27.0,"key":"SMITH"},{"data":"Demon Form","floor":32.0,"key":"SMITH"},{"data":"Perfected Strike","floor":40,"key":"SMITH"},{"floor":44,"key":"REST"},{"floor":49,"key":"REST"}],"neow_cost":"NONE","seed_source_timestamp":1776458237516336,"circlet_count":0,"master_deck":["AscendersBane","Strike_R+1","Strike_R+1","Strike_R+1","Strike_R+1","Strike_R+1","Defend_R+1","Defend_R+1","Defend_R+1","Defend_R+1","Bash+1","Pummel","Armaments+1","Perfected Strike+1","Pommel Strike","Limit Break+1","Shockwave+1","Whirlwind+1","Flex+1","Demon Form+1","Thunderclap","Dropkick","Perfected Strike+1","Feed","Spot Weakness","Thunderclap+1","Wild Strike+1","Burning Pact+1","Second Wind","Limit Break+1"],"special_seed":0,"relics":["Burning Blood","Orichalcum","Happy Flower","Meat on the Bone","Mango","Bag of Marbles","Bag of Preparation","Busted Crown","Nilry\u0027s Codex","Sundial","Pen Nib","Molten Egg 2","Smiling Mask","Snecko Eye","Tiny Chest","Potion Belt","Paper Frog","PreservedInsect"],"potions_floor_usage":[48,50],"damage_taken":[{"damage":8.0,"enemies":"Cultist","floor":1.0,"turns":6.0},{"damage":11.0,"enemies":"2 Louse","floor":2.0,"turns":3.0},{"damage":7.0,"enemies":"Jaw Worm","floor":4.0,"turns":3.0},{"damage":9.0,"enemies":"2 Fungi Beasts","floor":5.0,"turns":4.0},{"damage":4.0,"enemies":"Gremlin Nob","floor":7.0,"turns":4.0},{"damage":17.0,"enemies":"3 Sentries","floor":11.0,"turns":10.0},{"damage":10.0,"enemies":"Red Slaver","floor":12.0,"turns":4.0},{"damage":16.0,"enemies":"Lagavulin","floor":13.0,"turns":7.0},{"damage":4.0,"enemies":"Blue Slaver","floor":14.0,"turns":3.0},{"damage":24.0,"enemies":"Hexaghost","floor":16.0,"turns":7.0},{"damage":4.0,"enemies":"3 Byrds","floor":18.0,"turns":4.0},{"damage":17.0,"enemies":"2 Thieves","floor":19.0,"turns":2.0},{"damage":7.0,"enemies":"Cultist and Chosen","floor":28.0,"turns":2.0},{"damage":11.0,"enemies":"Centurion and Healer","floor":29.0,"turns":4.0},{"damage":1.0,"enemies":"Slavers","floor":30.0,"turns":2.0},{"damage":24.0,"enemies":"Champ","floor":33.0,"turns":8.0},{"damage":0.0,"enemies":"Orb Walker","floor":35.0,"turns":2.0},{"damage":29.0,"enemies":"3 Darklings","floor":36.0,"turns":2.0},{"damage":22.0,"enemies":"Spire Growth","floor":38.0,"turns":3.0},{"damage":31,"enemies":"Jaw Worm Horde","floor":42,"turns":3},{"damage":17,"enemies":"Nemesis","floor":48,"turns":3},{"damage":47,"enemies":"Donu and Deca","floor":50,"turns":4}],"seed_played":"2442814919580408916","potions_obtained":[{"floor":1.0,"key":"BloodPotion"},{"floor":2.0,"key":"BloodPotion"},{"floor":5.0,"key":"Ancient Potion"},{"floor":13.0,"key":"FairyPotion"},{"floor":14.0,"key":"PowerPotion"},{"floor":19.0,"key":"PowerPotion"},{"floor":42,"key":"Block Potion"},{"floor":48,"key":"SneckoOil"}],"is_trial":false,"path_per_floor":["M","M","$","M","M","R","E","R","T","?","E","M","E","M","R","B",null,"M","M","?","$","?","R","$","?","T","R","M","M","E","?","R","B",null,"M","M","?","M","$","R","$","M","T","R","?","T","?","E","R","B",null],"character_chosen":"IRONCLAD","items_purchased":["Orichalcum","Perfected Strike","Perfected Strike","Pen Nib","Tiny Chest"],"campfire_rested":2,"item_purchase_floors":[3,3,21,24,39],"current_hp_per_floor":[70,65,65,64,80,80,80,80,80,94,83,79,69,71,71,65,87,89,78,62,62,62,62,62,62,62,62,61,59,64,64,64,58,87,93,74,74,58,58,58,58,45,45,75,75,75,75,64,94,65],"gold":194,"neow_bonus":"HUNDRED_GOLD","is_prod":false,"is_daily":false,"chose_seed":false,"campfire_upgraded":7,"win_rate":0,"timestamp":1562895554,"path_taken":["M","M","$","M","?","R","E","R","T","?","E","M","E","?","R","BOSS","M","M","?","$","?","R","$","?","T","R","M","?","E","?","R","BOSS","M","M","?","M","$","R","?","M","T","R","?","?","?","E","R","BOSS"],"build_version":"2019-07-05","purchased_purges":0,"victory":true,"max_hp_per_floor":[80,80,80,80,80,80,80,80,80,94,94,94,94,94,94,94,94,94,94,94,94,94,94,94,94,94,94,94,97,97,97,97,97,97,97,101,101,101,101,101,101,101,101,101,101,101,101,101,101,101],"card_choices":[{"not_picked":["Warcry","Flex"],"picked":"Pummel","floor":1.0},{"not_picked":["True Grit","Carnage"],"picked":"Armaments","floor":2.0},{"not_picked":["Headbutt","Corruption","Feel No Pain"],"picked":"SKIP","floor":4.0},{"not_picked":["Battle Trance","Wild Strike"],"picked":"Pommel Strike","floor":5.0},{"not_picked":["Juggernaut","Reckless Charge"],"picked":"Limit Break","floor":7.0},{"not_picked":["Sever Soul","Havoc"],"picked":"Shockwave","floor":11.0},{"not_picked":["Intimidate","Shrug It Off"],"picked":"Whirlwind","floor":12.0},{"not_picked":["Fire Breathing","Corruption","Reckless Charge"],"picked":"SKIP","floor":13.0},{"not_picked":["Body Slam","Bloodletting"],"picked":"Flex","floor":14.0},{"not_picked":["Limit Break","Barricade"],"picked":"Demon Form","floor":16.0},{"not_picked":[],"picked":"Thunderclap","floor":18.0},{"not_picked":[],"picked":"Dropkick","floor":19.0},{"not_picked":["Body Slam+1"],"picked":"SKIP","floor":28.0},{"not_picked":["Searing Blow+1"],"picked":"SKIP","floor":29.0},{"not_picked":["Rupture+1"],"picked":"SKIP","floor":30.0},{"not_picked":[],"picked":"Exhume","floor":33.0},{"not_picked":[],"picked":"Thunderclap+1","floor":35.0},{"not_picked":[],"picked":"Wild Strike+1","floor":36.0},{"not_picked":[],"picked":"Burning Pact+1","floor":38.0},{"not_picked":[],"picked":"Second Wind","floor":42},{"not_picked":["Burning Pact"],"picked":"SKIP","floor":48}],"player_experience":375880,"relics_obtained":[{"floor":7.0,"key":"Happy Flower"},{"floor":9.0,"key":"Meat on the Bone"},{"floor":11.0,"key":"Bag of Marbles"},{"floor":13.0,"key":"Bag of Preparation"},{"floor":20.0,"key":"Nilry\u0027s Codex"},{"floor":26.0,"key":"Molten Egg 2"},{"floor":30.0,"key":"Smiling Mask"},{"floor":43,"key":"Potion Belt"},{"floor":46,"key":"Paper Frog"},{"floor":48,"key":"PreservedInsect"}],"event_choices":[{"damage_healed":0.0,"max_hp_gain":0.0,"max_hp_loss":0.0,"gold_gain":0.0,"event_name":"WeMeetAgain","player_choice":"Gave Potion","floor":10.0,"gold_loss":0.0,"damage_taken":0.0,"relics_obtained":["Mango"]},{"damage_healed":0.0,"max_hp_gain":0.0,"max_hp_loss":0.0,"gold_gain":0.0,"event_name":"Cursed Tome","player_choice":"Obtained Book","floor":20.0,"gold_loss":0.0,"damage_taken":16.0},{"damage_healed":0.0,"max_hp_gain":0.0,"max_hp_loss":0.0,"gold_gain":0.0,"event_name":"Addict","player_choice":"Obtained Relic","floor":22.0,"gold_loss":85.0,"damage_taken":0.0,"relics_obtained":["Sundial"]},{"damage_healed":0.0,"max_hp_gain":0.0,"max_hp_loss":0.0,"gold_gain":0.0,"event_name":"Match and Keep!","player_choice":"2 cards matched","floor":25.0,"gold_loss":0.0,"damage_taken":0.0,"cards_obtained":["Feed","Spot Weakness"]},{"damage_healed":0.0,"max_hp_gain":0.0,"max_hp_loss":0.0,"gold_gain":0.0,"event_name":"Back to Basics","player_choice":"Simplicity","floor":31.0,"gold_loss":0.0,"damage_taken":0.0,"cards_upgraded":["Strike_R","Strike_R","Strike_R","Strike_R","Strike_R","Defend_R","Defend_R","Defend_R","Defend_R"]},{"damage_healed":0.0,"max_hp_gain":0.0,"max_hp_loss":0.0,"gold_gain":0.0,"event_name":"Designer","player_choice":"Upgraded Two","floor":37.0,"gold_loss":40.0,"damage_taken":0.0,"cards_upgraded":["Shockwave","Flex"]},{"cards_removed":["Exhume"],"damage_healed":0,"gold_gain":0,"player_choice":"Removed Skill","damage_taken":0,"max_hp_gain":0,"max_hp_loss":0,"event_name":"Falling","floor":45,"gold_loss":0},{"damage_healed":0,"gold_gain":0,"player_choice":"Copied","damage_taken":0,"max_hp_gain":0,"max_hp_loss":0,"event_name":"Duplicator","floor":47,"gold_loss":0,"cards_obtained":["Limit Break"]}],"is_beta":false,"boss_relics":[{"not_picked":["White Beast Statue","Sozu"],"picked":"Busted Crown"},{"not_picked":["Runic Pyramid","Calling Bell"],"picked":"Snecko Eye"}],"items_purged_floors":[],"is_endless":false,"potions_floor_spawned":[1,2,5,13,14,19,28,29,42,48],"ascension_level":13}