{"gold_per_floor":[109,109,128,128,140,140,152,202,257,257,23,23],"floor_reached":12,"playtime":191,"items_purged":["Strike_G"],"score":136,"play_id":"5676af59-97b6-4028-a759-34fc91a5ceea","local_time":"20190616013630","is_ascension_mode":true,"campfire_choices":[{"data":"Prepared","floor":6,"key":"SMITH"},{"data":"Tactician","floor":10,"key":"SMITH"}],"neow_cost":"TEN_PERCENT_HP_LOSS","seed_source_timestamp":115134489063800,"circlet_count":0,"master_deck":["AscendersBane","Defend_G","Defend_G","Defend_G","Defend_G+1","Strike_G","Strike_G","Strike_G","Survivor","Neutralize","Doppelganger+1","Tactician+1","Endless Agony","Quick Slash","Prepared+1","Underhanded Strike","Well Laid Plans","Endless Agony"],"relics":["Ring of the Snake","Anchor","Potion Belt"],"potions_floor_usage":[5,12],"damage_taken":[{"damage":3,"enemies":"2 Louse","floor":1,"turns":3},{"damage":0,"enemies":"Jaw Worm","floor":3,"turns":5},{"damage":6,"enemies":"Cultist","floor":5,"turns":4},{"damage":0,"enemies":"Lots of Slimes","floor":7,"turns":5},{"damage":33,"enemies":"Gremlin Nob","floor":12,"turns":3}],"seed_played":"665173572481502305","potions_obtained":[{"floor":1,"key":"Dexterity Potion"},{"floor":3,"key":"Regen Potion"}],"is_trial":false,"path_per_floor":["M","?","M","?","M","R","M","?","T","R","$","E"],"character_chosen":"THE_SILENT","items_purchased":["Well Laid Plans","Endless Agony"],"campfire_rested":0,"item_purchase_floors":[11,11],"current_hp_per_floor":[56,38,38,20,23,23,23,23,23,23,23,0],"gold":23,"neow_bonus":"TRANSFORM_TWO_CARDS","is_prod":false,"is_daily":false,"chose_seed":false,"campfire_upgraded":2,"win_rate":0,"timestamp":1560616590,"path_taken":["M","?","M","?","M","R","M","?","T","R","$","E"],"build_version":"2019-01-23","purchased_purges":1,"victory":false,"max_hp_per_floor":[60,60,60,60,60,60,60,60,60,60,60,60],"card_choices":[{"not_picked":["Catalyst","Backflip"],"picked":"Endless Agony","floor":1},{"not_picked":["Blade Dance","Slice"],"picked":"Quick Slash","floor":3},{"not_picked":["PiercingWail","Blur"],"picked":"Prepared","floor":5},{"not_picked":["Caltrops","Prepared"],"picked":"Underhanded Strike","floor":7}],"player_experience":5373493,"relics_obtained":[{"floor":9,"key":"Potion Belt"}],"event_choices":[{"damage_healed":0,"gold_gain":0,"player_choice":"Success","damage_taken":18,"relics_obtained":["Anchor"],"max_hp_gain":0,"max_hp_loss":0,"event_name":"Scrap Ooze","floor":2,"gold_loss":0},{"damage_healed":0,"gold_gain":0,"player_choice":"Entered Light","damage_taken":18,"max_hp_gain":0,"max_hp_loss":0,"event_name":"Shining Light","floor":4,"gold_loss":0,"cards_upgraded":["Defend_G","Doppelganger"]},{"damage_healed":0,"gold_gain":50,"player_choice":"Pray","damage_taken":0,"max_hp_gain":0,"max_hp_loss":0,"event_name":"Golden Shrine","floor":8,"gold_loss":0}],"is_beta":false,"boss_relics":[],"items_purged_floors":[11],"is_endless":false,"potions_floor_spawned":[1,3],"killed_by":"Gremlin Nob","ascension_level":20}