{"gold_per_floor":[119,132,132,146,165,209,209,209],"floor_reached":8,"playtime":327,"items_purged":[],"score":116,"play_id":"3d14d377-9fb3-4d81-8054-7158877c58a1","local_time":"20190523235712","is_ascension_mode":true,"campfire_choices":[{"data":"Dagger Spray","floor":7,"key":"SMITH"}],"neow_cost":"NONE","seed_source_timestamp":87440854861200,"circlet_count":0,"master_deck":["AscendersBane","Defend_G","Defend_G","Defend_G","Defend_G","Defend_G","Strike_G","Strike_G","Strike_G","Strike_G","Strike_G","Survivor","Neutralize+1","Terror","Blade Dance","Flying Knee","Underhanded Strike","Dagger Spray+1"],"relics":["Ring of the Snake","Golden Idol","Unceasing Top"],"potions_floor_usage":[6,8],"damage_taken":[{"damage":0,"enemies":"Jaw Worm","floor":1,"turns":4},{"damage":0,"enemies":"Small Slimes","floor":2,"turns":5},{"damage":4,"enemies":"2 Louse","floor":4,"turns":4},{"damage":8,"enemies":"Exordium Wildlife","floor":5,"turns":7},{"damage":24,"enemies":"3 Sentries","floor":6,"turns":12},{"damage":24,"enemies":"Large Slime","floor":8,"turns":5}],"seed_played":"-3740078468502926111","potions_obtained":[{"floor":2,"key":"Block Potion"},{"floor":6,"key":"AttackPotion"}],"is_trial":false,"path_per_floor":["M","M","?","M","M","E","R","M"],"character_chosen":"THE_SILENT","items_purchased":[],"campfire_rested":0,"item_purchase_floors":[],"current_hp_per_floor":[59,59,59,55,47,23,23,0],"gold":209,"neow_bonus":"UPGRADE_CARD","is_prod":false,"is_daily":false,"chose_seed":false,"campfire_upgraded":1,"win_rate":0,"timestamp":1558623432,"path_taken":["M","M","?","M","M","E","R","M"],"build_version":"2019-01-23","purchased_purges":0,"victory":false,"max_hp_per_floor":[66,66,60,60,60,60,60,60],"card_choices":[{"not_picked":["Prepared","Outmaneuver"],"picked":"Terror","floor":1},{"not_picked":["Backflip","Dodge and Roll"],"picked":"Blade Dance","floor":2},{"not_picked":["Dodge and Roll","Cloak And Dagger"],"picked":"Flying Knee","floor":4},{"not_picked":["Caltrops","Bane"],"picked":"Underhanded Strike","floor":5},{"not_picked":["PiercingWail","Accuracy"],"picked":"Dagger Spray","floor":6}],"player_experience":5120298,"relics_obtained":[{"floor":6,"key":"Unceasing Top"}],"event_choices":[{"damage_healed":0,"gold_gain":0,"player_choice":"Lose Max HP","damage_taken":0,"relics_obtained":["Golden Idol"],"max_hp_gain":0,"max_hp_loss":6,"event_name":"Golden Idol","floor":3,"gold_loss":0}],"is_beta":false,"boss_relics":[],"items_purged_floors":[],"is_endless":false,"potions_floor_spawned":[2,6],"killed_by":"Large Slime","ascension_level":20}