{"gold_per_floor":[11,86,86,102,27,27,61,73,85,110,122,134,170,202,214,226],"floor_reached":16,"playtime":319,"items_purged":["Strike_R"],"score":200,"play_id":"f4948c60-6ea8-417c-a57a-bfe7332d6c2d","local_time":"20190324022843","is_ascension_mode":true,"campfire_choices":[{"data":"Searing Blow","floor":6,"key":"SMITH"},{"data":"Searing Blow+1","floor":8,"key":"SMITH"},{"data":"Searing Blow+2","floor":12,"key":"SMITH"},{"data":"Searing Blow+3","floor":15,"key":"SMITH"}],"neow_cost":"NO_GOLD","seed_source_timestamp":873670078021600,"circlet_count":0,"master_deck":["AscendersBane","Strike_R","Strike_R","Strike_R","Strike_R","Defend_R","Defend_R","Defend_R","Defend_R","Bash","Fiend Fire","Searing Blow+4","Intimidate","Thunderclap","Shrug It Off","Evolve"],"relics":["Burning Blood","Golden Idol","MawBank","Bottled Flame"],"potions_floor_usage":[14,16],"damage_taken":[{"damage":10,"enemies":"Small Slimes","floor":1,"turns":7},{"damage":14,"enemies":"Jaw Worm","floor":4,"turns":4},{"damage":29,"enemies":"Gremlin Nob","floor":7,"turns":4},{"damage":1,"enemies":"Cultist","floor":10,"turns":3},{"damage":8,"enemies":"Looter","floor":13,"turns":2},{"damage":9,"enemies":"2 Fungi Beasts","floor":14,"turns":4},{"damage":18,"enemies":"Hexaghost","floor":16,"turns":6}],"seed_played":"-4042226071412931101","potions_obtained":[{"floor":7,"key":"AttackPotion"},{"floor":13,"key":"BloodPotion"}],"is_trial":false,"path_per_floor":["M","?","?","M","$","R","E","R","T","M","T","R","M","M","R","B"],"character_chosen":"IRONCLAD","items_purchased":[],"campfire_rested":0,"item_purchase_floors":[],"current_hp_per_floor":[64,53,53,45,45,45,22,22,22,27,27,27,25,28,28,10],"gold":226,"neow_bonus":"THREE_RARE_CARDS","is_prod":false,"is_daily":false,"chose_seed":false,"campfire_upgraded":4,"win_rate":0,"timestamp":1553362123,"path_taken":["M","?","?","M","$","R","E","R","T","M","?","R","?","M","R","BOSS"],"build_version":"2019-01-23","purchased_purges":1,"victory":false,"max_hp_per_floor":[75,75,68,68,68,68,68,68,68,68,68,68,68,68,68,68],"card_choices":[{"not_picked":["Reaper","Juggernaut"],"picked":"Fiend Fire","floor":0},{"not_picked":["Wild Strike","Havoc"],"picked":"Searing Blow","floor":1},{"not_picked":["Flame Barrier","Carnage"],"picked":"Intimidate","floor":4},{"not_picked":["Iron Wave","Flex","Rampage"],"picked":"SKIP","floor":7},{"not_picked":["Juggernaut","Heavy Blade"],"picked":"Thunderclap","floor":10},{"not_picked":["Havoc","Uppercut"],"picked":"Shrug It Off","floor":13},{"not_picked":["Seeing Red","Twin Strike"],"picked":"Evolve","floor":14}],"player_experience":4606849,"relics_obtained":[{"floor":7,"key":"MawBank"},{"floor":9,"key":"Bottled Flame"}],"event_choices":[{"damage_healed":0,"gold_gain":75,"player_choice":"Gather Gold","damage_taken":11,"max_hp_gain":0,"max_hp_loss":0,"event_name":"World of Goop","floor":2,"gold_loss":0},{"damage_healed":0,"gold_gain":0,"player_choice":"Lose Max HP","damage_taken":0,"relics_obtained":["Golden Idol"],"max_hp_gain":0,"max_hp_loss":7,"event_name":"Golden Idol","floor":3,"gold_loss":0}],"is_beta":false,"boss_relics":[],"items_purged_floors":[5],"is_endless":false,"potions_floor_spawned":[7,13],"killed_by":"Hexaghost","ascension_level":20}