{"gold_per_floor":[118,135,159,186,198,248,29,29,82,97,111,145,145,160,160,160],"floor_reached":16,"playtime":311,"items_purged":[],"score":224,"play_id":"82327b7b-2d6c-4b26-8905-96107a754c06","local_time":"20190605233104","is_ascension_mode":true,"campfire_choices":[{"floor":8,"key":"REST"},{"floor":13,"key":"REST"},{"data":"Static Discharge","floor":15,"key":"SMITH"}],"neow_cost":"PERCENT_DAMAGE","seed_source_timestamp":871023490102500,"circlet_count":0,"master_deck":["AscendersBane","Strike_B","Strike_B","Strike_B","Defend_B","Defend_B","Defend_B","Zap","Dualcast","Ball Lightning","Static Discharge+1","Static Discharge","Barrage","Go for the Eyes","Genetic Algorithm","Cold Snap","Conserve Battery","Conserve Battery"],"relics":["Cracked Core","MawBank","Golden Idol","Sundial","Toy Ornithopter","Tiny Chest","Matryoshka"],"potions_floor_usage":[6,10,12],"damage_taken":[{"damage":2,"enemies":"Cultist","floor":1,"turns":4},{"damage":9,"enemies":"Jaw Worm","floor":2,"turns":3},{"damage":10,"enemies":"Small Slimes","floor":4,"turns":2},{"damage":24,"enemies":"3 Sentries","floor":6,"turns":4},{"damage":2,"enemies":"Looter","floor":10,"turns":2},{"damage":12,"enemies":"Gremlin Gang","floor":11,"turns":4},{"damage":13,"enemies":"Lagavulin","floor":12,"turns":6},{"damage":10,"enemies":"Large Slime","floor":14,"turns":5},{"damage":13,"enemies":"Hexaghost","floor":16,"turns":4}],"seed_played":"291332686648824054","potions_obtained":[{"floor":2,"key":"Weak Potion"},{"floor":4,"key":"SpeedPotion"},{"floor":6,"key":"SkillPotion"}],"is_trial":false,"path_per_floor":["M","M","T","M","?","E","$","R","T","M","M","E","R","M","R","B"],"character_chosen":"DEFECT","items_purchased":["Toy Ornithopter"],"campfire_rested":2,"item_purchase_floors":[7],"current_hp_per_floor":[44,35,35,25,25,1,1,20,20,23,11,3,22,12,12,0],"gold":160,"neow_bonus":"TRANSFORM_TWO_CARDS","is_prod":false,"is_daily":false,"chose_seed":false,"campfire_upgraded":1,"win_rate":0,"timestamp":1559745064,"path_taken":["M","M","?","?","?","E","?","R","T","?","M","E","R","?","R","BOSS"],"build_version":"2019-01-23","purchased_purges":0,"victory":false,"max_hp_per_floor":[71,71,71,71,64,64,64,64,64,64,64,64,64,64,64,64],"card_choices":[{"not_picked":["Conserve Battery","Coolheaded"],"picked":"Static Discharge","floor":1},{"not_picked":["Stack","Beam Cell"],"picked":"Barrage","floor":2},{"not_picked":["Hello World","Redo"],"picked":"Go for the Eyes","floor":4},{"not_picked":["Rainbow","Coolheaded"],"picked":"Genetic Algorithm","floor":6},{"not_picked":["Streamline","Rip and Tear"],"picked":"Cold Snap","floor":10},{"not_picked":["Beam Cell","Streamline"],"picked":"Conserve Battery","floor":11},{"not_picked":["Scrape","Lockon","Gash"],"picked":"SKIP","floor":12},{"not_picked":["Sweeping Beam","Go for the Eyes"],"picked":"Conserve Battery","floor":14}],"player_experience":5278874,"relics_obtained":[{"floor":3,"key":"MawBank"},{"floor":6,"key":"Sundial"},{"floor":9,"key":"Tiny Chest"},{"floor":12,"key":"Matryoshka"}],"event_choices":[{"damage_healed":0,"gold_gain":0,"player_choice":"Lose Max HP","damage_taken":0,"relics_obtained":["Golden Idol"],"max_hp_gain":0,"max_hp_loss":7,"event_name":"Golden Idol","floor":5,"gold_loss":0}],"is_beta":false,"boss_relics":[],"items_purged_floors":[],"is_endless":false,"potions_floor_spawned":[2,4,6],"killed_by":"Hexaghost","ascension_level":20}