{"gold_per_floor":[114,130,148,158,172,172,201,219,243,256,290,290,80,109,109,109],"floor_reached":16,"playtime":524,"items_purged":["Strike_R"],"score":248,"play_id":"17bf668a-324c-4552-a13f-729868bd6844","local_time":"20190531002520","is_ascension_mode":true,"campfire_choices":[{"data":"Wild Strike","floor":6,"key":"SMITH"},{"data":"Corruption","floor":15,"key":"SMITH"}],"neow_cost":"NONE","seed_source_timestamp":355653245863800,"circlet_count":0,"master_deck":["AscendersBane","Strike_R","Strike_R","Strike_R","Defend_R","Defend_R","Defend_R","Defend_R","Bash","Corruption+1","Flame Barrier","Carnage","Perfected Strike","Wild Strike+1","Battle Trance","Rage","Wild Strike","Combust","Spot Weakness","Sword Boomerang","Shrug It Off","Pommel Strike"],"relics":["Burning Blood","Anchor","Omamori","Unceasing Top","Bronze Scales","Lantern"],"potions_floor_usage":[7,8],"damage_taken":[{"damage":12,"enemies":"Cultist","floor":1,"turns":4},{"damage":16,"enemies":"Jaw Worm","floor":2,"turns":6},{"damage":0,"enemies":"Small Slimes","floor":3,"turns":4},{"damage":11,"enemies":"Red Slaver","floor":4,"turns":4},{"damage":14,"enemies":"Blue Slaver","floor":5,"turns":5},{"damage":8,"enemies":"Gremlin Nob","floor":7,"turns":3},{"damage":11,"enemies":"Gremlin Gang","floor":8,"turns":5},{"damage":0,"enemies":"Exordium Wildlife","floor":10,"turns":4},{"damage":20,"enemies":"3 Sentries","floor":11,"turns":8},{"damage":16,"enemies":"Lagavulin","floor":14,"turns":6},{"damage":36,"enemies":"The Guardian","floor":16,"turns":2}],"seed_played":"-2709415608313904121","potions_obtained":[{"floor":1,"key":"Ancient Potion"},{"floor":3,"key":"Fire Potion"},{"floor":4,"key":"Swift Potion"},{"floor":5,"key":"Regen Potion"}],"is_trial":false,"path_per_floor":["M","M","M","M","M","R","E","M","T","M","E","?","$","E","R","B"],"character_chosen":"IRONCLAD","items_purchased":["Sword Boomerang","Shrug It Off","Fire Potion"],"campfire_rested":0,"item_purchase_floors":[13,13,13],"current_hp_per_floor":[62,52,58,53,45,45,43,52,52,58,44,44,44,34,34,0],"gold":109,"neow_bonus":"TRANSFORM_CARD","is_prod":false,"is_daily":false,"chose_seed":false,"campfire_upgraded":2,"win_rate":0,"timestamp":1559229920,"path_taken":["M","M","M","M","M","R","E","?","T","M","E","?","$","E","R","BOSS"],"build_version":"2019-01-23","purchased_purges":1,"victory":false,"max_hp_per_floor":[75,75,75,75,75,75,75,75,75,75,75,75,75,75,75,75],"card_choices":[{"not_picked":["Uppercut","Fire Breathing"],"picked":"Flame Barrier","floor":1},{"not_picked":["Metallicize","Havoc"],"picked":"Carnage","floor":2},{"not_picked":["Sword Boomerang","Metallicize"],"picked":"Perfected Strike","floor":3},{"not_picked":["Cleave","Clash"],"picked":"Wild Strike","floor":4},{"not_picked":["Warcry","Havoc"],"picked":"Battle Trance","floor":5},{"not_picked":["Sword Boomerang","Wild Strike"],"picked":"Rage","floor":7},{"not_picked":["Body Slam","Limit Break"],"picked":"Wild Strike","floor":8},{"not_picked":["Thunderclap","True Grit"],"picked":"Combust","floor":10},{"not_picked":["Pummel","Wild Strike"],"picked":"Spot Weakness","floor":11},{"not_picked":["Clash","Iron Wave"],"picked":"Pommel Strike","floor":14}],"player_experience":5217145,"relics_obtained":[{"floor":7,"key":"Anchor"},{"floor":9,"key":"Omamori"},{"floor":11,"key":"Unceasing Top"},{"floor":14,"key":"Lantern"}],"event_choices":[{"damage_healed":0,"gold_gain":0,"player_choice":"Box","damage_taken":0,"relics_obtained":["Bronze Scales"],"max_hp_gain":0,"max_hp_loss":0,"event_name":"Big Fish","floor":12,"gold_loss":0,"cards_obtained":["Regret"]}],"is_beta":false,"boss_relics":[],"items_purged_floors":[13],"is_endless":false,"potions_floor_spawned":[1,3,4,5],"killed_by":"The Guardian","ascension_level":20}