{"gold_per_floor":[115,115,115,115,127,127,156,156,156,174,188,222,236,13,13,109,109,126,41,41,52,52,52,70,70,97,22,37,101,118,133,133,235,235,254,268,88,104,114,147,147,163,163,163,173,188,188,220,220,220],"floor_reached":51,"playtime":1321,"items_purged":[],"score":816,"play_id":"93ea8033-1e94-43bc-8cd6-e5ada5c97c82","local_time":"20190704000659","is_ascension_mode":false,"campfire_choices":[{"data":"Armaments","floor":6.0,"key":"SMITH"},{"data":"Perfected Strike","floor":8.0,"key":"SMITH"},{"data":"True Grit","floor":15.0,"key":"SMITH"},{"data":"Bash","floor":23,"key":"SMITH"},{"data":"True Grit","floor":25,"key":"SMITH"},{"data":"Pommel Strike","floor":32,"key":"SMITH"},{"data":"Perfected Strike","floor":41,"key":"SMITH"},{"data":"Pommel Strike","floor":44,"key":"SMITH"},{"data":"Twin Strike","floor":47,"key":"SMITH"},{"floor":49,"key":"REST"}],"neow_cost":"NONE","seed_source_timestamp":1076255474565436,"circlet_count":0,"master_deck":["Strike_R","Strike_R","Strike_R","Strike_R","Strike_R+1","Defend_R","Defend_R","Defend_R+1","Bash+1","Armaments+1","Perfected Strike+1","Pommel Strike+1","Wild Strike","True Grit+1","Wild Strike+1","True Grit+1","Warcry+1","Pommel Strike+1","Perfected Strike+1","Wild Strike","Twin Strike+1","Perfected Strike+1","Pommel Strike+1","True Grit+1"],"special_seed":0,"relics":["Burning Blood","PreservedInsect","Calipers","Strawberry","Frozen Egg 2","Bag of Marbles","Brimstone","Philosopher\u0027s Stone","Mummified Hand","Vajra","Tiny Chest","Velvet Choker","Happy Flower","Anchor","Dodecahedron","Meat on the Bone"],"potions_floor_usage":[24,31,33,33,50,50,50],"damage_taken":[{"damage":5.0,"enemies":"Small Slimes","floor":1.0,"turns":4.0},{"damage":0.0,"enemies":"2 Louse","floor":5.0,"turns":2.0},{"damage":14.0,"enemies":"Gremlin Nob","floor":7.0,"turns":3.0},{"damage":3.0,"enemies":"Jaw Worm","floor":10.0,"turns":3.0},{"damage":4.0,"enemies":"Exordium Thugs","floor":11.0,"turns":5.0},{"damage":13.0,"enemies":"3 Sentries","floor":12.0,"turns":4.0},{"damage":0.0,"enemies":"Blue Slaver","floor":13.0,"turns":2.0},{"damage":30.0,"enemies":"The Guardian","floor":16.0,"turns":6.0},{"damage":4,"enemies":"Chosen","floor":18,"turns":3},{"damage":0,"enemies":"Spheric Guardian","floor":21,"turns":2},{"damage":0,"enemies":"Centurion and Healer","floor":24,"turns":3},{"damage":0,"enemies":"Cultist and Chosen","floor":28,"turns":3},{"damage":9,"enemies":"Slavers","floor":29,"turns":2},{"damage":11,"enemies":"Shelled Parasite and Fungi","floor":30,"turns":3},{"damage":0,"enemies":"Snecko","floor":31,"turns":2},{"damage":94,"enemies":"Automaton","floor":33,"turns":7},{"damage":0,"enemies":"3 Shapes","floor":35,"turns":2},{"damage":39,"enemies":"3 Darklings","floor":36,"turns":4},{"damage":0,"enemies":"Sphere and 2 Shapes","floor":38,"turns":2},{"damage":0,"enemies":"4 Shapes","floor":39,"turns":2},{"damage":21,"enemies":"Reptomancer","floor":40,"turns":5},{"damage":0,"enemies":"Transient","floor":42,"turns":5},{"damage":0,"enemies":"Writhing Mass","floor":45,"turns":2},{"damage":0,"enemies":"3 Darklings","floor":46,"turns":2},{"damage":12,"enemies":"Giant Head","floor":48,"turns":4},{"damage":56,"enemies":"Time Eater","floor":50,"turns":6}],"seed_played":"-4148319074846986296","potions_obtained":[{"floor":5.0,"key":"BloodPotion"},{"floor":11.0,"key":"SteroidPotion"},{"floor":12.0,"key":"Block Potion"},{"floor":24,"key":"Explosive Potion"},{"floor":38,"key":"Weak Potion"},{"floor":40,"key":"LiquidBronze"},{"floor":46,"key":"LiquidBronze"}],"is_trial":false,"path_per_floor":["M","?","?","?","M","R","E","R","T","M","M","E","M","$","R","B",null,"M","?","?","M","$","R","M","R","T","?","M","E","M","M","R","B",null,"M","M","$","M","M","E","R","M","T","R","M","M","R","E","R","B",null],"character_chosen":"IRONCLAD","items_purchased":["Brimstone","True Grit","Happy Flower","Wild Strike"],"campfire_rested":1,"item_purchase_floors":[14,14,37,37],"current_hp_per_floor":[80,64,80,80,80,80,79,79,79,82,84,77,83,83,83,59,87,87,87,70,76,76,76,82,82,82,82,88,85,80,86,86,21,92,92,59,59,65,71,56,56,62,62,62,68,74,74,68,92,54],"gold":220,"neow_bonus":"RANDOM_COMMON_RELIC","is_prod":false,"is_daily":false,"chose_seed":false,"campfire_upgraded":9,"win_rate":0,"timestamp":1562195219,"path_taken":["M","?","?","?","M","R","E","R","T","M","?","E","M","$","R","BOSS","BOSS","M","?","?","?","$","R","?","R","T","?","M","E","M","M","R","BOSS","M","M","$","M","M","E","R","M","T","R","M","M","R","E","R","BOSS"],"build_version":"2019-07-01","purchased_purges":0,"victory":true,"max_hp_per_floor":[80,80,80,80,80,80,87,87,87,87,87,87,87,87,87,87,87,87,87,92,92,92,92,92,92,92,92,92,92,92,92,92,92,92,92,92,92,92,92,92,92,92,92,92,92,92,92,92,92,92],"card_choices":[{"not_picked":["Clothesline","Iron Wave"],"picked":"Twin Strike","floor":1.0},{"not_picked":["Spot Weakness","Flame Barrier"],"picked":"Armaments","floor":5.0},{"not_picked":["Flex","Battle Trance"],"picked":"Perfected Strike","floor":7.0},{"not_picked":["Fire Breathing+1","Clothesline"],"picked":"Pommel Strike","floor":10.0},{"not_picked":["Thunderclap","Barricade+1"],"picked":"Wild Strike","floor":11.0},{"not_picked":["Impervious","Heavy Blade","Clothesline"],"picked":"SKIP","floor":12.0},{"not_picked":["Thunderclap","Armaments","Headbutt"],"picked":"SKIP","floor":13.0},{"not_picked":["Clash","Dual Wield"],"picked":"Wild Strike+1","floor":18},{"not_picked":["Thunderclap","Intimidate","Rampage"],"picked":"SKIP","floor":21},{"not_picked":["Iron Wave","Berserk+1"],"picked":"True Grit","floor":24},{"not_picked":["Thunderclap","Searing Blow"],"picked":"Warcry+1","floor":28},{"not_picked":["Double Tap","Warcry+1","Thunderclap"],"picked":"SKIP","floor":29},{"not_picked":["Thunderclap","Sword Boomerang"],"picked":"Pommel Strike+1","floor":30},{"not_picked":["Entrench","True Grit","Anger"],"picked":"SKIP","floor":31},{"not_picked":["Thunderclap","Warcry"],"picked":"Perfected Strike","floor":35},{"not_picked":["Intimidate+1","Hemokinesis","Iron Wave"],"picked":"SKIP","floor":36},{"not_picked":["Thunderclap+1","True Grit"],"picked":"Twin Strike","floor":38},{"not_picked":["Anger","Warcry","Clash+1"],"picked":"SKIP","floor":39},{"not_picked":["Clash+1","Fire Breathing+1"],"picked":"Perfected Strike+1","floor":40},{"not_picked":["Havoc+1","Headbutt+1"],"picked":"Pommel Strike","floor":42},{"not_picked":["Havoc","Feel No Pain+1","Dropkick"],"picked":"SKIP","floor":45},{"not_picked":["Carnage+1","Blood for Blood+1","True Grit"],"picked":"SKIP","floor":46},{"not_picked":["Headbutt","Reaper"],"picked":"True Grit+1","floor":48}],"player_experience":115373,"relics_obtained":[{"floor":7.0,"key":"Strawberry"},{"floor":9.0,"key":"Frozen Egg 2"},{"floor":12.0,"key":"Bag of Marbles"},{"floor":26,"key":"Vajra"},{"floor":29,"key":"Tiny Chest"},{"floor":40,"key":"Anchor"},{"floor":43,"key":"Dodecahedron"},{"floor":48,"key":"Meat on the Bone"}],"event_choices":[{"damage_healed":0.0,"max_hp_gain":0.0,"max_hp_loss":0.0,"gold_gain":0.0,"event_name":"Shining Light","player_choice":"Entered Light","floor":2.0,"gold_loss":0.0,"damage_taken":16.0,"cards_upgraded":["Strike_R","Defend_R"]},{"damage_healed":26.0,"max_hp_gain":0.0,"max_hp_loss":0.0,"gold_gain":0.0,"event_name":"Big Fish","player_choice":"Banana","floor":3.0,"gold_loss":0.0,"damage_taken":0.0},{"cards_removed":["Twin Strike"],"damage_healed":0.0,"max_hp_gain":0.0,"max_hp_loss":0.0,"gold_gain":0.0,"event_name":"WeMeetAgain","player_choice":"Gave Card","floor":4.0,"gold_loss":0.0,"damage_taken":0.0,"relics_obtained":["Calipers"]},{"damage_healed":0,"gold_gain":0,"player_choice":"Obtained Relic","damage_taken":0,"relics_obtained":["Mummified Hand"],"max_hp_gain":0,"max_hp_loss":0,"event_name":"Addict","floor":19,"gold_loss":85},{"damage_healed":0,"gold_gain":0,"player_choice":"Shed Blood","damage_taken":22,"max_hp_gain":5,"max_hp_loss":0,"event_name":"Forgotten Altar","floor":20,"gold_loss":0},{"cards_removed":["Defend_R"],"damage_healed":0,"gold_gain":0,"player_choice":"Gave Gold","damage_taken":0,"max_hp_gain":0,"max_hp_loss":0,"event_name":"Beggar","floor":27,"gold_loss":75}],"is_beta":false,"boss_relics":[{"not_picked":["Calling Bell","Coffee Dripper"],"picked":"Philosopher\u0027s Stone"},{"not_picked":["White Beast Statue","Astrolabe"],"picked":"Velvet Choker"}],"items_purged_floors":[],"is_endless":false,"potions_floor_spawned":[5,11,12,13,21,24,38,40,46,48],"ascension_level":0}