{"gold_per_floor":[109,129,139,139,149,149,161,121,121,121,137,151,51,69,69,143,143,98,108,158,38,53,53,53,53],"floor_reached":25,"playtime":874,"items_purged":["Strike_R"],"score":394,"play_id":"c37c8d2b-f971-4dd4-9d24-53604be86ffa","local_time":"20190328005934","is_ascension_mode":true,"campfire_choices":[{"data":"Body Slam","floor":6,"key":"SMITH"},{"data":"Evolve","floor":10,"key":"SMITH"},{"data":"Armaments","floor":15,"key":"SMITH"},{"floor":23,"key":"REST"}],"neow_cost":"NONE","seed_source_timestamp":1213375188617900,"circlet_count":0,"master_deck":["AscendersBane","Strike_R","Strike_R","Strike_R","Strike_R","Defend_R","Defend_R","Defend_R","Defend_R","Bash","Evolve+1","Body Slam+1","Sever Soul","Pommel Strike","Wild Strike","Shrug It Off","True Grit","Armaments+1","Fiend Fire","Intimidate","Burning Pact+1","Feel No Pain","Battle Trance"],"relics":["Black Blood","Smiling Mask","Strawberry"],"potions_floor_usage":[16,16,22],"damage_taken":[{"damage":7,"enemies":"Cultist","floor":1,"turns":4},{"damage":7,"enemies":"2 Louse","floor":2,"turns":5},{"damage":9,"enemies":"Small Slimes","floor":3,"turns":4},{"damage":9,"enemies":"3 Louse","floor":5,"turns":4},{"damage":12,"enemies":"Exordium Wildlife","floor":7,"turns":4},{"damage":17,"enemies":"Large Slime","floor":11,"turns":6},{"damage":9,"enemies":"Red Slaver","floor":12,"turns":4},{"damage":1,"enemies":"Looter","floor":14,"turns":2},{"damage":8,"enemies":"Slime Boss","floor":16,"turns":10},{"damage":28,"enemies":"2 Thieves","floor":18,"turns":5},{"damage":29,"enemies":"Shell Parasite","floor":19,"turns":7},{"damage":27,"enemies":"Shelled Parasite and Fungi","floor":22,"turns":10},{"damage":65,"enemies":"Slavers","floor":25,"turns":4}],"seed_played":"-1327670052086125441","potions_obtained":[{"floor":1,"key":"SteroidPotion"},{"floor":5,"key":"Poison Potion"},{"floor":8,"key":"Strength Potion"},{"floor":8,"key":"Dexterity Potion"},{"floor":14,"key":"PowerPotion"},{"floor":18,"key":"Explosive Potion"}],"is_trial":false,"path_per_floor":["M","M","M","?","M","R","M","?","T","R","M","M","$","M","R","B",null,"M","M","?","$","M","R","?","E"],"character_chosen":"IRONCLAD","items_purchased":["True Grit","Feel No Pain","Battle Trance"],"campfire_rested":1,"item_purchase_floors":[13,21,21],"current_hp_per_floor":[74,73,70,65,62,62,56,56,63,63,52,49,49,54,54,52,80,62,43,43,43,26,52,52,0],"gold":53,"neow_bonus":"TEN_PERCENT_HP_BONUS","is_prod":false,"is_daily":false,"chose_seed":false,"campfire_upgraded":3,"win_rate":0,"timestamp":1553702374,"path_taken":["M","M","M","?","M","R","M","?","T","R","M","?","$","M","R","BOSS","M","?","?","$","M","R","?","E"],"build_version":"2019-01-23","purchased_purges":1,"victory":false,"max_hp_per_floor":[82,82,82,82,82,82,82,82,89,89,89,89,89,89,89,89,89,89,89,89,89,89,89,89,89],"card_choices":[{"not_picked":["Sever Soul","Body Slam"],"picked":"Evolve","floor":1},{"not_picked":["Seeing Red","Pommel Strike"],"picked":"Body Slam","floor":2},{"not_picked":["Headbutt","Dropkick"],"picked":"Sever Soul","floor":3},{"not_picked":["True Grit","Flex"],"picked":"Pommel Strike","floor":5},{"not_picked":["Iron Wave","Perfected Strike"],"picked":"Wild Strike","floor":7},{"not_picked":["Anger","Pommel Strike","Seeing Red"],"picked":"SKIP","floor":11},{"not_picked":["Evolve","True Grit"],"picked":"Shrug It Off","floor":12},{"not_picked":["Dropkick","Body Slam"],"picked":"Armaments","floor":14},{"not_picked":["Double Tap","Reaper"],"picked":"Fiend Fire","floor":16},{"not_picked":["Armaments","True Grit"],"picked":"Intimidate","floor":18},{"not_picked":["Rupture","Carnage"],"picked":"Burning Pact+1","floor":19},{"not_picked":["Clash+1","Perfected Strike","Headbutt"],"picked":"SKIP","floor":22}],"player_experience":4641677,"relics_obtained":[{"floor":9,"key":"Strawberry"}],"event_choices":[{"damage_healed":0,"gold_gain":0,"player_choice":"Success","damage_taken":5,"relics_obtained":["Smiling Mask"],"max_hp_gain":0,"max_hp_loss":0,"event_name":"Scrap Ooze","floor":4,"gold_loss":0},{"damage_healed":0,"gold_gain":0,"player_choice":"Bought 3 Potions","damage_taken":0,"max_hp_gain":0,"max_hp_loss":0,"event_name":"The Woman in Blue","floor":8,"gold_loss":0},{"damage_healed":0,"gold_gain":50,"player_choice":"Stole From Cult","damage_taken":0,"max_hp_gain":0,"max_hp_loss":0,"event_name":"Nest","floor":20,"gold_loss":0},{"damage_healed":0,"gold_gain":0,"player_choice":"Ignored","damage_taken":0,"max_hp_gain":0,"max_hp_loss":0,"event_name":"Cursed Tome","floor":24,"gold_loss":0}],"is_beta":false,"boss_relics":[{"not_picked":["Velvet Choker","Busted Crown"],"picked":"Black Blood"}],"items_purged_floors":[13],"is_endless":false,"potions_floor_spawned":[1,5,14,18],"killed_by":"Slavers","ascension_level":20}