{"gold_per_floor":[114,114,114,114,131,131,9,38,38,38,14,14,14,55,55,146,146,161,179,204,28,41,41,41],"floor_reached":24,"playtime":885,"items_purged":[],"score":375,"play_id":"7d227858-4482-4f57-8845-4f54963b58c1","local_time":"20190711231635","is_ascension_mode":true,"campfire_choices":[{"data":"Bash","floor":6,"key":"SMITH"},{"data":"Armaments","floor":10,"key":"SMITH"},{"data":"True Grit","floor":15,"key":"SMITH"},{"floor":23,"key":"REST"}],"neow_cost":"NONE","seed_source_timestamp":1764893712687395,"circlet_count":0,"master_deck":["AscendersBane","Strike_R","Strike_R","Strike_R","Strike_R","Defend_R","Defend_R","Defend_R","Defend_R","Bash+1","True Grit+1","Thunderclap","Dropkick","Armaments+1","Ghostly Armor","Headbutt","Flame Barrier","Dark Embrace","Rage","Feel No Pain","Dropkick","Feel No Pain","Shockwave"],"relics":["Burning Blood","NeowsBlessing","Art of War","Ice Cream","Vajra","Golden Idol","FaceOfCleric","Letter Opener","Philosopher\u0027s Stone"],"potions_floor_usage":[16,22,24],"damage_taken":[{"damage":0,"enemies":"2 Louse","floor":1,"turns":1},{"damage":0,"enemies":"Small Slimes","floor":5,"turns":1},{"damage":0,"enemies":"Lagavulin","floor":8,"turns":1},{"damage":20,"enemies":"3 Sentries","floor":14,"turns":9},{"damage":56,"enemies":"Hexaghost","floor":16,"turns":16},{"damage":10,"enemies":"Shell Parasite","floor":18,"turns":7},{"damage":26,"enemies":"3 Byrds","floor":19,"turns":4},{"damage":16,"enemies":"Centurion and Healer","floor":20,"turns":8},{"damage":7,"enemies":"Shelled Parasite and Fungi","floor":22,"turns":7},{"damage":58,"enemies":"Gremlin Leader","floor":24,"turns":6}],"seed_played":"-5074228595662362999","potions_obtained":[{"floor":14,"key":"Explosive Potion"},{"floor":18,"key":"Swift Potion"},{"floor":22,"key":"GamblersBrew"}],"is_trial":false,"path_per_floor":["M","?","?","?","M","R","$","E","T","R","$","?","?","E","R","B",null,"M","M","M","$","M","R","E"],"character_chosen":"IRONCLAD","items_purchased":["Dropkick","Armaments","Headbutt","Dropkick","Feel No Pain","Shockwave"],"campfire_rested":1,"item_purchase_floors":[7,7,11,21,21,21],"current_hp_per_floor":[78,78,75,75,80,80,80,80,80,80,80,74,74,61,61,12,60,57,38,29,29,29,53,0],"gold":41,"neow_bonus":"THREE_ENEMY_KILL","is_prod":false,"is_daily":false,"chose_seed":false,"campfire_upgraded":3,"win_rate":0,"timestamp":1562883395,"path_taken":["M","?","?","?","?","R","$","E","T","R","$","?","?","E","R","BOSS","M","M","?","$","M","R","E"],"build_version":"2019-07-05","purchased_purges":0,"victory":false,"max_hp_per_floor":[80,80,80,80,80,80,80,80,80,80,80,74,74,75,75,76,76,77,78,79,79,80,80,80],"card_choices":[{"not_picked":["Body Slam","Headbutt"],"picked":"True Grit","floor":1},{"not_picked":["Warcry","Intimidate"],"picked":"Thunderclap","floor":5},{"not_picked":["Armaments","Thunderclap"],"picked":"Ghostly Armor","floor":8},{"not_picked":["Heavy Blade","Reckless Charge"],"picked":"Flame Barrier","floor":14},{"not_picked":["Exhume","Bludgeon"],"picked":"Dark Embrace","floor":16},{"not_picked":["Pummel","Thunderclap","Headbutt"],"picked":"SKIP","floor":18},{"not_picked":["Searing Blow","Pommel Strike+1"],"picked":"Rage","floor":19},{"not_picked":["Armaments","Body Slam"],"picked":"Feel No Pain","floor":20},{"not_picked":["Hemokinesis","Wild Strike","Warcry"],"picked":"SKIP","floor":22}],"player_experience":364568,"relics_obtained":[{"floor":8,"key":"Ice Cream"},{"floor":9,"key":"Vajra"},{"floor":14,"key":"Letter Opener"}],"event_choices":[{"damage_healed":0,"gold_gain":0,"player_choice":"Leave","damage_taken":0,"max_hp_gain":0,"max_hp_loss":0,"event_name":"The Cleric","floor":2,"gold_loss":0},{"damage_healed":0,"gold_gain":0,"player_choice":"Success","damage_taken":3,"relics_obtained":["Art of War"],"max_hp_gain":0,"max_hp_loss":0,"event_name":"Scrap Ooze","floor":3,"gold_loss":0},{"cards_removed":["Strike_R"],"damage_healed":0,"gold_gain":0,"player_choice":"Offered Basic","damage_taken":0,"max_hp_gain":0,"max_hp_loss":0,"event_name":"Bonfire Elementals","floor":4,"gold_loss":0},{"damage_healed":0,"gold_gain":0,"player_choice":"Lose Max HP","damage_taken":0,"relics_obtained":["Golden Idol"],"max_hp_gain":0,"max_hp_loss":6,"event_name":"Golden Idol","floor":12,"gold_loss":0},{"damage_healed":0,"gold_gain":0,"player_choice":"Trade","damage_taken":0,"relics_obtained":["FaceOfCleric"],"max_hp_gain":0,"max_hp_loss":0,"event_name":"FaceTrader","floor":13,"gold_loss":0}],"is_beta":false,"boss_relics":[{"not_picked":["Fusion Hammer","Calling Bell"],"picked":"Philosopher\u0027s Stone"}],"items_purged_floors":[],"is_endless":false,"potions_floor_spawned":[14,18,22],"killed_by":"Gremlin Leader","ascension_level":13}