{"gold_per_floor":[112,132,152,152,2,33,33,33,115,125,125,125,158,16,16,16],"floor_reached":16,"playtime":583,"items_purged":["Strike_R","Strike_R"],"score":216,"play_id":"2ac58acb-7b92-46da-ac7a-02a9c39d80f9","local_time":"20190601021942","is_ascension_mode":true,"campfire_choices":[{"data":"Blood for Blood","floor":7.0,"key":"SMITH"},{"data":"Brutality","floor":11.0,"key":"SMITH"},{"data":"Burning Pact","floor":15.0,"key":"SMITH"}],"neow_cost":"PERCENT_DAMAGE","seed_source_timestamp":448778319179500,"circlet_count":0,"master_deck":["AscendersBane","Defend_R","Defend_R","Defend_R","Defend_R","Bash","Brutality+1","Blood for Blood+1","Evolve","Shrug It Off","Power Through","Bludgeon","Burning Pact+1","Dropkick"],"special_seed":0,"relics":["Burning Blood","PreservedInsect","Frozen Egg 2","Potion Belt","The Courier"],"potions_floor_usage":[],"damage_taken":[{"damage":3.0,"enemies":"Cultist","floor":1.0,"turns":3.0},{"damage":7.0,"enemies":"Small Slimes","floor":2.0,"turns":3.0},{"damage":5.0,"enemies":"Jaw Worm","floor":3.0,"turns":4.0},{"damage":16.0,"enemies":"Lagavulin","floor":6.0,"turns":7.0},{"damage":6.0,"enemies":"Lots of Slimes","floor":10.0,"turns":5.0},{"damage":10.0,"enemies":"Gremlin Nob","floor":13.0,"turns":3.0},{"damage":22,"enemies":"Slime Boss","floor":16,"turns":6}],"seed_played":"-3654590862499509051","potions_obtained":[{"floor":2.0,"key":"Fire Potion"},{"floor":3.0,"key":"Fire Potion"},{"floor":13.0,"key":"Explosive Potion"}],"is_trial":false,"path_per_floor":["M","M","M","?","$","E","R","?","T","M","R","?","E","$","R","B"],"character_chosen":"IRONCLAD","items_purchased":["Bludgeon","Dropkick"],"campfire_rested":0,"item_purchase_floors":[5,14],"current_hp_per_floor":[53,52,53,53,53,43,43,43,43,43,43,25,21,21,21,0],"gold":16,"neow_bonus":"TRANSFORM_TWO_CARDS","is_prod":false,"is_daily":false,"chose_seed":false,"campfire_upgraded":3,"win_rate":0,"timestamp":1559323182,"path_taken":["M","M","?","?","$","E","R","?","T","?","R","?","E","?","R","BOSS"],"build_version":"2019-01-23","purchased_purges":2,"victory":false,"max_hp_per_floor":[75,75,75,75,75,75,75,75,75,75,75,75,75,75,75,75],"card_choices":[{"not_picked":["Body Slam","Headbutt"],"picked":"Evolve","floor":1.0},{"not_picked":["Thunderclap","Clash"],"picked":"Shrug It Off","floor":2.0},{"not_picked":["Brutality","Shrug It Off"],"picked":"Power Through","floor":3.0},{"not_picked":["Twin Strike","Seeing Red","Dropkick"],"picked":"SKIP","floor":6.0},{"not_picked":["Clothesline","Shrug It Off","Sword Boomerang"],"picked":"SKIP","floor":10.0},{"not_picked":["Thunderclap","True Grit"],"picked":"Burning Pact","floor":13.0}],"player_experience":5233314,"relics_obtained":[{"floor":6.0,"key":"PreservedInsect"},{"floor":9.0,"key":"Frozen Egg 2"},{"floor":13.0,"key":"The Courier"}],"event_choices":[{"damage_healed":0.0,"max_hp_gain":0.0,"max_hp_loss":0.0,"gold_gain":0.0,"event_name":"Shining Light","player_choice":"Ignored","floor":4.0,"gold_loss":0.0,"damage_taken":0.0},{"cards_removed":["Strike_R"],"damage_healed":0.0,"max_hp_gain":0.0,"max_hp_loss":0.0,"gold_gain":0.0,"event_name":"Purifier","player_choice":"Purged","floor":8.0,"gold_loss":0.0,"damage_taken":0.0},{"damage_healed":0.0,"max_hp_gain":0.0,"max_hp_loss":0.0,"gold_gain":0.0,"event_name":"Scrap Ooze","player_choice":"Success","floor":12.0,"gold_loss":0.0,"damage_taken":18.0,"relics_obtained":["Potion Belt"]}],"is_beta":false,"boss_relics":[],"items_purged_floors":[5,14],"is_endless":false,"potions_floor_spawned":[2,3,13],"killed_by":"Slime Boss","ascension_level":20}