{"gold_per_floor":[112,92,107,30,46,46,80,100,100,120,120],"floor_reached":11,"playtime":545,"items_purged":[],"score":104,"play_id":"678cc476-2267-41a6-80af-1bb3b4124018","local_time":"20190724225853","is_ascension_mode":true,"campfire_choices":[{"floor":6,"key":"RECALL"}],"neow_cost":"NONE","seed_source_timestamp":1227496824498100,"circlet_count":0,"master_deck":["Strike_R","Strike_R","Strike_R","Strike_R","Strike_R","Defend_R","Defend_R","Defend_R","Defend_R","Bash","Pummel","Seeing Red","Rage","Feel No Pain","Dropkick","Iron Wave"],"relics":["Burning Blood","Pear","Dead Branch"],"potions_floor_usage":[7,7,11],"damage_taken":[{"damage":7,"enemies":"Jaw Worm","floor":1,"turns":5},{"damage":1,"enemies":"Cultist","floor":3,"turns":3},{"damage":0,"enemies":"2 Louse","floor":5,"turns":2},{"damage":13,"enemies":"3 Sentries","floor":7,"turns":8},{"damage":23,"enemies":"Exordium Thugs","floor":8,"turns":5},{"damage":27,"enemies":"Lots of Slimes","floor":10,"turns":6},{"damage":59,"enemies":"Lagavulin","floor":11,"turns":13}],"seed_played":"6992240796922166347","potions_obtained":[{"floor":2,"key":"LiquidBronze"},{"floor":3,"key":"SteroidPotion"},{"floor":10,"key":"Ancient Potion"}],"is_trial":false,"path_per_floor":["M","?","M","$","M","R","E","M","T","M","E"],"character_chosen":"IRONCLAD","items_purchased":["Rage"],"campfire_rested":0,"item_purchase_floors":[4],"current_hp_per_floor":[87,87,88,88,88,88,91,74,74,53,0],"gold":120,"neow_bonus":"TEN_PERCENT_HP_BONUS","is_prod":false,"is_daily":false,"chose_seed":false,"campfire_upgraded":0,"win_rate":0,"timestamp":1564027133,"path_taken":["M","?","M","$","?","R","E","M","T","M","E"],"build_version":"2019-07-17","purchased_purges":0,"victory":false,"max_hp_per_floor":[88,88,88,88,88,88,98,98,98,98,98],"card_choices":[{"not_picked":["Anger","Sentinel"],"picked":"Pummel","floor":1},{"not_picked":["Perfected Strike","Heavy Blade"],"picked":"Seeing Red","floor":3},{"not_picked":["Twin Strike","Corruption"],"picked":"Feel No Pain","floor":5},{"not_picked":["Thunderclap","Cleave"],"picked":"Dropkick","floor":7},{"not_picked":["Shrug It Off","Armaments"],"picked":"Iron Wave","floor":8},{"not_picked":["Dropkick","Anger","Cleave"],"picked":"SKIP","floor":10}],"player_experience":176075,"relics_obtained":[{"floor":7,"key":"Pear"},{"floor":9,"key":"Dead Branch"}],"event_choices":[{"damage_healed":0,"gold_gain":0,"player_choice":"Bought 1 Potion","damage_taken":0,"max_hp_gain":0,"max_hp_loss":0,"event_name":"The Woman in Blue","floor":2,"gold_loss":0}],"is_beta":false,"boss_relics":[],"items_purged_floors":[],"is_endless":false,"potions_floor_spawned":[3,10],"killed_by":"Lagavulin","ascension_level":1}