{"gold_per_floor":[10,24,24,74,90,90,116,116,116,132,163,163,175,194,194,272,272,286,286,286,120,139,139,154,189,213,213,34,47,47,80,80,159,159,169,169,186,186,204,204,232,251,277,295,314,339,371,393,405,417],"floor_reached":50,"playtime":2093,"items_purged":["Strike_B","Defend_B"],"score":1112,"play_id":"aee0da0d-972c-4078-87c1-34951671df8d","local_time":"20190713010443","is_ascension_mode":true,"campfire_choices":[{"data":"Streamline","floor":6,"key":"SMITH"},{"data":"Zap","floor":8,"key":"SMITH"},{"data":"Self Repair","floor":12,"key":"SMITH"},{"data":"Self Repair","floor":15,"key":"SMITH"},{"data":"Biased Cognition","floor":23,"key":"SMITH"},{"data":"Darkness","floor":27,"key":"SMITH"},{"floor":30,"key":"REST"},{"data":"Coolheaded","floor":32,"key":"SMITH"},{"data":"Redo","floor":40,"key":"SMITH"},{"floor":49,"key":"RECALL"}],"neow_cost":"NO_GOLD","seed_source_timestamp":197403462700500,"circlet_count":0,"master_deck":["AscendersBane","Defend_B","Defend_B","Defend_B","Zap+1","Dualcast","Sweeping Beam","Streamline+1","Rebound","Self Repair+1","Self Repair+1","Turbo","Biased Cognition+1","RitualDagger","Panacea","Undo","Coolheaded+1","Darkness+1","Hologram","Compile Driver","BootSequence+1","Steam Power+1","Core Surge","Genetic Algorithm+1","Redo+1","Seek","Fusion+1","Compile Driver+1"],"relics":["Cracked Core","Ginger","Nunchaku","Orichalcum","Empty Cage","Centennial Puzzle","PreservedInsect","Potion Belt","Gambling Chip","Nuclear Battery","Regal Pillow","MawBank"],"potions_floor_usage":[7,16,16,24,29,33,45,46,50],"damage_taken":[{"damage":1,"enemies":"2 Louse","floor":1,"turns":2},{"damage":0,"enemies":"Small Slimes","floor":2,"turns":2},{"damage":0,"enemies":"Cultist","floor":5,"turns":3},{"damage":25,"enemies":"Lagavulin","floor":7,"turns":5},{"damage":3,"enemies":"Blue Slaver","floor":10,"turns":3},{"damage":25,"enemies":"3 Sentries","floor":11,"turns":6},{"damage":6,"enemies":"Looter","floor":13,"turns":3},{"damage":11,"enemies":"Red Slaver","floor":14,"turns":3},{"damage":10,"enemies":"The Guardian","floor":16,"turns":10},{"damage":39,"enemies":"Shell Parasite","floor":18,"turns":6},{"damage":12,"enemies":"Chosen","floor":22,"turns":4},{"damage":32,"enemies":"Snake Plant","floor":24,"turns":4},{"damage":42,"enemies":"Book of Stabbing","floor":25,"turns":6},{"damage":16,"enemies":"Centurion and Healer","floor":29,"turns":5},{"damage":40,"enemies":"Gremlin Leader","floor":31,"turns":5},{"damage":46,"enemies":"Collector","floor":33,"turns":8},{"damage":0,"enemies":"Orb Walker","floor":35,"turns":3},{"damage":18,"enemies":"3 Darklings","floor":37,"turns":5},{"damage":22,"enemies":"Transient","floor":39,"turns":6},{"damage":22,"enemies":"Giant Head","floor":41,"turns":6},{"damage":21,"enemies":"Jaw Worm Horde","floor":42,"turns":5},{"damage":4,"enemies":"4 Shapes","floor":44,"turns":6},{"damage":4,"enemies":"Transient","floor":45,"turns":6},{"damage":45,"enemies":"Reptomancer","floor":46,"turns":10},{"damage":10,"enemies":"Sphere and 2 Shapes","floor":47,"turns":5},{"damage":10,"enemies":"Spire Growth","floor":48,"turns":4},{"damage":87,"enemies":"Donu and Deca","floor":50,"turns":7}],"seed_played":"8069894368819547142","potions_obtained":[{"floor":5,"key":"FearPotion"},{"floor":7,"key":"Poison Potion"},{"floor":11,"key":"Block Potion"},{"floor":13,"key":"PowerPotion"},{"floor":16,"key":"Explosive Potion"},{"floor":18,"key":"Energy Potion"},{"floor":22,"key":"Regen Potion"},{"floor":31,"key":"Fire Potion"},{"floor":37,"key":"Ancient Potion"},{"floor":42,"key":"Strength Potion"},{"floor":48,"key":"PowerPotion"}],"is_trial":false,"path_per_floor":["M","M","?","?","M","R","E","R","T","M","E","R","M","M","R","B",null,"M","?","?","$","M","R","M","E","T","R","$","M","R","E","R","B",null,"M","?","M","?","M","R","E","M","T","M","M","E","M","M","R","B"],"character_chosen":"DEFECT","items_purchased":["Panacea","Hologram","Compile Driver"],"campfire_rested":1,"item_purchase_floors":[21,28,28],"current_hp_per_floor":[77,77,77,77,77,77,52,52,52,49,24,24,28,34,34,54,77,58,52,52,52,60,60,60,38,38,38,38,42,67,47,47,21,69,85,85,85,85,83,83,81,80,80,85,85,60,70,80,80,0],"gold":417,"neow_bonus":"TWENTY_PERCENT_HP_BONUS","is_prod":false,"is_daily":false,"chose_seed":false,"campfire_upgraded":8,"win_rate":0,"timestamp":1562947483,"path_taken":["M","M","?","?","M","R","E","R","T","M","E","R","M","?","R","BOSS","M","?","?","$","M","R","M","E","T","R","$","?","R","E","R","BOSS","M","?","M","?","M","R","E","M","T","M","M","E","M","M","R","BOSS"],"build_version":"2019-07-05","purchased_purges":2,"victory":false,"max_hp_per_floor":[85,85,85,85,85,85,85,85,85,85,85,85,85,85,85,85,85,85,85,85,85,85,85,85,85,85,85,85,85,85,85,85,85,85,85,85,85,85,85,85,85,85,85,85,85,85,85,85,85,85],"card_choices":[{"not_picked":["Steam","Streamline"],"picked":"Sweeping Beam","floor":1},{"not_picked":["Chill","Steam"],"picked":"Streamline","floor":2},{"not_picked":["Streamline","Genetic Algorithm"],"picked":"Rebound","floor":5},{"not_picked":["Steam","Storm","Compile Driver"],"picked":"SKIP","floor":7},{"not_picked":["Redo","Stack"],"picked":"Rebound","floor":10},{"not_picked":["Steam","Meteor Strike"],"picked":"Self Repair","floor":11},{"not_picked":["Cold Snap","Compile Driver"],"picked":"Self Repair","floor":13},{"not_picked":["Leap","Coolheaded"],"picked":"Turbo","floor":14},{"not_picked":["Fission","Creative AI"],"picked":"Biased Cognition","floor":16},{"not_picked":["Sweeping Beam","Static Discharge","Stack+1"],"picked":"SKIP","floor":18},{"not_picked":["Leap","Scrape+1"],"picked":"Undo","floor":22},{"not_picked":["Streamline","Darkness"],"picked":"Coolheaded","floor":24},{"not_picked":["Multi-Cast","Redo"],"picked":"Darkness","floor":25},{"not_picked":["Turbo","Static Discharge"],"picked":"BootSequence+1","floor":29},{"not_picked":["Gash","Blizzard"],"picked":"Steam Power+1","floor":31},{"not_picked":["Fission","Machine Learning"],"picked":"Core Surge","floor":33},{"not_picked":["Melter+1","Ball Lightning+1"],"picked":"Coolheaded","floor":35},{"not_picked":["Hello World","Self Repair"],"picked":"Genetic Algorithm+1","floor":37},{"not_picked":["Hologram","Coolheaded"],"picked":"Redo","floor":39},{"not_picked":["Steam","Compile Driver","Barrage"],"picked":"SKIP","floor":41},{"not_picked":["Steam","Compile Driver","Barrage"],"picked":"SKIP","floor":41},{"not_picked":["BootSequence","Steam"],"picked":"Seek","floor":42},{"not_picked":["Streamline","Force Field","Scrape"],"picked":"SKIP","floor":44},{"not_picked":["Stack","Auto Shields"],"picked":"Fusion+1","floor":45},{"not_picked":["Hologram","Stack+1","Rebound+1"],"picked":"SKIP","floor":46},{"not_picked":["Hologram","Stack+1","Rebound+1"],"picked":"SKIP","floor":46},{"not_picked":["Beam Cell","Turbo","Lockon"],"picked":"SKIP","floor":47},{"not_picked":["Rebound","Doom and Gloom"],"picked":"Compile Driver+1","floor":48}],"player_experience":5660482,"relics_obtained":[{"floor":7,"key":"Ginger"},{"floor":9,"key":"Nunchaku"},{"floor":11,"key":"Orichalcum"},{"floor":25,"key":"PreservedInsect"},{"floor":26,"key":"Potion Belt"},{"floor":31,"key":"Gambling Chip"},{"floor":41,"key":"Regal Pillow"},{"floor":46,"key":"MawBank"}],"event_choices":[{"cards_removed":["Strike_B"],"damage_healed":0,"gold_gain":0,"player_choice":"Forget","damage_taken":0,"max_hp_gain":0,"max_hp_loss":0,"event_name":"Living Wall","floor":3,"gold_loss":0},{"damage_healed":0,"gold_gain":50,"player_choice":"Pray","damage_taken":0,"max_hp_gain":0,"max_hp_loss":0,"event_name":"Golden Shrine","floor":4,"gold_loss":0},{"damage_healed":0,"gold_gain":0,"player_choice":"Joined the Cult","damage_taken":6,"max_hp_gain":0,"max_hp_loss":0,"event_name":"Nest","floor":19,"gold_loss":0,"cards_obtained":["RitualDagger"]},{"cards_removed":["Rebound"],"damage_healed":0,"gold_gain":0,"player_choice":"Gave Card","damage_taken":0,"relics_obtained":["Centennial Puzzle"],"max_hp_gain":0,"max_hp_loss":0,"event_name":"WeMeetAgain","floor":20,"gold_loss":0},{"cards_removed":["Coolheaded"],"damage_healed":0,"gold_gain":0,"player_choice":"Removed Skill","damage_taken":0,"max_hp_gain":0,"max_hp_loss":0,"event_name":"Falling","floor":36,"gold_loss":0},{"damage_healed":0,"gold_gain":0,"player_choice":"Ignored","damage_taken":0,"max_hp_gain":0,"max_hp_loss":0,"event_name":"Tomb of Lord Red Mask","floor":38,"gold_loss":0}],"is_beta":false,"boss_relics":[{"not_picked":["Ectoplasm","Velvet Choker"],"picked":"Empty Cage"},{"not_picked":["Sozu","Eternal Feather"],"picked":"Nuclear Battery"}],"items_purged_floors":[21,28],"is_endless":false,"potions_floor_spawned":[5,7,11,13,16,18,22,31,37,42,48],"killed_by":"Donu and Deca","ascension_level":20}