{"gold_per_floor":[14,14,29,40,40,74,74,86,86,86,104,115,146,157,157,253,303,320,332,355,370,370,370,370,370,394,421,421,435,462,130,130,130],"floor_reached":33,"playtime":4160,"items_purged":["Strike_B"],"score":347,"play_id":"424f9e5f-94f8-4024-83dd-b5edf995a4ac","local_time":"20190716190919","is_ascension_mode":false,"campfire_choices":[{"data":"Glacier","floor":7,"key":"SMITH"},{"data":"Double Energy","floor":10,"key":"SMITH"},{"floor":15,"key":"REST"},{"floor":23,"key":"REST"},{"data":"Doom and Gloom","floor":25,"key":"SMITH"},{"data":"Discovery","floor":28,"key":"SMITH"},{"data":"Lockon","floor":32,"key":"SMITH"}],"neow_cost":"NO_GOLD","seed_source_timestamp":518905117017200,"circlet_count":0,"master_deck":["Strike_B","Strike_B","Strike_B","Defend_B","Defend_B","Defend_B","Zap","Dualcast","Lockon+1","Doom and Gloom+1","Glacier+1","Double Energy+1","Heatsinks+1","Storm","Lockon+1","Sunder+1","Rebound+1","Cold Snap+1","All For One+1","Streamline+1","Coolheaded","Blizzard+1","All For One+1","Ghostly","Ghostly","Ghostly","Ghostly","Ghostly","Discovery+1","Recycle+1","Gash+1"],"relics":["Cracked Core","Molten Egg 2","WingedGreaves","Unceasing Top","Matryoshka","Tiny House","Bottled Tornado","Boot","Shuriken","Blood Vial","Centennial Puzzle","Frozen Egg 2","Pear"],"potions_floor_usage":[12,14,16,16,30,33,33,33,33],"damage_taken":[{"damage":7,"enemies":"Small Slimes","floor":1,"turns":4},{"damage":13,"enemies":"Jaw Worm","floor":3,"turns":3},{"damage":0,"enemies":"Cultist","floor":4,"turns":3},{"damage":22,"enemies":"Lagavulin","floor":6,"turns":6},{"damage":0,"enemies":"Red Slaver","floor":8,"turns":3},{"damage":0,"enemies":"Looter","floor":11,"turns":3},{"damage":8,"enemies":"Gremlin Gang","floor":12,"turns":3},{"damage":14,"enemies":"Gremlin Nob","floor":13,"turns":3},{"damage":14,"enemies":"Blue Slaver","floor":14,"turns":3},{"damage":32,"enemies":"The Guardian","floor":16,"turns":7},{"damage":10,"enemies":"Spheric Guardian","floor":18,"turns":3},{"damage":44,"enemies":"3 Byrds","floor":19,"turns":6},{"damage":25,"enemies":"3 Cultists","floor":21,"turns":5},{"damage":0,"enemies":"Gremlin Leader","floor":27,"turns":8},{"damage":0,"enemies":"Snecko","floor":29,"turns":4},{"damage":5,"enemies":"Book of Stabbing","floor":30,"turns":6},{"damage":53,"enemies":"Automaton","floor":33,"turns":8}],"seed_played":"-2716884058421256657","potions_obtained":[{"floor":1,"key":"Energy Potion"},{"floor":4,"key":"Swift Potion"},{"floor":8,"key":"SteroidPotion"},{"floor":11,"key":"Swift Potion"},{"floor":12,"key":"Fire Potion"},{"floor":16,"key":"AttackPotion"},{"floor":17,"key":"SteroidPotion"},{"floor":18,"key":"EntropicBrew"}],"is_trial":false,"path_per_floor":["M","?","M","M","?","E","R","M","T","R","M","M","E","M","R","B",null,"M","M","T","M","?","R","?","R","T","E","R","M","E","$","R","B"],"character_chosen":"DEFECT","items_purchased":["Pear"],"campfire_rested":2,"item_purchase_floors":[31],"current_hp_per_floor":[82,82,69,69,69,47,47,47,47,47,47,39,25,11,37,5,94,84,40,40,15,15,29,29,29,29,31,31,33,30,40,40,0],"gold":130,"neow_bonus":"TWENTY_PERCENT_HP_BONUS","is_prod":false,"is_daily":false,"chose_seed":false,"campfire_upgraded":5,"win_rate":0.0,"timestamp":1563322159,"path_taken":["M","?","M","M","?","E","R","M","T","R","M","M","E","M","R","BOSS","M","M","?","?","?","R","?","R","T","E","R","?","E","$","R","BOSS"],"build_version":"2019-07-05","purchased_purges":1,"victory":false,"max_hp_per_floor":[89,89,89,89,89,89,89,89,89,89,89,89,89,89,89,89,94,94,94,94,94,47,47,47,47,47,47,47,47,47,57,57,57],"card_choices":[{"not_picked":["Sweeping Beam","Rebound"],"picked":"Lockon","floor":1},{"not_picked":["Double Energy","Stack"],"picked":"Glacier","floor":3},{"not_picked":["Reprogram","Capacitor"],"picked":"Double Energy","floor":4},{"not_picked":["Go for the Eyes+1","Beam Cell+1"],"picked":"Heatsinks","floor":6},{"not_picked":["Heatsinks","Undo"],"picked":"Storm","floor":8},{"not_picked":["Chill","Coolheaded"],"picked":"Lockon+1","floor":11},{"not_picked":["Auto Shields","Redo"],"picked":"Sunder+1","floor":12},{"not_picked":["Turbo","Leap"],"picked":"Rebound+1","floor":13},{"not_picked":["Hello World","Redo"],"picked":"Cold Snap+1","floor":14},{"not_picked":["Seek","Electrodynamics"],"picked":"All For One+1","floor":16},{"not_picked":["Melter+1","Leap"],"picked":"Streamline+1","floor":17},{"not_picked":["Steam+1","Barrage+1"],"picked":"Coolheaded","floor":18},{"not_picked":["Streamline+1","Force Field"],"picked":"Blizzard+1","floor":19},{"not_picked":["Sweeping Beam+1","Barrage+1"],"picked":"All For One+1","floor":21},{"not_picked":["Chaos+1","Go for the Eyes+1"],"picked":"Recycle+1","floor":27},{"not_picked":["Chill","Reinforced Body+1"],"picked":"Gash+1","floor":29},{"not_picked":["Hologram","Turbo+1","Beam Cell+1"],"picked":"SKIP","floor":30}],"player_experience":61267,"relics_obtained":[{"floor":6,"key":"WingedGreaves"},{"floor":9,"key":"Unceasing Top"},{"floor":13,"key":"Matryoshka"},{"floor":20,"key":"Bottled Tornado"},{"floor":20,"key":"Boot"},{"floor":26,"key":"Shuriken"},{"floor":26,"key":"Blood Vial"},{"floor":27,"key":"Centennial Puzzle"},{"floor":30,"key":"Frozen Egg 2"}],"event_choices":[{"damage_healed":0,"gold_gain":0,"cards_transformed":["Defend_B"],"player_choice":"Change","damage_taken":0,"max_hp_gain":0,"max_hp_loss":0,"event_name":"Living Wall","floor":2,"gold_loss":0,"cards_obtained":["Doom and Gloom"]},{"damage_healed":0,"gold_gain":0,"player_choice":"Gave Potion","damage_taken":0,"relics_obtained":["Molten Egg 2"],"max_hp_gain":0,"max_hp_loss":0,"event_name":"WeMeetAgain","floor":5,"gold_loss":0},{"damage_healed":0,"gold_gain":0,"player_choice":"Became a Ghost","damage_taken":0,"max_hp_gain":0,"max_hp_loss":47,"event_name":"Ghosts","floor":22,"gold_loss":0,"cards_obtained":["Ghostly","Ghostly","Ghostly","Ghostly","Ghostly"]},{"damage_healed":0,"gold_gain":0,"player_choice":"1 cards matched","damage_taken":0,"max_hp_gain":0,"max_hp_loss":0,"event_name":"Match and Keep!","floor":24,"gold_loss":0,"cards_obtained":["Discovery"]}],"is_beta":false,"boss_relics":[{"not_picked":["Black Star","Velvet Choker"],"picked":"Tiny House"}],"items_purged_floors":[31],"is_endless":false,"potions_floor_spawned":[1,4,8,11,12,16,18,19,27],"killed_by":"Automaton","ascension_level":0}