{"gold_per_floor":[118,118,132,132,155,155,191,204,204,219,219,233,254,297,297,395,395,416,431,470,494,419,419,434,434,459,459,509,509,509,6,6,99,99,124,137,262,595,485,513,513,523,547,564,564,584,584,584,584,584,584,584,584,33,64,64],"floor_reached":57,"playtime":2031,"items_purged":["Normality","Decay"],"score":2909,"play_id":"ab1df26a-0866-489e-bf90-8d2d032495d6","local_time":"20190524232836","is_ascension_mode":true,"campfire_choices":[{"data":"Perfected Strike","floor":6.0,"key":"SMITH"},{"data":"Bash","floor":11.0,"key":"SMITH"},{"data":"Demon Form","floor":15.0,"key":"SMITH"},{"data":"Havoc","floor":23.0,"key":"SMITH"},{"data":"Immolate","floor":25.0,"key":"SMITH"},{"data":"Evolve","floor":30.0,"key":"SMITH"},{"data":"Flex","floor":32.0,"key":"SMITH"},{"floor":41.0,"key":"REST"},{"data":"Corruption","floor":45.0,"key":"SMITH"},{"floor":49,"key":"RECALL"},{"data":"Offering","floor":53,"key":"SMITH"}],"neow_cost":"NONE","seed_source_timestamp":170398006962500,"circlet_count":0,"master_deck":["AscendersBane","Strike_R+1","Strike_R+1","Strike_R+1","Strike_R+1","Defend_R+1","Defend_R+1","Defend_R+1","Defend_R+1","Bash+1","Perfected Strike+1","Pommel Strike+1","Flame Barrier","Clash","Thunderclap","Demon Form+1","Feel No Pain","Metallicize","Juggernaut","Havoc+1","Evolve+1","Perfected Strike","Immolate+1","Flex+1","PanicButton","Offering+1","Iron Wave+1","True Grit+1","Burning Pact+1","Feed","Corruption+1","Feel No Pain+1","Reaper"],"special_seed":0,"relics":["Burning Blood","Champion Belt","Question Card","Mummified Hand","Lantern","Cursed Key","Red Mask","Bag of Preparation","OrangePellets","Lizard Tail","Incense Burner","Dead Branch","Vajra","Anchor","Pantograph"],"potions_floor_usage":[56,56],"damage_taken":[{"damage":9.0,"enemies":"Jaw Worm","floor":1.0,"turns":6.0},{"damage":1.0,"enemies":"Small Slimes","floor":3.0,"turns":4.0},{"damage":0.0,"enemies":"2 Louse","floor":5.0,"turns":2.0},{"damage":35.0,"enemies":"Lagavulin","floor":7.0,"turns":6.0},{"damage":16.0,"enemies":"Large Slime","floor":8.0,"turns":7.0},{"damage":0.0,"enemies":"2 Fungi Beasts","floor":10.0,"turns":3.0},{"damage":10.0,"enemies":"Gremlin Gang","floor":12.0,"turns":4.0},{"damage":16.0,"enemies":"Exordium Thugs","floor":13.0,"turns":4.0},{"damage":0.0,"enemies":"Gremlin Nob","floor":14.0,"turns":2.0},{"damage":18.0,"enemies":"Slime Boss","floor":16.0,"turns":6.0},{"damage":12.0,"enemies":"Chosen","floor":18.0,"turns":5.0},{"damage":12.0,"enemies":"Shell Parasite","floor":19.0,"turns":4.0},{"damage":14.0,"enemies":"Masked Bandits","floor":20.0,"turns":4.0},{"damage":12.0,"enemies":"Shelled Parasite and Fungi","floor":21.0,"turns":4.0},{"damage":9.0,"enemies":"Centurion and Healer","floor":24.0,"turns":5.0},{"damage":29.0,"enemies":"Collector","floor":33.0,"turns":7.0},{"damage":23.0,"enemies":"Orb Walker","floor":35.0,"turns":3.0},{"damage":1.0,"enemies":"3 Shapes","floor":36.0,"turns":11.0},{"damage":7.0,"enemies":"Mind Bloom Boss Battle","floor":37.0,"turns":8.0},{"damage":28.0,"enemies":"Giant Head","floor":40.0,"turns":7.0},{"damage":18.0,"enemies":"Jaw Worm Horde","floor":42.0,"turns":3.0},{"damage":0.0,"enemies":"Writhing Mass","floor":44.0,"turns":5.0},{"damage":0.0,"enemies":"3 Darklings","floor":46.0,"turns":3.0},{"damage":0,"enemies":"Donu and Deca","floor":50,"turns":4},{"damage":12,"enemies":"Time Eater","floor":51,"turns":4},{"damage":8,"enemies":"Shield and Spear","floor":55,"turns":3},{"damage":28,"enemies":"The Heart","floor":56,"turns":6}],"seed_played":"-5133572785005618821","potions_obtained":[{"floor":5.0,"key":"FairyPotion"},{"floor":7.0,"key":"Swift Potion"},{"floor":12.0,"key":"Energy Potion"},{"floor":16.0,"key":"Poison Potion"},{"floor":19.0,"key":"Swift Potion"},{"floor":20.0,"key":"Regen Potion"},{"floor":24.0,"key":"FearPotion"},{"floor":36.0,"key":"LiquidBronze"},{"floor":42.0,"key":"FearPotion"}],"is_trial":false,"path_per_floor":["M","?","M","?","M","R","E","M","T","M","R","M","M","E","R","B",null,"M","M","?","M","?","R","M","R","T","?","?","?","R","$","R","B",null,"M","M","?","?","?","E","R","M","T","M","R","M","T","?","R","B","B",null,"R","$","E","B",null],"character_chosen":"IRONCLAD","items_purchased":["OrangePellets","Flex","PanicButton","PowerPotion","PowerPotion","SkillPotion","Vajra","Anchor"],"campfire_rested":1,"item_purchase_floors":[31,31,31,31,54,54,54,54],"current_hp_per_floor":[72,72,74,63,69,69,40,30,30,36,36,32,22,28,28,16,60,54,48,40,46,46,46,43,43,43,43,43,74,74,74,74,51,68,51,56,55,55,55,33,55,43,43,49,49,55,55,55,55,74,72,77,77,77,78,81],"gold":64,"neow_bonus":"TEN_PERCENT_HP_BONUS","is_prod":false,"is_daily":false,"chose_seed":false,"campfire_upgraded":9,"win_rate":0,"timestamp":1558708116,"path_taken":["M","?","M","?","M","R","E","M","T","M","R","M","M","E","R","BOSS","M","M","?","M","?","R","M","R","T","?","?","?","R","$","R","BOSS","M","?","?","?","?","E","R","M","T","?","R","M","?","?","R","BOSS","BOSS","R","$","E","BOSS"],"build_version":"2019-01-23","purchased_purges":2,"victory":true,"max_hp_per_floor":[82,74,74,74,74,74,74,74,74,74,74,74,74,74,74,74,74,74,74,74,74,74,74,74,74,74,74,74,74,74,74,74,74,74,74,74,74,74,74,74,74,74,74,74,74,74,74,74,74,74,78,78,78,78,81,81],"card_choices":[{"not_picked":["Armaments","Pommel Strike"],"picked":"Perfected Strike","floor":1.0},{"not_picked":["Flex","Dual Wield"],"picked":"Pommel Strike","floor":3.0},{"not_picked":["Twin Strike","Rupture"],"picked":"Anger","floor":5.0},{"not_picked":["Berserk","Anger"],"picked":"Flame Barrier","floor":7.0},{"not_picked":["Sword Boomerang","Body Slam","Burning Pact"],"picked":"Clash","floor":8.0},{"not_picked":["Cleave","Sentinel","Anger"],"picked":"Thunderclap","floor":10.0},{"not_picked":["Twin Strike","Clash","Whirlwind"],"picked":"Demon Form","floor":12.0},{"not_picked":["Pommel Strike","Clothesline","Headbutt"],"picked":"Feel No Pain","floor":13.0},{"not_picked":["Anger","Clothesline","Fire Breathing"],"picked":"Metallicize","floor":14.0},{"not_picked":["Offering","Limit Break","Impervious"],"picked":"Juggernaut","floor":16.0},{"not_picked":["Heavy Blade","Rage","Pummel","Anger"],"picked":"SKIP","floor":18.0},{"not_picked":["Pommel Strike","Warcry","Flex"],"picked":"Havoc","floor":19.0},{"not_picked":["Impervious","Pummel","Cleave"],"picked":"Evolve","floor":20.0},{"not_picked":["Bloodletting","Warcry","Cleave"],"picked":"Perfected Strike","floor":21.0},{"not_picked":["Anger","Entrench","Disarm"],"picked":"Immolate","floor":24.0},{"not_picked":["Double Tap","Immolate","Exhume"],"picked":"Offering","floor":33.0},{"not_picked":["Perfected Strike","Pommel Strike","Cleave"],"picked":"Iron Wave+1","floor":35.0},{"not_picked":["Heavy Blade","Combust","Headbutt"],"picked":"True Grit+1","floor":36.0},{"not_picked":["Hemokinesis","Bloodletting","Shrug It Off"],"picked":"Burning Pact+1","floor":37.0},{"not_picked":["Uppercut","Whirlwind+1","Sword Boomerang"],"picked":"Feed","floor":40.0},{"not_picked":["Pommel Strike+1","Clothesline","Armaments"],"picked":"Corruption","floor":42.0},{"not_picked":["Headbutt","Reckless Charge","Flex"],"picked":"Feel No Pain+1","floor":44.0},{"not_picked":["Flame Barrier","Thunderclap","Infernal Blade+1"],"picked":"Reaper","floor":46.0},{"not_picked":["Cleave+1","Sentinel","Ghostly Armor","Havoc+1"],"picked":"SKIP","floor":55}],"player_experience":5134000,"relics_obtained":[{"floor":7.0,"key":"Question Card"},{"floor":9.0,"key":"Mummified Hand"},{"floor":14.0,"key":"Lantern"},{"floor":20.0,"key":"Red Mask"},{"floor":26.0,"key":"Bag of Preparation"},{"floor":37.0,"key":"Incense Burner"},{"floor":40.0,"key":"Dead Branch"},{"floor":55,"key":"Pantograph"}],"event_choices":[{"damage_healed":0.0,"max_hp_gain":0.0,"max_hp_loss":8.0,"gold_gain":0.0,"event_name":"Golden Idol","player_choice":"Lose Max HP","floor":2.0,"gold_loss":0.0,"damage_taken":0.0,"relics_obtained":["Golden Idol"]},{"damage_healed":0.0,"max_hp_gain":0.0,"max_hp_loss":0.0,"gold_gain":0.0,"event_name":"Scrap Ooze","player_choice":"Success","floor":4.0,"gold_loss":0.0,"damage_taken":11.0,"relics_obtained":["Champion Belt"]},{"damage_healed":0.0,"max_hp_gain":0.0,"max_hp_loss":0.0,"gold_gain":0.0,"event_name":"Masked Bandits","player_choice":"Fought Bandits","floor":20.0,"gold_loss":0.0,"damage_taken":0.0},{"cards_removed":["Strike_R"],"damage_healed":0.0,"max_hp_gain":0.0,"max_hp_loss":0.0,"gold_gain":0.0,"event_name":"Beggar","player_choice":"Gave Gold","floor":22.0,"gold_loss":75.0,"damage_taken":0.0},{"damage_healed":0.0,"max_hp_gain":0.0,"max_hp_loss":0.0,"gold_gain":0.0,"event_name":"Back to Basics","player_choice":"Simplicity","floor":27.0,"gold_loss":0.0,"damage_taken":0.0,"cards_upgraded":["Strike_R","Strike_R","Strike_R","Strike_R","Defend_R","Defend_R","Defend_R","Defend_R"]},{"damage_healed":0.0,"max_hp_gain":0.0,"max_hp_loss":0.0,"gold_gain":50.0,"event_name":"Nest","player_choice":"Stole From Cult","floor":28.0,"gold_loss":0.0,"damage_taken":0.0},{"damage_healed":31.0,"max_hp_gain":0.0,"max_hp_loss":0.0,"gold_gain":0.0,"event_name":"Wheel of Change","player_choice":"Full Heal","floor":29.0,"gold_loss":0.0,"damage_taken":0.0},{"damage_healed":0.0,"max_hp_gain":0.0,"max_hp_loss":0.0,"gold_gain":0.0,"event_name":"MindBloom","player_choice":"Fight","floor":37.0,"gold_loss":0.0,"damage_taken":0.0},{"damage_healed":0.0,"max_hp_gain":0.0,"max_hp_loss":0.0,"gold_gain":333.0,"event_name":"The Moai Head","player_choice":"Gave Idol","floor":38.0,"relics_lost":["Golden Idol"],"gold_loss":0.0,"damage_taken":0.0},{"cards_removed":["Anger"],"damage_healed":0.0,"max_hp_gain":0.0,"max_hp_loss":0.0,"gold_gain":0.0,"event_name":"Designer","player_choice":"Upgrade and Remove","floor":39.0,"gold_loss":110.0,"damage_taken":0.0,"cards_upgraded":["Pommel Strike"]},{"damage_healed":0,"gold_gain":0,"player_choice":"Ignored","damage_taken":0,"max_hp_gain":0,"max_hp_loss":0,"event_name":"Mysterious Sphere","floor":48,"gold_loss":0}],"is_beta":false,"boss_relics":[{"not_picked":["Black Blood","Runic Cube"],"picked":"Cursed Key"},{"not_picked":["Sozu","Runic Dome"],"picked":"Lizard Tail"}],"items_purged_floors":[31,54],"is_endless":false,"potions_floor_spawned":[5,7,12,13,14,16,19,20,24,36,42,44,55],"ascension_level":20}