{"gold_per_floor":[109,125,135,76,76,110,110,138,138,138,165,165,191,24,24,99,99,116,116,131,131,131,131,158,178,201,201,39,39,55,55,55,55],"floor_reached":33,"playtime":980,"items_purged":[],"score":701,"play_id":"427b2702-dfbc-40aa-bf46-6142a7438f81","local_time":"20190714190526","is_ascension_mode":true,"campfire_choices":[{"floor":7,"key":"REST"},{"data":"Bash","floor":10,"key":"SMITH"},{"data":"Flame Barrier","floor":12,"key":"SMITH"},{"floor":15,"key":"REST"},{"data":"Limit Break","floor":23,"key":"SMITH"},{"data":"Perfected Strike","floor":27,"key":"SMITH"},{"data":"Perfected Strike","floor":29,"key":"SMITH"},{"data":"Shrug It Off","floor":32,"key":"SMITH"}],"neow_cost":"","seed_source_timestamp":2008931402912023,"circlet_count":0,"master_deck":["AscendersBane","Strike_R","Strike_R","Strike_R","Strike_R","Strike_R","Defend_R","Defend_R","Defend_R","Defend_R","Bash+1","Iron Wave","Twin Strike","Armaments+1","Pommel Strike","Shrug It Off+1","Flame Barrier+1","Feed","Sword Boomerang","Limit Break+1","Perfected Strike+1","Perfected Strike+1","Reaper"],"relics":["Burning Blood","StoneCalendar","Vajra","Dodecahedron","Meat on the Bone","Bronze Scales","Boot","Pen Nib","Runic Dome","MutagenicStrength","Anchor","Centennial Puzzle"],"potions_floor_usage":[6,33],"damage_taken":[{"damage":9,"enemies":"2 Louse","floor":1,"turns":4},{"damage":2,"enemies":"Jaw Worm","floor":2,"turns":5},{"damage":10,"enemies":"Small Slimes","floor":3,"turns":3},{"damage":15,"enemies":"3 Sentries","floor":6,"turns":7},{"damage":23,"enemies":"Lagavulin","floor":8,"turns":7},{"damage":21,"enemies":"Gremlin Nob","floor":11,"turns":4},{"damage":4,"enemies":"The Guardian","floor":16,"turns":11},{"damage":5,"enemies":"Spheric Guardian","floor":18,"turns":5},{"damage":0,"enemies":"Chosen","floor":20,"turns":3},{"damage":30,"enemies":"Gremlin Leader","floor":24,"turns":7},{"damage":18,"enemies":"Sentry and Sphere","floor":25,"turns":5},{"damage":0,"enemies":"Snake Plant","floor":30,"turns":2},{"damage":85,"enemies":"Champ","floor":33,"turns":6}],"seed_played":"5752351655771653526","potions_obtained":[{"floor":1,"key":"SteroidPotion"},{"floor":2,"key":"Block Potion"},{"floor":11,"key":"SmokeBomb"}],"is_trial":false,"path_per_floor":["M","M","M","$","?","E","R","E","T","R","E","R","T","$","R","B",null,"M","$","M","?","?","R","E","M","T","R","$","R","M","$","R","B"],"character_chosen":"IRONCLAD","items_purchased":["Armaments","Pen Nib","Reaper"],"campfire_rested":2,"item_purchase_floors":[4,14,28],"current_hp_per_floor":[54,58,54,54,54,45,67,50,50,50,47,47,47,47,69,71,74,78,78,78,78,78,78,54,57,57,57,57,57,67,67,67,0],"gold":55,"neow_bonus":"","is_prod":false,"is_daily":false,"chose_seed":false,"campfire_upgraded":6,"win_rate":0,"timestamp":1563127526,"path_taken":["M","M","M","$","?","E","R","E","T","R","E","R","?","$","R","BOSS","M","$","M","?","?","R","E","M","T","R","$","R","M","?","R","BOSS"],"build_version":"2019-07-05","purchased_purges":0,"victory":false,"max_hp_per_floor":[75,75,75,75,75,75,75,75,75,75,75,75,75,75,75,75,75,78,78,78,78,78,78,78,81,81,81,81,81,85,85,85,85],"card_choices":[{"not_picked":["Body Slam","Bloodletting"],"picked":"Iron Wave","floor":1},{"not_picked":["Pummel","Headbutt"],"picked":"Twin Strike","floor":2},{"not_picked":["Warcry","Carnage","Wild Strike"],"picked":"SKIP","floor":3},{"not_picked":["Armaments","Brutality"],"picked":"Pommel Strike","floor":6},{"not_picked":["Heavy Blade","Havoc"],"picked":"Shrug It Off","floor":8},{"not_picked":["Clothesline","Carnage"],"picked":"Flame Barrier","floor":11},{"not_picked":["Exhume","Double Tap"],"picked":"Feed","floor":16},{"not_picked":["Havoc","Heavy Blade"],"picked":"Sword Boomerang","floor":18},{"not_picked":["Sword Boomerang","Body Slam","Cleave"],"picked":"SKIP","floor":20},{"not_picked":["Dropkick","Battle Trance"],"picked":"Perfected Strike","floor":24},{"not_picked":["Uppercut","Body Slam"],"picked":"Perfected Strike","floor":25},{"not_picked":["Clothesline+1","Cleave","Iron Wave"],"picked":"SKIP","floor":30}],"player_experience":424109,"relics_obtained":[{"floor":6,"key":"Vajra"},{"floor":8,"key":"Dodecahedron"},{"floor":9,"key":"Meat on the Bone"},{"floor":11,"key":"Bronze Scales"},{"floor":13,"key":"Boot"},{"floor":24,"key":"Anchor"},{"floor":26,"key":"Centennial Puzzle"}],"event_choices":[{"damage_healed":0,"gold_gain":0,"player_choice":"Grow","damage_taken":0,"max_hp_gain":0,"max_hp_loss":0,"event_name":"Living Wall","floor":5,"gold_loss":0,"cards_upgraded":["Armaments"]},{"damage_healed":0,"gold_gain":0,"player_choice":"Read","damage_taken":0,"max_hp_gain":0,"max_hp_loss":0,"event_name":"The Library","floor":21,"gold_loss":0,"cards_obtained":["Limit Break"]},{"damage_healed":0,"gold_gain":0,"player_choice":"Inject Mutagens","damage_taken":0,"relics_obtained":["MutagenicStrength"],"max_hp_gain":0,"max_hp_loss":0,"event_name":"Drug Dealer","floor":22,"gold_loss":0}],"is_beta":false,"boss_relics":[{"not_picked":["Tiny House","Eternal Feather"],"picked":"Runic Dome"}],"items_purged_floors":[],"is_endless":false,"potions_floor_spawned":[1,2,3,11,18],"killed_by":"Champ","ascension_level":17}