{"gold_per_floor":[99,99,18,18,18,18,18,18,18,18,18,18,18,18,18,18,18,18,18,18,18,18,18,18,18,18,18,18,18,18,18,18,18],"floor_reached":33,"playtime":498,"items_purged":[],"score":284,"play_id":"f709f248-3d1f-4ec7-8f16-33353ea3966b","local_time":"20190518004610","is_ascension_mode":false,"campfire_choices":[{"floor":6,"key":"RECALL"}],"neow_cost":"","seed_source_timestamp":0,"circlet_count":0,"master_deck":["Strike_R+1","Strike_R+1","Strike_R+1","Strike_R+1","Strike_R+1","Defend_R+1","Defend_R+1","Defend_R+1","Defend_R+1","Bash+1","Clothesline","Iron Wave","Blood for Blood","Pain","Clothesline","Clothesline","Infernal Blade","Pommel Strike","Ghostly","Ghostly","Ghostly","Ghostly","Ghostly","RitualDagger","J.A.X.","Disarm","Evolve"],"relics":["Burning Blood","Mark of Pain","Dodecahedron","Runic Dome","Velvet Choker","Busted Crown","Sozu","Ectoplasm","Cursed Key","Coffee Dripper","Nuclear Battery","Fusion Hammer","Philosopher\u0027s Stone","Strawberry","Runic Cube","Bag of Preparation"],"potions_floor_usage":[],"damage_taken":[{"damage":0,"enemies":"Small Slimes","floor":1,"turns":2},{"damage":4,"enemies":"Jaw Worm","floor":2,"turns":3},{"damage":0,"enemies":"Cultist","floor":10,"turns":2},{"damage":9,"enemies":"Exordium Thugs","floor":12,"turns":2},{"damage":2,"enemies":"Blue Slaver","floor":13,"turns":2},{"damage":1,"enemies":"3 Louse","floor":14,"turns":3},{"damage":38,"enemies":"Hexaghost","floor":16,"turns":6},{"damage":3,"enemies":"Shell Parasite","floor":18,"turns":2},{"damage":7,"enemies":"Chosen","floor":21,"turns":4},{"damage":3,"enemies":"Snake Plant","floor":27,"turns":2},{"damage":7,"enemies":"Centurion and Healer","floor":28,"turns":4},{"damage":17,"enemies":"Chosen and Byrds","floor":29,"turns":4},{"damage":2,"enemies":"Snecko","floor":30,"turns":4},{"damage":11,"enemies":"Book of Stabbing","floor":31,"turns":3},{"damage":31,"enemies":"Champ","floor":33,"turns":6}],"seed_played":"8502063781359247345","potions_obtained":[],"is_trial":true,"path_per_floor":["M","M","$","?","?","R","$","R","T","M","$","M","M","M","R","B",null,"M","?","$","M","?","R","?","?","T","M","M","M","M","E","R","B"],"character_chosen":"IRONCLAD","items_purchased":["Blood for Blood"],"campfire_rested":0,"item_purchase_floors":[3],"current_hp_per_floor":[80,80,80,85,68,68,68,68,75,81,81,78,82,87,87,55,92,92,46,46,45,45,45,39,39,39,42,41,30,34,29,29,0],"gold":18,"neow_bonus":"","is_prod":false,"is_daily":false,"chose_seed":false,"campfire_upgraded":0,"win_rate":0,"timestamp":1558107970,"path_taken":["M","M","$","?","?","R","$","R","T","M","?","M","M","M","R","BOSS","M","?","$","M","?","R","?","?","T","M","M","M","?","E","R","BOSS"],"build_version":"2019-01-23","purchased_purges":0,"victory":false,"max_hp_per_floor":[80,80,80,85,85,85,85,85,92,92,92,92,92,92,92,92,92,92,46,46,46,46,46,46,46,46,46,46,46,46,46,46,46],"card_choices":[{"not_picked":[],"picked":"Clothesline","floor":1},{"not_picked":[],"picked":"Iron Wave","floor":2},{"not_picked":[],"picked":"Clothesline","floor":10},{"not_picked":[],"picked":"Clothesline","floor":12},{"not_picked":[],"picked":"Infernal Blade","floor":13},{"not_picked":[],"picked":"Pommel Strike","floor":14},{"not_picked":["Infernal Blade"],"picked":"SKIP","floor":27},{"not_picked":["Combust+1"],"picked":"SKIP","floor":28},{"not_picked":[],"picked":"Disarm","floor":29},{"not_picked":["Anger+1"],"picked":"SKIP","floor":30},{"not_picked":[],"picked":"Evolve","floor":31}],"player_experience":5060706,"relics_obtained":[{"floor":9,"key":"Strawberry"},{"floor":31,"key":"Bag of Preparation"}],"event_choices":[{"damage_healed":0,"gold_gain":0,"player_choice":"Donut","damage_taken":0,"max_hp_gain":5,"max_hp_loss":0,"event_name":"Big Fish","floor":4,"gold_loss":0},{"damage_healed":0,"gold_gain":0,"player_choice":"Entered Light","damage_taken":17,"max_hp_gain":0,"max_hp_loss":0,"event_name":"Shining Light","floor":5,"gold_loss":0,"cards_upgraded":["Strike_R","Bash"]},{"damage_healed":0,"gold_gain":0,"player_choice":"Became a Ghost","damage_taken":0,"max_hp_gain":0,"max_hp_loss":46,"event_name":"Ghosts","floor":19,"gold_loss":0,"cards_obtained":["Ghostly","Ghostly","Ghostly","Ghostly","Ghostly"]},{"damage_healed":0,"gold_gain":0,"player_choice":"Simplicity","damage_taken":0,"max_hp_gain":0,"max_hp_loss":0,"event_name":"Back to Basics","floor":22,"gold_loss":0,"cards_upgraded":["Strike_R","Strike_R","Strike_R","Strike_R","Defend_R","Defend_R","Defend_R","Defend_R"]},{"damage_healed":0,"gold_gain":0,"player_choice":"Joined the Cult","damage_taken":6,"max_hp_gain":0,"max_hp_loss":0,"event_name":"Nest","floor":24,"gold_loss":0,"cards_obtained":["RitualDagger"]},{"damage_healed":0,"gold_gain":0,"player_choice":"Obtain J.A.X.","damage_taken":0,"max_hp_gain":0,"max_hp_loss":0,"event_name":"Drug Dealer","floor":25,"gold_loss":0,"cards_obtained":["J.A.X."]}],"is_beta":false,"boss_relics":[{"not_picked":["Empty Cage","Coffee Dripper"],"picked":"Runic Cube"}],"items_purged_floors":[],"is_endless":false,"potions_floor_spawned":[12,13,14,29,30,31],"killed_by":"Champ","ascension_level":0}