{"gold_per_floor":[110,110,110,128,128,128,161,161,161,174,198,41,55,74,74,177,177,196,206,10,40,40,58,68,19,44,62,24,24,36,52,52,52],"floor_reached":33,"playtime":1263,"items_purged":[],"score":329,"play_id":"d98cee96-93d2-456d-8433-341a283194ac","local_time":"20190702235720","is_ascension_mode":true,"campfire_choices":[{"data":"Bash","floor":6,"key":"SMITH"},{"data":"True Grit","floor":15,"key":"SMITH"},{"data":"Armaments","floor":29,"key":"SMITH"},{"floor":32,"key":"REST"}],"neow_cost":"NONE","seed_source_timestamp":989350188659808,"circlet_count":0,"master_deck":["Bash+1","Inflame+1","Shrug It Off","Sword Boomerang","Flex","True Grit+1","Cleave","Dark Embrace","Reaper","True Grit","Iron Wave","Combust","Iron Wave","Anger","Heavy Blade","Intimidate","Spot Weakness","Inflame+1","Armaments+1","Dropkick+1","Rage","Heavy Blade","Ghostly Armor","Ghostly Armor","Shrug It Off+1","Flame Barrier"],"relics":["Burning Blood","NeowsBlessing","Happy Flower","Regal Pillow","War Paint","Ancient Tea Set","Omamori","Pandora\u0027s Box","Lee\u0027s Waffle","Tiny Chest","Nilry\u0027s Codex","Bag of Marbles"],"potions_floor_usage":[14,14,19,24,27,33],"damage_taken":[{"damage":0,"enemies":"Small Slimes","floor":1,"turns":1},{"damage":0,"enemies":"Jaw Worm","floor":4,"turns":1},{"damage":0,"enemies":"Lagavulin","floor":7,"turns":1},{"damage":1,"enemies":"2 Louse","floor":10,"turns":3},{"damage":0,"enemies":"Large Slime","floor":13,"turns":2},{"damage":5,"enemies":"Gremlin Gang","floor":14,"turns":4},{"damage":58,"enemies":"The Guardian","floor":16,"turns":14},{"damage":17,"enemies":"Spheric Guardian","floor":18,"turns":4},{"damage":32,"enemies":"Shell Parasite","floor":19,"turns":5},{"damage":24,"enemies":"Snecko","floor":23,"turns":4},{"damage":49,"enemies":"Shelled Parasite and Fungi","floor":24,"turns":5},{"damage":27,"enemies":"Cultist and Chosen","floor":27,"turns":5},{"damage":32,"enemies":"Snake Plant","floor":30,"turns":5},{"damage":3,"enemies":"Snecko","floor":31,"turns":3},{"damage":86,"enemies":"Automaton","floor":33,"turns":10}],"seed_played":"270722638486399861","potions_obtained":[{"floor":1,"key":"Poison Potion"},{"floor":10,"key":"FearPotion"},{"floor":14,"key":"Regen Potion"},{"floor":16,"key":"PowerPotion"},{"floor":23,"key":"Block Potion"},{"floor":27,"key":"FairyPotion"},{"floor":31,"key":"Block Potion"}],"is_trial":false,"path_per_floor":["M","?","?","M","?","R","E","?","T","M","T","$","M","M","R","B",null,"M","M","$","?","?","M","M","$","T","M","$","R","M","M","R","B"],"character_chosen":"IRONCLAD","items_purchased":["Omamori","Lee\u0027s Waffle","Heavy Blade","Ghostly Armor"],"campfire_rested":1,"item_purchase_floors":[12,20,25,28],"current_hp_per_floor":[80,85,67,73,73,73,79,79,79,84,84,84,85,85,85,33,85,74,68,92,92,76,68,29,29,29,21,21,21,15,18,60,0],"gold":52,"neow_bonus":"THREE_ENEMY_KILL","is_prod":false,"is_daily":false,"chose_seed":false,"campfire_upgraded":3,"win_rate":0,"timestamp":1562108240,"path_taken":["M","?","?","M","?","R","E","?","T","M","?","$","?","M","R","BOSS","M","M","$","?","?","M","M","?","T","M","$","R","M","M","R","BOSS"],"build_version":"2019-07-01","purchased_purges":0,"victory":false,"max_hp_per_floor":[80,85,85,85,85,85,85,85,85,85,85,85,85,85,85,85,85,85,85,92,92,92,92,92,92,92,92,92,92,92,92,92,92],"card_choices":[{"not_picked":["Pommel Strike","Heavy Blade"],"picked":"Inflame","floor":1},{"not_picked":["Warcry","Twin Strike"],"picked":"Shrug It Off","floor":4},{"not_picked":["Cleave","Rupture"],"picked":"Sword Boomerang","floor":7},{"not_picked":["Blood for Blood","Clash"],"picked":"Flex","floor":10},{"not_picked":["Sword Boomerang","Second Wind"],"picked":"True Grit","floor":13},{"not_picked":["Evolve","Dropkick"],"picked":"Cleave","floor":14},{"not_picked":["Offering","Impervious"],"picked":"Dark Embrace","floor":16},{"not_picked":["Thunderclap","Flex"],"picked":"Inflame+1","floor":18},{"not_picked":["Combust+1","Warcry"],"picked":"Armaments","floor":19},{"not_picked":["Havoc+1","True Grit"],"picked":"Dropkick+1","floor":23},{"not_picked":["Rupture+1","Shrug It Off"],"picked":"Rage","floor":24},{"not_picked":["Combust","Heavy Blade"],"picked":"Ghostly Armor","floor":27},{"not_picked":["Clothesline","Flex"],"picked":"Shrug It Off+1","floor":30},{"not_picked":["Clothesline+1","True Grit"],"picked":"Flame Barrier","floor":31}],"player_experience":82272,"relics_obtained":[{"floor":7,"key":"Regal Pillow"},{"floor":9,"key":"War Paint"},{"floor":11,"key":"Ancient Tea Set"},{"floor":22,"key":"Nilry\u0027s Codex"},{"floor":26,"key":"Bag of Marbles"}],"event_choices":[{"damage_healed":0,"gold_gain":0,"player_choice":"Donut","damage_taken":0,"max_hp_gain":5,"max_hp_loss":0,"event_name":"Big Fish","floor":2,"gold_loss":0},{"damage_healed":0,"gold_gain":0,"player_choice":"Success","damage_taken":18,"relics_obtained":["Happy Flower"],"max_hp_gain":0,"max_hp_loss":0,"event_name":"Scrap Ooze","floor":3,"gold_loss":0},{"damage_healed":0,"gold_gain":0,"player_choice":"Ignored","damage_taken":0,"max_hp_gain":0,"max_hp_loss":0,"event_name":"Liars Game","floor":5,"gold_loss":0},{"damage_healed":0,"gold_gain":0,"player_choice":"Grow","damage_taken":0,"max_hp_gain":0,"max_hp_loss":0,"event_name":"Living Wall","floor":8,"gold_loss":0,"cards_upgraded":["Inflame"]},{"damage_healed":0,"gold_gain":0,"player_choice":"Opened","damage_taken":0,"relics_obtained":["Tiny Chest"],"max_hp_gain":0,"max_hp_loss":0,"event_name":"The Mausoleum","floor":21,"gold_loss":0,"cards_obtained":["Writhe"]},{"damage_healed":0,"gold_gain":0,"player_choice":"Obtained Book","damage_taken":16,"max_hp_gain":0,"max_hp_loss":0,"event_name":"Cursed Tome","floor":22,"gold_loss":0}],"is_beta":false,"boss_relics":[{"not_picked":["Empty Cage","Lizard Tail"],"picked":"Pandora\u0027s Box"}],"items_purged_floors":[],"is_endless":false,"potions_floor_spawned":[1,10,14,16,23,27,31],"killed_by":"Automaton","ascension_level":4}