{"gold_per_floor":[19,19,29,49,67,67,79,112,112,112,112,112,125,158,158,235,235,255,325,425,443,493],"floor_reached":22,"playtime":685,"items_purged":[],"score":396,"play_id":"3a3b5d10-6ca5-429e-8486-1423a750d3cd","local_time":"20190523010428","is_ascension_mode":true,"campfire_choices":[{"data":"Blade Dance","floor":6,"key":"SMITH"},{"data":"Crippling Poison","floor":12,"key":"SMITH"},{"data":"Well Laid Plans","floor":15,"key":"SMITH"}],"neow_cost":"NO_GOLD","seed_source_timestamp":4721580316100,"circlet_count":0,"master_deck":["AscendersBane","Defend_G","Defend_G","Defend_G","Defend_G","Defend_G","Strike_G","Strike_G","Strike_G","Strike_G","Strike_G","Survivor","Neutralize","Die Die Die","Dash","Well Laid Plans+1","PiercingWail","Blade Dance+1","Slice","Crippling Poison+1","Deadly Poison","Dagger Spray","Wraith Form v2","Prepared+1","Backflip+1"],"relics":["Ring of the Snake","Ice Cream","Letter Opener","Ginger","Shovel","SsserpentHead","Boot","Cursed Key"],"potions_floor_usage":[8,14,16,18,22],"damage_taken":[{"damage":0,"enemies":"2 Louse","floor":1,"turns":3},{"damage":0,"enemies":"Cultist","floor":3,"turns":3},{"damage":0,"enemies":"Small Slimes","floor":4,"turns":3},{"damage":0,"enemies":"2 Fungi Beasts","floor":5,"turns":3},{"damage":0,"enemies":"Gremlin Gang","floor":7,"turns":3},{"damage":13,"enemies":"Lagavulin","floor":8,"turns":10},{"damage":0,"enemies":"Blue Slaver","floor":13,"turns":4},{"damage":20,"enemies":"Gremlin Nob","floor":14,"turns":4},{"damage":7,"enemies":"The Guardian","floor":16,"turns":11},{"damage":8,"enemies":"Chosen","floor":18,"turns":4},{"damage":6,"enemies":"2 Thieves","floor":19,"turns":4},{"damage":35,"enemies":"Shelled Parasite and Fungi","floor":21,"turns":6},{"damage":10,"enemies":"Snecko","floor":22,"turns":2}],"seed_played":"1654896300946589397","potions_obtained":[{"floor":1,"key":"Block Potion"},{"floor":4,"key":"Ancient Potion"},{"floor":7,"key":"EssenceOfSteel"},{"floor":14,"key":"SteroidPotion"},{"floor":16,"key":"Poison Potion"},{"floor":21,"key":"Poison Potion"}],"is_trial":false,"path_per_floor":["M","?","M","M","M","R","M","E","T","?","?","R","M","E","R","B",null,"M","M","?","M","M"],"character_chosen":"THE_SILENT","items_purchased":[],"campfire_rested":0,"item_purchase_floors":[],"current_hp_per_floor":[59,59,59,59,59,59,59,46,46,46,46,46,46,26,26,19,54,46,40,40,5,0],"gold":493,"neow_bonus":"THREE_RARE_CARDS","is_prod":false,"is_daily":false,"chose_seed":false,"campfire_upgraded":3,"win_rate":0,"timestamp":1558541068,"path_taken":["M","?","?","M","M","R","M","E","T","?","?","R","M","E","R","BOSS","M","?","?","M","?"],"build_version":"2019-01-23","purchased_purges":0,"victory":false,"max_hp_per_floor":[66,66,66,66,66,66,66,66,66,66,66,66,66,66,66,66,66,66,66,66,66,66],"card_choices":[{"not_picked":["Unload","After Image"],"picked":"Die Die Die","floor":0},{"not_picked":["Flying Knee","Setup"],"picked":"Dash","floor":1},{"not_picked":["Blade Dance","Sucker Punch"],"picked":"Well Laid Plans","floor":3},{"not_picked":["Dodge and Roll","Endless Agony"],"picked":"PiercingWail","floor":4},{"not_picked":["Cloak And Dagger","Prepared"],"picked":"Blade Dance","floor":5},{"not_picked":["Catalyst","Distraction"],"picked":"Slice","floor":7},{"not_picked":["Noxious Fumes","Masterful Stab"],"picked":"Crippling Poison","floor":8},{"not_picked":["Slice","Calculated Gamble"],"picked":"Deadly Poison","floor":13},{"not_picked":["Poisoned Stab","Bane"],"picked":"Dagger Spray","floor":14},{"not_picked":["Tools of the Trade","Doppelganger"],"picked":"Wraith Form v2","floor":16},{"not_picked":["Blade Dance","Underhanded Strike+1"],"picked":"Prepared+1","floor":18},{"not_picked":["Sucker Punch","Slice","Outmaneuver"],"picked":"SKIP","floor":19},{"not_picked":["Noxious Fumes","Bane"],"picked":"Backflip+1","floor":21}],"player_experience":5110898,"relics_obtained":[{"floor":8,"key":"Letter Opener"},{"floor":9,"key":"Ginger"},{"floor":14,"key":"Boot"}],"event_choices":[{"damage_healed":0,"gold_gain":0,"player_choice":"Gave Potion","damage_taken":0,"relics_obtained":["Ice Cream"],"max_hp_gain":0,"max_hp_loss":0,"event_name":"WeMeetAgain","floor":2,"gold_loss":0},{"damage_healed":0,"gold_gain":0,"player_choice":"Searched \u00271\u0027 times","damage_taken":0,"relics_obtained":["Shovel"],"max_hp_gain":0,"max_hp_loss":0,"event_name":"Dead Adventurer","floor":10,"gold_loss":0},{"damage_healed":0,"gold_gain":0,"player_choice":"Trade","damage_taken":0,"relics_obtained":["SsserpentHead"],"max_hp_gain":0,"max_hp_loss":0,"event_name":"FaceTrader","floor":11,"gold_loss":0},{"damage_healed":0,"gold_gain":50,"player_choice":"Pray","damage_taken":0,"max_hp_gain":0,"max_hp_loss":0,"event_name":"Golden Shrine","floor":20,"gold_loss":0}],"is_beta":false,"boss_relics":[{"not_picked":["Ectoplasm","Runic Pyramid"],"picked":"Cursed Key"}],"items_purged_floors":[],"is_endless":false,"potions_floor_spawned":[1,4,7,14,16,21],"killed_by":"Snecko","ascension_level":20}