{"gold_per_floor":[119,119,46,92,107,107,120,147,147,147,147,147,176,194,194,271,271,282,282,39,39,59,59,87,100,171,188,188],"floor_reached":28,"playtime":894,"items_purged":["Strike_R"],"score":373,"play_id":"29f429bd-788b-4e7a-b413-92a0a3095adf","local_time":"20190712002010","is_ascension_mode":true,"campfire_choices":[{"floor":6,"key":"REST"},{"floor":10,"key":"REST"},{"floor":12,"key":"RECALL"},{"floor":15,"key":"REST"},{"floor":23,"key":"REST"}],"neow_cost":"NONE","seed_source_timestamp":1768698908577525,"circlet_count":0,"master_deck":["AscendersBane","Strike_R","Defend_R","Defend_R","Defend_R","Defend_R","Bash","Clothesline","Twin Strike","Flame Barrier","Double Tap","Armaments","Battle Trance","Double Tap","Flex+1","Whirlwind+1","Demon Form","Sword Boomerang+1"],"relics":["Fusion Hammer","Smiling Mask","Ornamental Fan","Paper Frog","Molten Egg 2","Empty Cage","Bag of Marbles","Turnip","Red Mask"],"potions_floor_usage":[8,16,18,27,28,28],"damage_taken":[{"damage":11,"enemies":"2 Louse","floor":1,"turns":4},{"damage":0,"enemies":"Cultist","floor":5,"turns":3},{"damage":7,"enemies":"Jaw Worm","floor":7,"turns":3},{"damage":18,"enemies":"Gremlin Nob","floor":8,"turns":3},{"damage":40,"enemies":"3 Sentries","floor":13,"turns":10},{"damage":8,"enemies":"Exordium Wildlife","floor":14,"turns":4},{"damage":52,"enemies":"Slime Boss","floor":16,"turns":13},{"damage":2,"enemies":"3 Byrds","floor":18,"turns":4},{"damage":9,"enemies":"Shell Parasite","floor":22,"turns":3},{"damage":0,"enemies":"Masked Bandits","floor":24,"turns":1},{"damage":16,"enemies":"Centurion and Healer","floor":25,"turns":3},{"damage":30,"enemies":"Shelled Parasite and Fungi","floor":27,"turns":4},{"damage":33,"enemies":"Slavers","floor":28,"turns":3}],"seed_played":"7164468164668295129","potions_obtained":[{"floor":7,"key":"AttackPotion"},{"floor":14,"key":"PowerPotion"},{"floor":16,"key":"Fire Potion"},{"floor":27,"key":"Fire Potion"}],"is_trial":false,"path_per_floor":["M","?","$","T","M","R","M","E","T","R","?","R","E","M","R","B",null,"M","?","$","?","M","R","?","M","T","M","E"],"character_chosen":"IRONCLAD","items_purchased":["Ancient Potion","Bag of Marbles","Block Potion"],"campfire_rested":4,"item_purchase_floors":[3,20,20],"current_hp_per_floor":[61,61,61,61,61,80,73,55,55,79,79,79,39,31,55,3,61,59,59,59,59,50,74,74,58,58,28,0],"gold":188,"neow_bonus":"BOSS_RELIC","is_prod":false,"is_daily":false,"chose_seed":false,"campfire_upgraded":0,"win_rate":0,"timestamp":1562887210,"path_taken":["M","?","$","?","?","R","?","E","T","R","?","R","E","?","R","BOSS","M","?","$","?","M","R","?","?","T","M","E"],"build_version":"2019-07-05","purchased_purges":1,"victory":false,"max_hp_per_floor":[80,80,80,80,80,80,80,80,80,80,80,80,80,80,80,80,80,80,80,80,80,80,80,80,80,80,80,80],"card_choices":[{"not_picked":["Infernal Blade","Wild Strike"],"picked":"Clothesline","floor":1},{"not_picked":["Feel No Pain","Pommel Strike"],"picked":"Perfected Strike","floor":5},{"not_picked":["Wild Strike","Power Through"],"picked":"Twin Strike","floor":7},{"not_picked":["Infernal Blade","Fire Breathing"],"picked":"Flame Barrier","floor":8},{"not_picked":["Evolve","Ghostly Armor"],"picked":"Armaments","floor":13},{"not_picked":["Flex","Feel No Pain"],"picked":"Battle Trance","floor":14},{"not_picked":["Exhume","Impervious"],"picked":"Double Tap","floor":16},{"not_picked":["Bloodletting+1","Spot Weakness"],"picked":"Flex+1","floor":18},{"not_picked":["True Grit","Heavy Blade+1","Body Slam+1"],"picked":"SKIP","floor":22},{"not_picked":["Havoc","Warcry"],"picked":"Demon Form","floor":24},{"not_picked":["Pummel+1","Pommel Strike+1"],"picked":"Sword Boomerang+1","floor":25},{"not_picked":["Warcry","Headbutt+1","Anger+1"],"picked":"SKIP","floor":27}],"player_experience":368337,"relics_obtained":[{"floor":4,"key":"Smiling Mask"},{"floor":8,"key":"Ornamental Fan"},{"floor":9,"key":"Paper Frog"},{"floor":13,"key":"Molten Egg 2"},{"floor":24,"key":"Red Mask"}],"event_choices":[{"cards_removed":["Strike_R"],"damage_healed":0,"gold_gain":0,"player_choice":"Offered Basic","damage_taken":0,"max_hp_gain":0,"max_hp_loss":0,"event_name":"Bonfire Elementals","floor":2,"gold_loss":0},{"damage_healed":0,"gold_gain":0,"cards_transformed":["Perfected Strike"],"player_choice":"Transformed","damage_taken":0,"max_hp_gain":0,"max_hp_loss":0,"event_name":"Transmorgrifier","floor":11,"gold_loss":0,"cards_obtained":["Double Tap"]},{"damage_healed":0,"gold_gain":0,"player_choice":"Read","damage_taken":0,"max_hp_gain":0,"max_hp_loss":0,"event_name":"The Library","floor":19,"gold_loss":0,"cards_obtained":["Whirlwind"]},{"damage_healed":0,"gold_gain":0,"player_choice":"Opened","damage_taken":0,"relics_obtained":["Turnip"],"max_hp_gain":0,"max_hp_loss":0,"event_name":"The Mausoleum","floor":21,"gold_loss":0},{"damage_healed":0,"gold_gain":0,"player_choice":"Fought Bandits","damage_taken":0,"max_hp_gain":0,"max_hp_loss":0,"event_name":"Masked Bandits","floor":24,"gold_loss":0}],"is_beta":false,"boss_relics":[{"not_picked":["Ectoplasm","Tiny House"],"picked":"Empty Cage"}],"items_purged_floors":[20],"is_endless":false,"potions_floor_spawned":[7,14,16,24,27],"killed_by":"Slavers","ascension_level":13}