{"gold_per_floor":[119,119,133,152,162,191,204,204,228,248,266,300,314,389,389,389],"floor_reached":16,"playtime":479,"items_purged":[],"score":232,"play_id":"bba43067-7f5e-4e06-8a58-a071a2b19a24","local_time":"20190718031413","is_ascension_mode":true,"campfire_choices":[{"floor":8,"key":"REST"},{"data":"Shockwave","floor":15,"key":"SMITH"}],"neow_cost":"","seed_source_timestamp":631894530914400,"circlet_count":0,"master_deck":["Panacea","Panacea","Master of Strategy","Master of Strategy","Berserk","Berserk","Berserk","Defend_R","Defend_R","Defend_R","Defend_R","Bash","Strike_R","Strike_R","Strike_R","Strike_R","Strike_R","Shockwave+1","Anger","Whirlwind","Whirlwind","Impervious","Spot Weakness","Shrug It Off"],"relics":["Burning Blood","Bottled Tornado","OrangePellets","Letter Opener","Smiling Mask","Strawberry"],"potions_floor_usage":[7,12,16],"damage_taken":[{"damage":20,"enemies":"Small Slimes","floor":1,"turns":3},{"damage":9,"enemies":"Jaw Worm","floor":3,"turns":3},{"damage":0,"enemies":"Cultist","floor":4,"turns":2},{"damage":14,"enemies":"Exordium Thugs","floor":5,"turns":3},{"damage":37,"enemies":"Lagavulin","floor":6,"turns":7},{"damage":0,"enemies":"Gremlin Gang","floor":7,"turns":2},{"damage":7,"enemies":"Exordium Wildlife","floor":10,"turns":2},{"damage":3,"enemies":"Exordium Thugs","floor":11,"turns":4},{"damage":8,"enemies":"Gremlin Nob","floor":12,"turns":4},{"damage":14,"enemies":"3 Louse","floor":13,"turns":2},{"damage":36,"enemies":"Hexaghost","floor":16,"turns":9}],"seed_played":"-3564388490607140913","potions_obtained":[{"floor":4,"key":"Poison Potion"},{"floor":6,"key":"AttackPotion"},{"floor":7,"key":"Dexterity Potion"},{"floor":12,"key":"Fire Potion"}],"is_trial":true,"path_per_floor":["M","?","M","M","M","E","M","R","T","M","M","E","M","?","R","B"],"character_chosen":"IRONCLAD","items_purchased":[],"campfire_rested":1,"item_purchase_floors":[],"current_hp_per_floor":[54,54,51,57,49,18,24,46,46,45,48,53,45,34,34,0],"gold":389,"neow_bonus":"","is_prod":false,"is_daily":false,"chose_seed":false,"campfire_upgraded":1,"win_rate":0,"timestamp":1563387253,"path_taken":["M","?","M","M","M","E","M","R","T","M","M","E","M","?","R","BOSS"],"build_version":"2019-07-05","purchased_purges":0,"victory":false,"max_hp_per_floor":[75,75,75,75,75,75,75,75,75,75,75,82,82,82,82,82],"card_choices":[{"not_picked":["Clash","Havoc"],"picked":"Shockwave","floor":1},{"not_picked":["True Grit","Second Wind"],"picked":"Anger","floor":3},{"not_picked":["Entrench","Corruption"],"picked":"Whirlwind","floor":4},{"not_picked":["Warcry","Fire Breathing","Spot Weakness"],"picked":"SKIP","floor":5},{"not_picked":["Rupture","Thunderclap"],"picked":"Whirlwind","floor":6},{"not_picked":["True Grit","Sword Boomerang","Anger"],"picked":"SKIP","floor":7},{"not_picked":["Pummel","Pommel Strike"],"picked":"Impervious","floor":10},{"not_picked":["Hemokinesis","Clash","Body Slam"],"picked":"SKIP","floor":11},{"not_picked":["Body Slam","Clash"],"picked":"Spot Weakness","floor":12},{"not_picked":["Twin Strike","Iron Wave"],"picked":"Shrug It Off","floor":13}],"player_experience":5732188,"relics_obtained":[{"floor":6,"key":"Letter Opener"},{"floor":9,"key":"Smiling Mask"},{"floor":12,"key":"Strawberry"}],"event_choices":[{"damage_healed":0,"gold_gain":0,"player_choice":"Ignored","damage_taken":0,"max_hp_gain":0,"max_hp_loss":0,"event_name":"Liars Game","floor":2,"gold_loss":0},{"damage_healed":0,"gold_gain":75,"player_choice":"Gather Gold","damage_taken":11,"max_hp_gain":0,"max_hp_loss":0,"event_name":"World of Goop","floor":14,"gold_loss":0}],"is_beta":false,"boss_relics":[],"items_purged_floors":[],"is_endless":false,"potions_floor_spawned":[4,6,7,10,12],"killed_by":"Hexaghost","ascension_level":20}