{"gold_per_floor":[113,113,130,148,148,148,73,107,185,185,203,47,66,76,76,76],"floor_reached":16,"playtime":414,"items_purged":[],"score":204,"play_id":"5b86cf1d-c489-43f6-9f45-c07d4d88d37e","local_time":"20190404005354","is_ascension_mode":true,"campfire_choices":[{"data":"Prepared","floor":6.0,"key":"SMITH"},{"data":"Grand Finale","floor":15.0,"key":"SMITH"}],"neow_cost":"NONE","seed_source_timestamp":109612542360800,"circlet_count":0,"master_deck":["AscendersBane","Defend_G","Defend_G","Defend_G","Defend_G","Strike_G","Strike_G","Strike_G","Strike_G","Survivor","Neutralize","Reflex+1","Underhanded Strike","Prepared+1","Dagger Throw","Tools of the Trade","Backflip","Grand Finale+1","Concentrate"],"special_seed":0,"relics":["Ring of the Snake","NeowsBlessing","Potion Belt","Letter Opener"],"potions_floor_usage":[16],"damage_taken":[{"damage":0.0,"enemies":"Cultist","floor":1.0,"turns":1.0},{"damage":0.0,"enemies":"2 Louse","floor":3.0,"turns":1.0},{"damage":0.0,"enemies":"Jaw Worm","floor":4.0,"turns":1.0},{"damage":22.0,"enemies":"3 Sentries","floor":8.0,"turns":9.0},{"damage":0.0,"enemies":"2 Fungi Beasts","floor":11.0,"turns":3.0},{"damage":4.0,"enemies":"Gremlin Gang","floor":13.0,"turns":5.0},{"damage":14.0,"enemies":"Large Slime","floor":14.0,"turns":8.0},{"damage":19,"enemies":"Hexaghost","floor":16,"turns":9}],"seed_played":"2795223296574070681","potions_obtained":[{"floor":3.0,"key":"Explosive Potion"},{"floor":8.0,"key":"Block Potion"},{"floor":13.0,"key":"Strength Potion"}],"is_trial":false,"path_per_floor":["M","?","M","M","?","R","?","E","T","?","M","$","M","M","R","B"],"character_chosen":"THE_SILENT","items_purchased":["Grand Finale"],"campfire_rested":0,"item_purchase_floors":[12],"current_hp_per_floor":[59,59,59,59,59,59,59,37,37,37,37,37,33,19,19,0],"gold":76,"neow_bonus":"THREE_ENEMY_KILL","is_prod":false,"is_daily":false,"chose_seed":false,"campfire_upgraded":2,"win_rate":0,"timestamp":1554306834,"path_taken":["M","?","M","?","?","R","?","E","T","?","M","$","?","M","R","BOSS"],"build_version":"2019-01-23","purchased_purges":0,"victory":false,"max_hp_per_floor":[66,66,66,66,66,66,66,66,66,66,66,66,66,66,66,66],"card_choices":[{"not_picked":["Bane","Acrobatics"],"picked":"Reflex","floor":1.0},{"not_picked":["Deflect","Setup"],"picked":"Underhanded Strike","floor":3.0},{"not_picked":["Riddle With Holes","Heel Hook"],"picked":"Prepared","floor":4.0},{"not_picked":["Riddle With Holes","All Out Attack"],"picked":"Dagger Throw","floor":8.0},{"not_picked":["Dagger Spray","Sucker Punch"],"picked":"Backflip","floor":11.0},{"not_picked":["Quick Slash","Die Die Die"],"picked":"Concentrate","floor":13.0},{"not_picked":["Dagger Spray","Flying Knee","Dodge and Roll"],"picked":"SKIP","floor":14.0}],"player_experience":4699149,"relics_obtained":[{"floor":8.0,"key":"Potion Belt"},{"floor":9.0,"key":"Letter Opener"}],"event_choices":[{"damage_healed":0.0,"max_hp_gain":0.0,"max_hp_loss":0.0,"gold_gain":0.0,"event_name":"Upgrade Shrine","player_choice":"Upgraded","floor":2.0,"gold_loss":0.0,"damage_taken":0.0,"cards_upgraded":["Reflex"]},{"damage_healed":0.0,"max_hp_gain":0.0,"max_hp_loss":0.0,"gold_gain":0.0,"event_name":"Liars Game","player_choice":"Ignored","floor":5.0,"gold_loss":0.0,"damage_taken":0.0},{"cards_removed":["Defend_G"],"damage_healed":0.0,"max_hp_gain":0.0,"max_hp_loss":0.0,"gold_gain":0.0,"event_name":"The Cleric","player_choice":"Card Removal","floor":7.0,"gold_loss":75.0,"damage_taken":0.0},{"damage_healed":0.0,"max_hp_gain":0.0,"max_hp_loss":0.0,"gold_gain":0.0,"cards_transformed":["Strike_G"],"event_name":"Transmorgrifier","player_choice":"Transformed","floor":10.0,"gold_loss":0.0,"damage_taken":0.0,"cards_obtained":["Tools of the Trade"]}],"is_beta":false,"boss_relics":[],"items_purged_floors":[],"is_endless":false,"potions_floor_spawned":[3,8,13],"killed_by":"Hexaghost","ascension_level":20}