{"gold_per_floor":[12,30,30,43,57,57,85,85,85,85,129,150,150,171,171,299,299,320,334,334,358,358,358],"floor_reached":23,"playtime":1831,"items_purged":[],"score":228,"play_id":"a7f6dd9b-0f21-43c4-a1d9-571b386f44e9","local_time":"20190714223532","is_ascension_mode":false,"campfire_choices":[{"data":"Ball Lightning","floor":6,"key":"SMITH"},{"data":"Stack","floor":8,"key":"SMITH"},{"floor":15,"key":"REST"}],"neow_cost":"NO_GOLD","seed_source_timestamp":360804985077400,"circlet_count":0,"master_deck":["Defend_B","Defend_B","Defend_B","Zap","Dualcast","Stack+1","Ball Lightning+1","Coolheaded","Redo","Scrape","Streamline+1","Rebound+1","Lockon+1","Electrodynamics","Static Discharge","Ball Lightning+1","Redo","Bite+1","Bite+1","Bite+1","Bite+1","Bite+1"],"relics":["Cracked Core","Anchor","Centennial Puzzle","Golden Idol","Molten Egg 2","Black Star"],"potions_floor_usage":[5,5,7,11,16,16,23,23],"damage_taken":[{"damage":0,"enemies":"2 Louse","floor":1,"turns":2},{"damage":0,"enemies":"Cultist","floor":2,"turns":3},{"damage":0,"enemies":"Small Slimes","floor":4,"turns":2},{"damage":0,"enemies":"3 Louse","floor":5,"turns":2},{"damage":26,"enemies":"Gremlin Nob","floor":7,"turns":4},{"damage":22,"enemies":"Lagavulin","floor":11,"turns":4},{"damage":0,"enemies":"Exordium Wildlife","floor":12,"turns":3},{"damage":0,"enemies":"Looter","floor":14,"turns":2},{"damage":26,"enemies":"Slime Boss","floor":16,"turns":10},{"damage":0,"enemies":"Chosen","floor":18,"turns":3},{"damage":6,"enemies":"3 Byrds","floor":19,"turns":2},{"damage":48,"enemies":"3 Cultists","floor":21,"turns":5},{"damage":33,"enemies":"Book of Stabbing","floor":23,"turns":4}],"seed_played":"7279913311569146711","potions_obtained":[{"floor":2,"key":"Block Potion"},{"floor":3,"key":"Dexterity Potion"},{"floor":3,"key":"Explosive Potion"},{"floor":7,"key":"AttackPotion"},{"floor":11,"key":"Swift Potion"},{"floor":12,"key":"SteroidPotion"},{"floor":18,"key":"Weak Potion"},{"floor":19,"key":"GamblersBrew"}],"is_trial":false,"path_per_floor":["M","M","?","M","M","R","E","R","T","?","E","M","?","M","R","B",null,"M","M","?","M","?","E"],"character_chosen":"DEFECT","items_purchased":[],"campfire_rested":1,"item_purchase_floors":[],"current_hp_per_floor":[75,75,75,75,75,75,49,49,49,31,9,9,14,14,38,12,80,80,74,74,26,26,0],"gold":358,"neow_bonus":"REMOVE_TWO","is_prod":false,"is_daily":false,"chose_seed":false,"campfire_upgraded":2,"win_rate":0.0,"timestamp":1563161732,"path_taken":["M","M","?","M","?","R","E","R","T","?","E","M","?","M","R","BOSS","M","M","?","M","?","E"],"build_version":"2019-07-05","purchased_purges":0,"victory":false,"max_hp_per_floor":[75,75,75,75,75,75,75,75,75,75,75,75,80,80,80,80,80,80,80,80,80,56,56],"card_choices":[{"not_picked":["Steam","Capacitor"],"picked":"Stack","floor":1},{"not_picked":["Consume","Go for the Eyes"],"picked":"Ball Lightning","floor":2},{"not_picked":["Sweeping Beam","Genetic Algorithm"],"picked":"Coolheaded","floor":4},{"not_picked":["Hologram","Capacitor"],"picked":"Redo","floor":5},{"not_picked":["Skim","Coolheaded"],"picked":"Scrape","floor":7},{"not_picked":["Barrage","Leap"],"picked":"Streamline","floor":11},{"not_picked":["Coolheaded","Stack"],"picked":"Rebound+1","floor":12},{"not_picked":["Machine Learning","Cold Snap+1"],"picked":"Lockon+1","floor":14},{"not_picked":["All For One+1","Biased Cognition"],"picked":"Electrodynamics","floor":16},{"not_picked":["Hello World+1","Cold Snap+1"],"picked":"Static Discharge","floor":18},{"not_picked":["Rebound+1","Redo"],"picked":"Ball Lightning+1","floor":19},{"not_picked":["Leap","Conserve Battery"],"picked":"Redo","floor":21}],"player_experience":44428,"relics_obtained":[{"floor":7,"key":"Anchor"},{"floor":9,"key":"Centennial Puzzle"},{"floor":11,"key":"Molten Egg 2"}],"event_choices":[{"damage_healed":0,"gold_gain":0,"player_choice":"Got Potions","damage_taken":0,"max_hp_gain":0,"max_hp_loss":0,"event_name":"Lab","floor":3,"gold_loss":0},{"damage_healed":0,"gold_gain":0,"player_choice":"Take Damage","damage_taken":18,"relics_obtained":["Golden Idol"],"max_hp_gain":0,"max_hp_loss":0,"event_name":"Golden Idol","floor":10,"gold_loss":0},{"damage_healed":0,"gold_gain":0,"player_choice":"Donut","damage_taken":0,"max_hp_gain":5,"max_hp_loss":0,"event_name":"Big Fish","floor":13,"gold_loss":0},{"damage_healed":0,"gold_gain":0,"player_choice":"Ignored","damage_taken":0,"max_hp_gain":0,"max_hp_loss":0,"event_name":"Ghosts","floor":20,"gold_loss":0},{"damage_healed":0,"gold_gain":0,"player_choice":"Became a vampire","damage_taken":0,"max_hp_gain":0,"max_hp_loss":24,"event_name":"Vampires","floor":22,"gold_loss":0,"cards_obtained":["Bite","Bite","Bite","Bite","Bite"]}],"is_beta":false,"boss_relics":[{"not_picked":["Ectoplasm","Coffee Dripper"],"picked":"Black Star"}],"items_purged_floors":[],"is_endless":false,"potions_floor_spawned":[2,7,11,12,18,19],"killed_by":"Book of Stabbing","ascension_level":0}