{"gold_per_floor":[119,0,75,75,75,75,108,108,108,108,125,125,152,163,163,237,237,256,256,3,16,16,16,16,16,65,46,77,77,106,86,86,86],"floor_reached":33,"playtime":815,"items_purged":[],"score":731,"play_id":"a982c179-3e3b-4f0f-9601-cdc38577ba29","local_time":"20190717005207","is_ascension_mode":true,"campfire_choices":[{"floor":6,"key":"REST"},{"floor":8,"key":"REST"},{"floor":10,"key":"REST"},{"data":"Bash","floor":12,"key":"SMITH"},{"data":"Rampage","floor":15,"key":"SMITH"},{"data":"Flame Barrier","floor":23,"key":"SMITH"},{"floor":29,"key":"REST"},{"floor":32,"key":"REST"}],"neow_cost":"","seed_source_timestamp":2199102432542795,"circlet_count":0,"master_deck":["AscendersBane","Strike_R","Strike_R+1","Strike_R+1","Strike_R","Defend_R","Defend_R","Defend_R","Defend_R","Bash+1","Inflame","Rampage+1","Shockwave","Iron Wave","Battle Trance","Bludgeon","Carnage","Flame Barrier+1","Clothesline","Writhe","Whirlwind","Heavy Blade","Shockwave"],"relics":["Burning Blood","Membership Card","Orichalcum","Red Skull","Anchor","Whetstone","Regal Pillow","Snecko Eye","Bag of Marbles","ClockworkSouvenir","Darkstone Periapt","Juzu Bracelet","Nunchaku","Meat on the Bone"],"potions_floor_usage":[16,16,30,33],"damage_taken":[{"damage":11,"enemies":"Jaw Worm","floor":1,"turns":6},{"damage":55,"enemies":"3 Sentries","floor":7,"turns":12},{"damage":0,"enemies":"2 Louse","floor":11,"turns":2},{"damage":0,"enemies":"Cultist","floor":14,"turns":2},{"damage":23,"enemies":"Slime Boss","floor":16,"turns":5},{"damage":18,"enemies":"Spheric Guardian","floor":18,"turns":5},{"damage":18,"enemies":"2 Thieves","floor":21,"turns":4},{"damage":12,"enemies":"Gremlin Leader","floor":28,"turns":4},{"damage":72,"enemies":"Book of Stabbing","floor":30,"turns":7},{"damage":70,"enemies":"Champ","floor":33,"turns":8}],"seed_played":"-951214625238248396","potions_obtained":[{"floor":11,"key":"Explosive Potion"},{"floor":14,"key":"Fire Potion"},{"floor":18,"key":"Block Potion"},{"floor":31,"key":"LiquidBronze"}],"is_trial":false,"path_per_floor":["M","$","?","?","?","R","E","R","T","R","M","R","T","M","R","B",null,"M","?","$","M","?","R","?","$","T","$","E","R","E","?","R","B"],"character_chosen":"IRONCLAD","items_purchased":["Membership Card","Rampage","Orichalcum","Bag of Marbles","ClockworkSouvenir","Clothesline","Ancient Potion","Whirlwind"],"campfire_rested":5,"item_purchase_floors":[0,2,2,20,20,20,20,27],"current_hp_per_floor":[57,57,46,46,35,57,8,30,30,52,58,58,58,64,64,47,68,56,56,56,44,50,50,50,50,50,50,44,81,15,15,54,0],"gold":86,"neow_bonus":"","is_prod":false,"is_daily":false,"chose_seed":false,"campfire_upgraded":3,"win_rate":0,"timestamp":1563317527,"path_taken":["M","$","?","?","?","R","E","R","T","R","M","R","?","?","R","BOSS","M","?","$","?","?","R","?","$","T","?","E","R","E","?","R","BOSS"],"build_version":"2019-07-05","purchased_purges":0,"victory":false,"max_hp_per_floor":[75,75,75,75,75,75,75,75,75,75,75,75,75,75,75,75,75,75,75,75,75,81,81,81,81,81,81,81,81,81,81,81,81],"card_choices":[{"not_picked":["Evolve","Reckless Charge"],"picked":"Inflame","floor":1},{"not_picked":["Pommel Strike","Flex"],"picked":"Shockwave","floor":7},{"not_picked":["Carnage","Pommel Strike"],"picked":"Iron Wave","floor":11},{"not_picked":["Rage","Combust"],"picked":"Battle Trance","floor":14},{"not_picked":["Immolate","Fiend Fire"],"picked":"Bludgeon","floor":16},{"not_picked":["Headbutt","Burning Pact"],"picked":"Carnage","floor":18},{"not_picked":["Headbutt+1","Entrench","Twin Strike"],"picked":"SKIP","floor":21},{"not_picked":["Bloodletting","Headbutt"],"picked":"Heavy Blade","floor":28},{"not_picked":["Warcry","Feel No Pain"],"picked":"Shockwave","floor":30}],"player_experience":458036,"relics_obtained":[{"floor":7,"key":"Anchor"},{"floor":9,"key":"Whetstone"},{"floor":13,"key":"Regal Pillow"},{"floor":26,"key":"Juzu Bracelet"},{"floor":28,"key":"Nunchaku"},{"floor":30,"key":"Meat on the Bone"}],"event_choices":[{"damage_healed":0,"gold_gain":75,"player_choice":"Gather Gold","damage_taken":11,"max_hp_gain":0,"max_hp_loss":0,"event_name":"World of Goop","floor":3,"gold_loss":0},{"damage_healed":0,"gold_gain":0,"player_choice":"Ignored","damage_taken":0,"max_hp_gain":0,"max_hp_loss":0,"event_name":"Liars Game","floor":4,"gold_loss":0},{"damage_healed":0,"gold_gain":0,"player_choice":"Success","damage_taken":11,"relics_obtained":["Red Skull"],"max_hp_gain":0,"max_hp_loss":0,"event_name":"Scrap Ooze","floor":5,"gold_loss":0},{"damage_healed":0,"gold_gain":0,"cards_transformed":["Strike_R"],"player_choice":"Transformed","damage_taken":0,"max_hp_gain":0,"max_hp_loss":0,"event_name":"Transmorgrifier","floor":19,"gold_loss":0,"cards_obtained":["Flame Barrier"]},{"damage_healed":0,"gold_gain":0,"player_choice":"Opened","damage_taken":0,"relics_obtained":["Darkstone Periapt"],"max_hp_gain":0,"max_hp_loss":0,"event_name":"The Mausoleum","floor":22,"gold_loss":0,"cards_obtained":["Writhe"]},{"damage_healed":0,"gold_gain":0,"player_choice":"Ignored","damage_taken":0,"max_hp_gain":0,"max_hp_loss":0,"event_name":"Vampires","floor":24,"gold_loss":0},{"damage_healed":0,"gold_gain":0,"player_choice":"Bought 1 Potion","damage_taken":0,"max_hp_gain":0,"max_hp_loss":0,"event_name":"The Woman in Blue","floor":31,"gold_loss":0}],"is_beta":false,"boss_relics":[{"not_picked":["Black Blood","Tiny House"],"picked":"Snecko Eye"}],"items_purged_floors":[],"is_endless":false,"potions_floor_spawned":[11,14,18,21,28],"killed_by":"Champ","ascension_level":19}