{"gold_per_floor":[14,14,31,46,63,63,74,74,74,88,106,120,133,161,161,235,235,255,265,190,190],"floor_reached":21,"playtime":512,"items_purged":["Strike_R"],"score":374,"play_id":"b5a3fef3-bf22-4cad-ab99-c9bd3fb8c901","local_time":"20190414033500","is_ascension_mode":true,"campfire_choices":[{"data":"Battle Trance","floor":6.0,"key":"SMITH"},{"data":"Limit Break","floor":8.0,"key":"SMITH"},{"data":"Dual Wield","floor":15.0,"key":"SMITH"}],"neow_cost":"NO_GOLD","seed_source_timestamp":186150474895300,"circlet_count":0,"master_deck":["AscendersBane","Strike_R","Strike_R+1","Defend_R","Defend_R","Defend_R","Defend_R+1","Bash","Sentinel","Limit Break+1","Pommel Strike","Sever Soul","Battle Trance+1","Reaper","Pummel","Double Tap","Dual Wield+1","Reaper"],"special_seed":0,"relics":["Burning Blood","Letter Opener","Dodecahedron","Sozu"],"potions_floor_usage":[16,16],"damage_taken":[{"damage":5.0,"enemies":"2 Louse","floor":1.0,"turns":5.0},{"damage":4.0,"enemies":"Small Slimes","floor":3.0,"turns":5.0},{"damage":1.0,"enemies":"Cultist","floor":4.0,"turns":4.0},{"damage":2.0,"enemies":"2 Fungi Beasts","floor":5.0,"turns":3.0},{"damage":12.0,"enemies":"Exordium Wildlife","floor":7.0,"turns":3.0},{"damage":14.0,"enemies":"3 Louse","floor":10.0,"turns":3.0},{"damage":15.0,"enemies":"Large Slime","floor":11.0,"turns":7.0},{"damage":8.0,"enemies":"Blue Slaver","floor":12.0,"turns":4.0},{"damage":12.0,"enemies":"2 Fungi Beasts","floor":13.0,"turns":3.0},{"damage":36.0,"enemies":"Gremlin Nob","floor":14.0,"turns":4.0},{"damage":33,"enemies":"Slime Boss","floor":16,"turns":5},{"damage":22,"enemies":"Spheric Guardian","floor":18,"turns":4},{"damage":33,"enemies":"Chosen","floor":19,"turns":5},{"damage":39,"enemies":"Snake Plant","floor":21,"turns":4}],"seed_played":"2692451535944768839","potions_obtained":[{"floor":1.0,"key":"Energy Potion"},{"floor":5.0,"key":"Strength Potion"},{"floor":10.0,"key":"SteroidPotion"},{"floor":12.0,"key":"SteroidPotion"}],"is_trial":false,"path_per_floor":["M","?","M","M","M","R","M","R","T","M","M","M","M","E","R","B",null,"M","M","$","M"],"character_chosen":"IRONCLAD","items_purchased":[],"campfire_rested":0,"item_purchase_floors":[],"current_hp_per_floor":[69,46,48,53,57,57,51,51,51,51,49,50,52,28,28,14,60,44,25,25,0],"gold":190,"neow_bonus":"TRANSFORM_TWO_CARDS","is_prod":false,"is_daily":false,"chose_seed":false,"campfire_upgraded":3,"win_rate":0,"timestamp":1555180500,"path_taken":["M","?","M","M","M","R","M","R","T","M","M","M","M","E","R","BOSS","M","M","$","M"],"build_version":"2019-01-23","purchased_purges":1,"victory":false,"max_hp_per_floor":[75,75,75,75,75,75,75,75,75,75,75,75,75,75,75,75,75,75,75,75,75],"card_choices":[{"not_picked":["Power Through","Wild Strike","Dropkick"],"picked":"SKIP","floor":1.0},{"not_picked":["Perfected Strike","Cleave"],"picked":"Pommel Strike","floor":3.0},{"not_picked":["Iron Wave","Cleave"],"picked":"Sever Soul","floor":4.0},{"not_picked":["Disarm","Havoc"],"picked":"Battle Trance","floor":5.0},{"not_picked":["Rage","Headbutt"],"picked":"Reaper","floor":7.0},{"not_picked":["Carnage","Heavy Blade","Warcry"],"picked":"SKIP","floor":10.0},{"not_picked":["Wild Strike","Pommel Strike","Perfected Strike"],"picked":"SKIP","floor":11.0},{"not_picked":["Infernal Blade","Carnage"],"picked":"Pummel","floor":12.0},{"not_picked":["Shrug It Off","Perfected Strike"],"picked":"Double Tap","floor":13.0},{"not_picked":["True Grit","Armaments"],"picked":"Dual Wield","floor":14.0},{"not_picked":["Exhume","Immolate"],"picked":"Reaper","floor":16},{"not_picked":["Body Slam","Rage","Seeing Red"],"picked":"SKIP","floor":18},{"not_picked":["Armaments","True Grit","Warcry"],"picked":"SKIP","floor":19}],"player_experience":4785961,"relics_obtained":[{"floor":9.0,"key":"Letter Opener"},{"floor":14.0,"key":"Dodecahedron"}],"event_choices":[{"damage_healed":0.0,"max_hp_gain":0.0,"max_hp_loss":0.0,"gold_gain":0.0,"event_name":"Shining Light","player_choice":"Entered Light","floor":2.0,"gold_loss":0.0,"damage_taken":23.0,"cards_upgraded":["Strike_R","Defend_R"]}],"is_beta":false,"boss_relics":[{"not_picked":["Busted Crown","Tiny House"],"picked":"Sozu"}],"items_purged_floors":[20],"is_endless":false,"potions_floor_spawned":[1,5,10,12,13,18],"killed_by":"Snake Plant","ascension_level":20}