{"gold_per_floor":[109,59,77,77,27,27,27,46,46,59,69,69,82,115,115,115],"floor_reached":16,"playtime":479,"items_purged":["Strike_G","Defend_G"],"score":204,"play_id":"3d3c1aeb-339b-400d-8832-e4af6bc4bdf5","local_time":"20190720031427","daily_mods":["Heirloom"],"is_ascension_mode":true,"campfire_choices":[{"data":"Choke","floor":6,"key":"SMITH"},{"data":"Underhanded Strike","floor":15,"key":"SMITH"}],"neow_cost":"","seed_source_timestamp":809315459900100,"circlet_count":0,"master_deck":["AscendersBane","Strike_G","Strike_G","Strike_G","Strike_G","Defend_G","Defend_G","Defend_G","Defend_G","Survivor","Neutralize","Choke+1","Expertise","PiercingWail+1","Underhanded Strike+1","Reflex+1","Cloak And Dagger+1"],"relics":["Ring of the Snake","Gambling Chip","Smiling Mask","Blood Vial","Toxic Egg 2","Golden Idol","Meat on the Bone"],"potions_floor_usage":[14,14,16],"damage_taken":[{"damage":6,"enemies":"Small Slimes","floor":1,"turns":8},{"damage":4,"enemies":"Cultist","floor":3,"turns":5},{"damage":0,"enemies":"2 Louse","floor":8,"turns":2},{"damage":0,"enemies":"Looter","floor":10,"turns":3},{"damage":6,"enemies":"Lots of Slimes","floor":11,"turns":6},{"damage":2,"enemies":"Red Slaver","floor":13,"turns":3},{"damage":32,"enemies":"Lagavulin","floor":14,"turns":7},{"damage":37,"enemies":"Slime Boss","floor":16,"turns":6}],"seed_played":"5729595331331795626","potions_obtained":[{"floor":8,"key":"LiquidBronze"},{"floor":11,"key":"Swift Potion"},{"floor":13,"key":"GhostInAJar"},{"floor":14,"key":"GamblersBrew"}],"is_trial":true,"path_per_floor":["M","$","M","?","$","R","$","M","T","M","M","?","M","E","R","B"],"character_chosen":"THE_SILENT","items_purchased":[],"campfire_rested":0,"item_purchase_floors":[],"current_hp_per_floor":[53,53,49,49,49,49,49,51,51,53,49,49,49,19,19,0],"gold":115,"neow_bonus":"","is_prod":false,"is_daily":false,"chose_seed":false,"campfire_upgraded":2,"win_rate":0,"timestamp":1563560067,"path_taken":["M","$","M","?","$","R","?","M","T","M","M","?","M","E","R","BOSS"],"build_version":"2019-07-17","purchased_purges":2,"victory":false,"max_hp_per_floor":[66,66,66,66,66,66,66,66,66,66,66,60,60,60,60,60],"card_choices":[{"not_picked":["Sucker Punch","Backflip"],"picked":"Underhanded Strike","floor":1},{"not_picked":["Heel Hook","Concentrate"],"picked":"Choke","floor":3},{"not_picked":["Flying Knee","Outmaneuver"],"picked":"Expertise","floor":8},{"not_picked":["Sucker Punch","Quick Slash"],"picked":"PiercingWail+1","floor":10},{"not_picked":["Predator","Outmaneuver+1"],"picked":"Underhanded Strike","floor":11},{"not_picked":["Riddle With Holes","Deflect+1"],"picked":"Reflex+1","floor":13},{"not_picked":["Tools of the Trade","Dodge and Roll+1"],"picked":"Cloak And Dagger+1","floor":14}],"player_experience":5758386,"relics_obtained":[{"floor":9,"key":"Toxic Egg 2"},{"floor":14,"key":"Meat on the Bone"}],"event_choices":[{"cards_removed":["Underhanded Strike"],"damage_healed":0,"gold_gain":0,"player_choice":"Gave Card","damage_taken":0,"relics_obtained":["Blood Vial"],"max_hp_gain":0,"max_hp_loss":0,"event_name":"WeMeetAgain","floor":4,"gold_loss":0},{"damage_healed":0,"gold_gain":0,"player_choice":"Lose Max HP","damage_taken":0,"relics_obtained":["Golden Idol"],"max_hp_gain":0,"max_hp_loss":6,"event_name":"Golden Idol","floor":12,"gold_loss":0}],"is_beta":false,"boss_relics":[],"items_purged_floors":[2,5],"is_endless":false,"potions_floor_spawned":[8,11,13,14],"killed_by":"Slime Boss","ascension_level":20}