{"gold_per_floor":[109,184,197,209,209,209,222,253,253,268,38,53,71,71,71,71],"floor_reached":16,"playtime":933,"items_purged":["Strike_R"],"score":109,"play_id":"3cc9fc2f-fce5-4738-8f72-61d0c4916032","local_time":"20190723204849","is_ascension_mode":true,"campfire_choices":[{"floor":6,"key":"RECALL"},{"floor":15,"key":"REST"}],"neow_cost":"NONE","seed_source_timestamp":1132904189038600,"circlet_count":0,"master_deck":["Strike_R","Strike_R","Strike_R","Strike_R","Defend_R","Defend_R","Defend_R","Bash","Bloodletting","Inflame+1","Seeing Red","Rage","Seeing Red","Demon Form","Shrug It Off","Burning Pact"],"relics":["Burning Blood","Pen Nib","PreservedInsect"],"potions_floor_usage":[16,16,16],"damage_taken":[{"damage":9,"enemies":"Small Slimes","floor":1,"turns":5},{"damage":4,"enemies":"Cultist","floor":3,"turns":4},{"damage":1,"enemies":"Jaw Worm","floor":4,"turns":4},{"damage":13,"enemies":"Blue Slaver","floor":7,"turns":4},{"damage":33,"enemies":"Gremlin Nob","floor":8,"turns":5},{"damage":24,"enemies":"2 Fungi Beasts","floor":10,"turns":4},{"damage":10,"enemies":"3 Louse","floor":12,"turns":4},{"damage":6,"enemies":"Red Slaver","floor":13,"turns":5},{"damage":55,"enemies":"Slime Boss","floor":16,"turns":10}],"seed_played":"-3601242358300595191","potions_obtained":[{"floor":8,"key":"Explosive Potion"},{"floor":12,"key":"FearPotion"},{"floor":13,"key":"Energy Potion"}],"is_trial":false,"path_per_floor":["M","?","M","M","?","R","M","E","T","M","$","M","M","?","R","B"],"character_chosen":"IRONCLAD","items_purchased":["PreservedInsect"],"campfire_rested":1,"item_purchase_floors":[11],"current_hp_per_floor":[85,74,76,81,81,81,74,47,47,29,29,25,25,25,51,0],"gold":71,"neow_bonus":"TEN_PERCENT_HP_BONUS","is_prod":false,"is_daily":false,"chose_seed":false,"campfire_upgraded":0,"win_rate":0,"timestamp":1563932929,"path_taken":["M","?","M","M","?","R","?","E","T","M","$","M","M","?","R","BOSS"],"build_version":"2019-07-17","purchased_purges":1,"victory":false,"max_hp_per_floor":[88,88,88,88,88,88,88,88,88,88,88,88,88,88,88,88],"card_choices":[{"not_picked":["Sword Boomerang","Clothesline"],"picked":"Bloodletting","floor":1},{"not_picked":["Flame Barrier","Flex"],"picked":"Inflame","floor":3},{"not_picked":["Dual Wield","Thunderclap"],"picked":"Seeing Red","floor":4},{"not_picked":["Flex","Warcry"],"picked":"Seeing Red","floor":7},{"not_picked":["Iron Wave","Uppercut"],"picked":"Demon Form","floor":8},{"not_picked":["Pummel","Twin Strike"],"picked":"Shrug It Off","floor":10},{"not_picked":["Pommel Strike","Rampage"],"picked":"Burning Pact","floor":12},{"not_picked":["Clash","Combust","Armaments"],"picked":"SKIP","floor":13}],"player_experience":149975,"relics_obtained":[{"floor":8,"key":"Pen Nib"}],"event_choices":[{"damage_healed":0,"gold_gain":75,"player_choice":"Gather Gold","damage_taken":11,"max_hp_gain":0,"max_hp_loss":0,"event_name":"World of Goop","floor":2,"gold_loss":0},{"damage_healed":0,"gold_gain":0,"cards_transformed":["Defend_R"],"player_choice":"Transformed","damage_taken":0,"max_hp_gain":0,"max_hp_loss":0,"event_name":"Transmorgrifier","floor":5,"gold_loss":0,"cards_obtained":["Rage"]},{"damage_healed":0,"gold_gain":0,"player_choice":"Upgraded","damage_taken":0,"max_hp_gain":0,"max_hp_loss":0,"event_name":"Upgrade Shrine","floor":14,"gold_loss":0,"cards_upgraded":["Inflame"]}],"is_beta":false,"boss_relics":[],"items_purged_floors":[11],"is_endless":false,"potions_floor_spawned":[8,12,13],"killed_by":"Slime Boss","ascension_level":1}