{"gold_per_floor":[114,114,129,129,129,129,129,129,153,153,173,192,267,267,267,365,365,390,440,440,465,483,483,498,498,498,498,521,75,75,75,75,75],"floor_reached":33,"playtime":603,"items_purged":["Strike_G"],"score":466,"play_id":"8917ad91-dcf7-4de5-8584-d38d3a6eb9d9","local_time":"20190509235936","is_ascension_mode":true,"campfire_choices":[{"floor":6,"key":"REST"},{"data":"Neutralize","floor":8,"key":"SMITH"},{"data":"Dagger Spray","floor":10,"key":"SMITH"},{"data":"Dagger Spray","floor":15,"key":"SMITH"},{"floor":23,"key":"REST"},{"floor":25,"key":"REST"},{"data":"Crippling Poison","floor":27,"key":"SMITH"},{"data":"Catalyst","floor":32,"key":"SMITH"}],"neow_cost":"NONE","seed_source_timestamp":366853456414500,"circlet_count":0,"master_deck":["AscendersBane","Defend_G+1","Defend_G+1","Defend_G+1","Defend_G+1","Defend_G+1","Strike_G+1","Strike_G+1","Strike_G+1","Survivor","Neutralize+1","Dagger Throw","Dagger Spray+1","Sucker Punch","Dagger Spray+1","All Out Attack","Unload","Dodge and Roll","Outmaneuver","Escape Plan","Crippling Poison+1","Catalyst+1","Bandage Up","Noxious Fumes+1"],"relics":["Ring of the Snake","Golden Idol","Pantograph","Bronze Scales","Sozu","Singing Bowl","Frozen Egg 2"],"potions_floor_usage":[16],"damage_taken":[{"damage":1,"enemies":"Small Slimes","floor":1,"turns":4},{"damage":1,"enemies":"Cultist","floor":3,"turns":4},{"damage":0,"enemies":"2 Louse","floor":11,"turns":2},{"damage":0,"enemies":"2 Fungi Beasts","floor":12,"turns":2},{"damage":28,"enemies":"Slime Boss","floor":16,"turns":8},{"damage":17,"enemies":"Shell Parasite","floor":18,"turns":7},{"damage":14,"enemies":"Spheric Guardian","floor":21,"turns":4},{"damage":28,"enemies":"Centurion and Healer","floor":22,"turns":12},{"damage":23,"enemies":"3 Cultists","floor":24,"turns":5},{"damage":28,"enemies":"Chosen and Byrds","floor":28,"turns":4},{"damage":52,"enemies":"Champ","floor":33,"turns":10}],"seed_played":"2047547698264763783","potions_obtained":[{"floor":3,"key":"Strength Potion"}],"is_trial":false,"path_per_floor":["M","?","M","?","?","R","?","R","T","R","M","M","?","?","R","B",null,"M","?","?","M","M","R","M","R","T","R","M","$","?","?","R","B"],"character_chosen":"THE_SILENT","items_purchased":["Bandage Up","Frozen Egg 2"],"campfire_rested":3,"item_purchase_floors":[29,29],"current_hp_per_floor":[64,39,38,27,27,48,48,48,48,48,48,48,37,42,42,39,68,51,51,51,37,9,32,9,32,32,32,4,4,4,4,4,0],"gold":75,"neow_bonus":"TEN_PERCENT_HP_BONUS","is_prod":false,"is_daily":false,"chose_seed":false,"campfire_upgraded":5,"win_rate":0,"timestamp":1557413976,"path_taken":["M","?","M","?","?","R","?","R","T","R","?","M","?","?","R","BOSS","M","?","?","?","M","R","M","R","T","R","M","$","?","?","R","BOSS"],"build_version":"2019-01-23","purchased_purges":1,"victory":false,"max_hp_per_floor":[72,72,72,72,72,72,72,72,72,72,72,72,72,77,77,77,77,77,77,77,77,77,77,77,77,77,77,77,77,77,77,77,77],"card_choices":[{"not_picked":["Acrobatics","Backflip"],"picked":"Dagger Throw","floor":1},{"not_picked":["Backflip","Eviscerate"],"picked":"Dagger Spray","floor":3},{"not_picked":["Flying Knee","Night Terror"],"picked":"Dagger Spray","floor":11},{"not_picked":["Quick Slash","Reflex"],"picked":"All Out Attack","floor":12},{"not_picked":["Burst","Night Terror"],"picked":"Unload","floor":16},{"not_picked":["Deflect","Sucker Punch"],"picked":"Dodge and Roll","floor":18},{"not_picked":["Bane","Choke"],"picked":"Outmaneuver","floor":21},{"not_picked":["Dagger Spray","Well Laid Plans"],"picked":"Escape Plan","floor":22},{"not_picked":["Reflex","Flechettes"],"picked":"Crippling Poison","floor":24},{"not_picked":["Accuracy","Riddle With Holes"],"picked":"Catalyst","floor":28}],"player_experience":4962423,"relics_obtained":[{"floor":9,"key":"Bronze Scales"},{"floor":26,"key":"Singing Bowl"}],"event_choices":[{"damage_healed":0,"gold_gain":0,"player_choice":"Take Damage","damage_taken":25,"relics_obtained":["Golden Idol"],"max_hp_gain":0,"max_hp_loss":0,"event_name":"Golden Idol","floor":2,"gold_loss":0},{"damage_healed":0,"gold_gain":0,"player_choice":"Success","damage_taken":11,"relics_obtained":["Pantograph"],"max_hp_gain":0,"max_hp_loss":0,"event_name":"Scrap Ooze","floor":4,"gold_loss":0},{"damage_healed":0,"gold_gain":0,"cards_transformed":["Strike_G"],"player_choice":"Change","damage_taken":0,"max_hp_gain":0,"max_hp_loss":0,"event_name":"Living Wall","floor":5,"gold_loss":0,"cards_obtained":["Sucker Punch"]},{"damage_healed":0,"gold_gain":0,"player_choice":"Cursed","damage_taken":0,"max_hp_gain":0,"max_hp_loss":0,"event_name":"Wheel of Change","floor":7,"gold_loss":0,"cards_obtained":["Decay"]},{"damage_healed":0,"gold_gain":75,"player_choice":"Gather Gold","damage_taken":11,"max_hp_gain":0,"max_hp_loss":0,"event_name":"World of Goop","floor":13,"gold_loss":0},{"damage_healed":0,"gold_gain":0,"player_choice":"Donut","damage_taken":0,"max_hp_gain":5,"max_hp_loss":0,"event_name":"Big Fish","floor":14,"gold_loss":0},{"damage_healed":0,"gold_gain":50,"player_choice":"Stole From Cult","damage_taken":0,"max_hp_gain":0,"max_hp_loss":0,"event_name":"Nest","floor":19,"gold_loss":0},{"cards_removed":["Decay"],"damage_healed":0,"gold_gain":0,"player_choice":"Purged","damage_taken":0,"max_hp_gain":0,"max_hp_loss":0,"event_name":"Purifier","floor":20,"gold_loss":0},{"damage_healed":0,"gold_gain":0,"player_choice":"Simplicity","damage_taken":0,"max_hp_gain":0,"max_hp_loss":0,"event_name":"Back to Basics","floor":30,"gold_loss":0,"cards_upgraded":["Defend_G","Defend_G","Defend_G","Defend_G","Defend_G","Strike_G","Strike_G","Strike_G"]},{"damage_healed":0,"gold_gain":0,"player_choice":"Read","damage_taken":0,"max_hp_gain":0,"max_hp_loss":0,"event_name":"The Library","floor":31,"gold_loss":0,"cards_obtained":["Noxious Fumes"]}],"is_beta":false,"boss_relics":[{"not_picked":["Calling Bell","Orrery"],"picked":"Sozu"}],"items_purged_floors":[29],"is_endless":false,"potions_floor_spawned":[3,22,24],"killed_by":"Champ","ascension_level":20}