{"gold_per_floor":[20,31,31,41,58,58,87,87,113,146,246,277,293,293,293,364,364,377,396,422,422,422,422,441,441,441,441,476,576,576,602,602,676,676,690,690,700,711,183,212,212,227,227,262,101,116,116,134,134,134,134,134,134,34,64,64],"floor_reached":57,"playtime":1929,"items_purged":["Strike_R","Strike_R","Bash"],"score":2961,"play_id":"f9e2fc9d-58f4-4aea-83fa-423ed0108227","local_time":"20190711020523","is_ascension_mode":true,"campfire_choices":[{"data":"Immolate","floor":6.0,"key":"SMITH"},{"data":"Battle Trance","floor":8.0,"key":"SMITH"},{"data":"Disarm","floor":15.0,"key":"SMITH"},{"data":"Flex","floor":23.0,"key":"SMITH"},{"data":"Limit Break","floor":25.0,"key":"SMITH"},{"data":"Evolve","floor":27.0,"key":"SMITH"},{"floor":32.0,"key":"RECALL"},{"floor":41.0,"key":"REST"},{"data":"Finesse","floor":49.0,"key":"SMITH"},{"floor":53.0,"key":"REST"}],"neow_cost":"NO_GOLD","seed_source_timestamp":28286472830000,"circlet_count":0,"master_deck":["AscendersBane","Defend_R","Defend_R","Defend_R","Defend_R","Battle Trance+1","Flex+1","Iron Wave","Immolate+1","Disarm+1","Evolve+1","Limit Break+1","Inflame+1","Impervious+1","Flash of Steel","Finesse+1","Sever Soul"],"special_seed":0,"relics":["Burning Blood","Blood Vial","Bronze Scales","Bag of Marbles","Anchor","Busted Crown","Red Mask","Torii","Nunchaku","Champion Belt","The Courier","Unceasing Top","Runic Pyramid","Incense Burner","Sundial","Self Forming Clay","Pantograph","Dream Catcher","Bottled Tornado"],"potions_floor_usage":[56,56],"damage_taken":[{"damage":14.0,"enemies":"Jaw Worm","floor":1.0,"turns":5.0},{"damage":1.0,"enemies":"Cultist","floor":2.0,"turns":3.0},{"damage":0.0,"enemies":"2 Louse","floor":4.0,"turns":2.0},{"damage":9.0,"enemies":"Exordium Thugs","floor":5.0,"turns":4.0},{"damage":8.0,"enemies":"Gremlin Nob","floor":7.0,"turns":3.0},{"damage":5.0,"enemies":"Lagavulin","floor":10.0,"turns":7.0},{"damage":0.0,"enemies":"Gremlin Nob","floor":12.0,"turns":2.0},{"damage":0.0,"enemies":"Blue Slaver","floor":13.0,"turns":2.0},{"damage":46.0,"enemies":"Hexaghost","floor":16.0,"turns":9.0},{"damage":2.0,"enemies":"3 Byrds","floor":18.0,"turns":3.0},{"damage":14.0,"enemies":"2 Thieves","floor":19.0,"turns":3.0},{"damage":2.0,"enemies":"Masked Bandits","floor":20.0,"turns":3.0},{"damage":1.0,"enemies":"3 Cultists","floor":24.0,"turns":4.0},{"damage":21.0,"enemies":"Slavers","floor":28.0,"turns":4.0},{"damage":0.0,"enemies":"Colosseum Slavers","floor":29.0,"turns":1.0},{"damage":8.0,"enemies":"Colosseum Nobs","floor":29.0,"turns":4.0},{"damage":14.0,"enemies":"Book of Stabbing","floor":31.0,"turns":5.0},{"damage":38.0,"enemies":"Automaton","floor":33.0,"turns":5.0},{"damage":27.0,"enemies":"3 Darklings","floor":35.0,"turns":5.0},{"damage":0.0,"enemies":"3 Shapes","floor":37.0,"turns":1.0},{"damage":8.0,"enemies":"Maw","floor":38.0,"turns":6.0},{"damage":21.0,"enemies":"Nemesis","floor":40.0,"turns":5.0},{"damage":1.0,"enemies":"Transient","floor":42.0,"turns":6.0},{"damage":2.0,"enemies":"Giant Head","floor":44.0,"turns":5.0},{"damage":1.0,"enemies":"Jaw Worm Horde","floor":46.0,"turns":3.0},{"damage":8.0,"enemies":"Sphere and 2 Shapes","floor":48.0,"turns":9.0},{"damage":4.0,"enemies":"Awakened One","floor":50.0,"turns":7.0},{"damage":26.0,"enemies":"Time Eater","floor":51.0,"turns":4.0},{"damage":18.0,"enemies":"Shield and Spear","floor":55.0,"turns":6.0},{"damage":53,"enemies":"The Heart","floor":56,"turns":7}],"seed_played":"-4901398880090267002","potions_obtained":[{"floor":1.0,"key":"Energy Potion"},{"floor":4.0,"key":"SkillPotion"},{"floor":12.0,"key":"Weak Potion"},{"floor":16.0,"key":"Block Potion"},{"floor":19.0,"key":"Strength Potion"},{"floor":20.0,"key":"Poison Potion"},{"floor":31.0,"key":"Dexterity Potion"},{"floor":38.0,"key":"SkillPotion"}],"is_trial":false,"path_per_floor":["M","M","?","M","M","R","E","R","T","E","?","E","M","?","R","B",null,"M","M","?","T","?","R","M","R","T","R","E","?","?","E","R","B",null,"M","?","M","M","$","E","R","M","T","E","$","M","?","M","R","B","B",null,"R","$","E","B",null],"character_chosen":"IRONCLAD","items_purchased":["Incense Burner","Sundial","Flash of Steel"],"campfire_rested":2,"item_purchase_floors":[39,39,45],"current_hp_per_floor":[60,65,65,71,68,68,66,66,66,69,69,75,75,80,80,40,70,76,70,76,76,76,76,80,80,80,80,65,73,73,67,67,37,69,50,50,58,58,58,45,69,76,76,80,80,80,70,70,70,80,60,75,80,80,68,33],"gold":64,"neow_bonus":"REMOVE_TWO","is_prod":false,"is_daily":false,"chose_seed":false,"campfire_upgraded":7,"win_rate":0,"timestamp":1562778323,"path_taken":["M","M","?","M","?","R","E","R","T","E","?","E","?","?","R","BOSS","M","M","?","?","?","R","?","R","T","R","E","?","?","E","R","BOSS","M","?","?","M","$","E","R","?","T","E","$","M","?","M","R","BOSS","BOSS","R","$","E","BOSS"],"build_version":"2019-07-05","purchased_purges":3,"victory":true,"max_hp_per_floor":[75,75,75,75,75,75,75,75,75,75,75,75,75,80,80,80,80,80,80,80,80,80,80,80,80,80,80,80,80,80,80,80,80,80,80,80,80,80,80,80,80,80,80,80,80,80,80,80,80,80,80,80,80,80,80,80],"card_choices":[{"not_picked":["Shrug It Off","Perfected Strike"],"picked":"Battle Trance","floor":1.0},{"not_picked":["Pommel Strike","Cleave"],"picked":"Flex","floor":2.0},{"not_picked":["Heavy Blade","Body Slam","Warcry"],"picked":"SKIP","floor":4.0},{"not_picked":["Wild Strike","Pommel Strike","Blood for Blood"],"picked":"SKIP","floor":5.0},{"not_picked":["Iron Wave","Anger"],"picked":"Disarm","floor":7.0},{"not_picked":["Dual Wield","Infernal Blade","Iron Wave"],"picked":"SKIP","floor":10.0},{"not_picked":["Disarm","Dropkick","Clothesline"],"picked":"SKIP","floor":12.0},{"not_picked":["Whirlwind","Heavy Blade"],"picked":"Evolve","floor":13.0},{"not_picked":["Brutality","Dark Embrace"],"picked":"Limit Break","floor":16.0},{"not_picked":["Iron Wave"],"picked":"SKIP","floor":18.0},{"not_picked":["Havoc+1"],"picked":"SKIP","floor":19.0},{"not_picked":[],"picked":"Inflame+1","floor":24.0},{"not_picked":["Anger"],"picked":"SKIP","floor":28.0},{"not_picked":["Inflame"],"picked":"SKIP","floor":31.0},{"not_picked":[],"picked":"Impervious","floor":33.0},{"not_picked":["Anger"],"picked":"SKIP","floor":35.0},{"not_picked":["Wild Strike+1"],"picked":"SKIP","floor":37.0},{"not_picked":["Twin Strike"],"picked":"SKIP","floor":38.0},{"not_picked":["Twin Strike"],"picked":"SKIP","floor":40.0},{"not_picked":["Perfected Strike"],"picked":"SKIP","floor":42.0},{"not_picked":["Infernal Blade"],"picked":"SKIP","floor":44.0},{"not_picked":["Perfected Strike+1"],"picked":"SKIP","floor":46.0},{"not_picked":[],"picked":"Finesse","floor":47.0},{"not_picked":[],"picked":"Sever Soul","floor":48.0},{"not_picked":["Spot Weakness"],"picked":"SKIP","floor":55.0}],"player_experience":5643435,"relics_obtained":[{"floor":7.0,"key":"Blood Vial"},{"floor":9.0,"key":"Bronze Scales"},{"floor":10.0,"key":"Bag of Marbles"},{"floor":12.0,"key":"Anchor"},{"floor":20.0,"key":"Red Mask"},{"floor":26.0,"key":"Torii"},{"floor":28.0,"key":"Nunchaku"},{"floor":29.0,"key":"Champion Belt"},{"floor":29.0,"key":"The Courier"},{"floor":31.0,"key":"Unceasing Top"},{"floor":40.0,"key":"Self Forming Clay"},{"floor":43.0,"key":"Pantograph"},{"floor":44.0,"key":"Dream Catcher"},{"floor":55.0,"key":"Bottled Tornado"}],"event_choices":[{"damage_healed":0.0,"max_hp_gain":0.0,"max_hp_loss":0.0,"gold_gain":0.0,"event_name":"Match and Keep!","player_choice":"2 cards matched","floor":3.0,"gold_loss":0.0,"damage_taken":0.0,"cards_obtained":["Iron Wave","Immolate"]},{"damage_healed":0.0,"max_hp_gain":0.0,"max_hp_loss":0.0,"gold_gain":100.0,"event_name":"Wheel of Change","player_choice":"Gold","floor":11.0,"gold_loss":0.0,"damage_taken":0.0},{"damage_healed":0.0,"max_hp_gain":5.0,"max_hp_loss":0.0,"gold_gain":0.0,"event_name":"Big Fish","player_choice":"Donut","floor":14.0,"gold_loss":0.0,"damage_taken":0.0},{"damage_healed":0.0,"max_hp_gain":0.0,"max_hp_loss":0.0,"gold_gain":0.0,"event_name":"Masked Bandits","player_choice":"Fought Bandits","floor":20.0,"gold_loss":0.0,"damage_taken":0.0},{"damage_healed":0.0,"max_hp_gain":0.0,"max_hp_loss":0.0,"gold_gain":0.0,"event_name":"Ghosts","player_choice":"Ignored","floor":22.0,"gold_loss":0.0,"damage_taken":0.0},{"damage_healed":0.0,"max_hp_gain":0.0,"max_hp_loss":0.0,"gold_gain":0.0,"event_name":"Colosseum","player_choice":"Fight","floor":29.0,"gold_loss":0.0,"damage_taken":0.0},{"damage_healed":0.0,"max_hp_gain":0.0,"max_hp_loss":0.0,"gold_gain":0.0,"event_name":"Colosseum","player_choice":"Fought Nobs","floor":29.0,"gold_loss":0.0,"damage_taken":0.0},{"cards_removed":["Strike_R"],"damage_healed":0.0,"max_hp_gain":0.0,"max_hp_loss":0.0,"gold_gain":0.0,"event_name":"Back to Basics","player_choice":"Elegance","floor":30.0,"gold_loss":0.0,"damage_taken":0.0},{"damage_healed":0.0,"max_hp_gain":0.0,"max_hp_loss":0.0,"gold_gain":0.0,"event_name":"Upgrade Shrine","player_choice":"Upgraded","floor":36.0,"gold_loss":0.0,"damage_taken":0.0,"cards_upgraded":["Impervious"]},{"damage_healed":0.0,"max_hp_gain":0.0,"max_hp_loss":0.0,"gold_gain":0.0,"event_name":"SensoryStone","player_choice":"Memory 3","floor":47.0,"gold_loss":0.0,"damage_taken":10.0}],"is_beta":false,"boss_relics":[{"not_picked":["Runic Cube","Runic Dome"],"picked":"Busted Crown"},{"not_picked":["Black Blood","Black Star"],"picked":"Runic Pyramid"}],"items_purged_floors":[39,45,54],"is_endless":false,"potions_floor_spawned":[1,4,12,16,19,20,29,31,38,42,46,55],"ascension_level":20}