{"gold_per_floor":[112,187,202,202,214,240,240,252,277,311,324,339,374,374,374,451,451,464,482,482,161,161,180,95,115,115,115,140,140,167,17,17,17],"floor_reached":33,"playtime":962,"items_purged":["Strike_G","Strike_G"],"score":710,"play_id":"8bd13ca3-a457-42a3-b54c-f88322f2393e","local_time":"20190619000324","is_ascension_mode":true,"campfire_choices":[{"data":"Neutralize","floor":7.0,"key":"SMITH"},{"data":"1","floor":15.0,"key":"LIFT"},{"data":"2","floor":27.0,"key":"LIFT"},{"data":"3","floor":29.0,"key":"LIFT"},{"floor":32.0,"key":"REST"}],"neow_cost":"","seed_source_timestamp":0,"circlet_count":0,"master_deck":["The Bomb","Survivor","Defend_G","Defend_G","Defend_G","Defend_G","Strike_G","Strike_G","Neutralize+1","Endless Agony","Flying Knee","Skewer","Backstab","Footwork","Malaise","Finisher","Concentrate","Infinite Blades","Malaise","Cloak And Dagger","Dagger Spray+1","Ghostly","Ghostly","Ghostly","Footwork","Concentrate","Heel Hook+1","Dagger Spray+1","Cloak And Dagger","Backflip","Backflip"],"special_seed":0,"relics":["Ring of the Snake","PreservedInsect","Bronze Scales","Omamori","Girya","Molten Egg 2","Cursed Key","Potion Belt","Blood Vial","Ice Cream","Happy Flower"],"potions_floor_usage":[33,33],"damage_taken":[{"damage":0.0,"enemies":"2 Louse","floor":1.0,"turns":4.0},{"damage":7.0,"enemies":"Jaw Worm","floor":3.0,"turns":5.0},{"damage":2.0,"enemies":"Small Slimes","floor":5.0,"turns":3.0},{"damage":7.0,"enemies":"3 Sentries","floor":6.0,"turns":3.0},{"damage":0.0,"enemies":"3 Louse","floor":8.0,"turns":6.0},{"damage":1.0,"enemies":"Lagavulin","floor":10.0,"turns":5.0},{"damage":1.0,"enemies":"Blue Slaver","floor":11.0,"turns":5.0},{"damage":0.0,"enemies":"Looter","floor":12.0,"turns":3.0},{"damage":3.0,"enemies":"Gremlin Nob","floor":13.0,"turns":3.0},{"damage":0.0,"enemies":"Slime Boss","floor":16.0,"turns":5.0},{"damage":18.0,"enemies":"Shell Parasite","floor":18.0,"turns":6.0},{"damage":1.0,"enemies":"Chosen","floor":19.0,"turns":4.0},{"damage":1.0,"enemies":"Snake Plant","floor":23.0,"turns":5.0},{"damage":1.0,"enemies":"Centurion and Healer","floor":25.0,"turns":7.0},{"damage":4.0,"enemies":"Book of Stabbing","floor":28.0,"turns":3.0},{"damage":22.0,"enemies":"Slavers","floor":30.0,"turns":4.0},{"damage":41,"enemies":"Automaton","floor":33,"turns":6}],"seed_played":"-5820972674261503468","potions_obtained":[{"floor":1.0,"key":"Regen Potion"},{"floor":6.0,"key":"Swift Potion"},{"floor":10.0,"key":"SpeedPotion"},{"floor":23.0,"key":"GamblersBrew"}],"is_trial":true,"path_per_floor":["M","?","M","?","M","E","R","M","T","E","M","M","E","?","R","B",null,"M","M","?","$","?","M","?","M","T","R","E","R","E","$","R","B"],"character_chosen":"THE_SILENT","items_purchased":["Potion Belt","Footwork","Backflip"],"campfire_rested":1,"item_purchase_floors":[21,21,31],"current_hp_per_floor":[59,48,41,46,44,37,37,52,52,51,50,50,47,21,21,21,59,41,40,35,35,35,34,34,34,34,34,31,31,11,11,21,0],"gold":17,"neow_bonus":"","is_prod":false,"is_daily":false,"chose_seed":false,"campfire_upgraded":1,"win_rate":0,"timestamp":1560870204,"path_taken":["M","?","M","?","M","E","R","M","T","E","M","M","E","?","R","BOSS","M","M","?","$","?","M","?","M","T","R","E","R","E","?","R","BOSS"],"build_version":"2019-01-23","purchased_purges":2,"victory":false,"max_hp_per_floor":[66,66,66,71,71,71,71,71,71,71,71,71,71,71,71,71,71,71,71,35,35,35,35,35,35,35,35,35,35,35,35,35,35],"card_choices":[{"not_picked":["Choke","Backflip"],"picked":"Endless Agony","floor":1.0},{"not_picked":["Dagger Throw","Outmaneuver"],"picked":"Flying Knee","floor":3.0},{"not_picked":["Cloak And Dagger","Phantasmal Killer"],"picked":"Skewer","floor":5.0},{"not_picked":["Slice","Sucker Punch"],"picked":"Backstab","floor":6.0},{"not_picked":["Choke","Quick Slash"],"picked":"Footwork","floor":8.0},{"not_picked":["Terror","Catalyst"],"picked":"Malaise","floor":10.0},{"not_picked":["Dagger Throw","Prepared"],"picked":"Finisher","floor":11.0},{"not_picked":["Leg Sweep","Flechettes"],"picked":"Concentrate","floor":12.0},{"not_picked":["Acrobatics","Underhanded Strike"],"picked":"Infinite Blades","floor":13.0},{"not_picked":["Unload+1","Venomology"],"picked":"Malaise","floor":16.0},{"not_picked":["Footwork","Accuracy"],"picked":"Cloak And Dagger","floor":18.0},{"not_picked":["Acrobatics","Calculated Gamble"],"picked":"Dagger Spray+1","floor":19.0},{"not_picked":["Dagger Throw+1","Noxious Fumes"],"picked":"Dagger Spray+1","floor":23.0},{"not_picked":["Cloak And Dagger","Slice+1","Poisoned Stab+1"],"picked":"SKIP","floor":25.0},{"not_picked":["Expertise","Footwork"],"picked":"Cloak And Dagger","floor":28.0},{"not_picked":["Riddle With Holes+1","All Out Attack+1"],"picked":"Backflip","floor":30.0}],"player_experience":5404457,"relics_obtained":[{"floor":6.0,"key":"PreservedInsect"},{"floor":9.0,"key":"Bronze Scales"},{"floor":10.0,"key":"Omamori"},{"floor":13.0,"key":"Girya"},{"floor":28.0,"key":"Ice Cream"},{"floor":30.0,"key":"Happy Flower"}],"event_choices":[{"damage_healed":0.0,"max_hp_gain":0.0,"max_hp_loss":0.0,"gold_gain":75.0,"event_name":"World of Goop","player_choice":"Gather Gold","floor":2.0,"gold_loss":0.0,"damage_taken":11.0},{"damage_healed":0.0,"max_hp_gain":5.0,"max_hp_loss":0.0,"gold_gain":0.0,"event_name":"Big Fish","player_choice":"Donut","floor":4.0,"gold_loss":0.0,"damage_taken":0.0},{"damage_healed":0.0,"max_hp_gain":0.0,"max_hp_loss":0.0,"gold_gain":0.0,"event_name":"Scrap Ooze","player_choice":"Success","floor":14.0,"gold_loss":0.0,"damage_taken":26.0,"relics_obtained":["Molten Egg 2"]},{"damage_healed":0.0,"max_hp_gain":0.0,"max_hp_loss":36.0,"gold_gain":0.0,"event_name":"Ghosts","player_choice":"Became a Ghost","floor":20.0,"gold_loss":0.0,"damage_taken":0.0,"cards_obtained":["Ghostly","Ghostly","Ghostly"]},{"damage_healed":0.0,"max_hp_gain":0.0,"max_hp_loss":0.0,"gold_gain":0.0,"cards_transformed":["Defend_G","Strike_G"],"event_name":"Drug Dealer","player_choice":"Became Test Subject","floor":22.0,"gold_loss":0.0,"damage_taken":0.0,"cards_obtained":["Concentrate","Heel Hook"]},{"damage_healed":0.0,"max_hp_gain":0.0,"max_hp_loss":0.0,"gold_gain":0.0,"event_name":"Addict","player_choice":"Obtained Relic","floor":24.0,"gold_loss":85.0,"damage_taken":0.0,"relics_obtained":["Blood Vial"]}],"is_beta":false,"boss_relics":[{"not_picked":["Runic Dome","WristBlade"],"picked":"Cursed Key"}],"items_purged_floors":[21,31],"is_endless":false,"potions_floor_spawned":[1,6,10,13,23],"killed_by":"Automaton","ascension_level":20}