{"gold_per_floor":[113,113,130,130,18,18,31,31,31,45,59,59,87,105,105,105],"floor_reached":16,"playtime":314,"items_purged":["Strike_R"],"score":204,"play_id":"13a1aad7-ff8c-4c6a-b11d-faba0a6692f7","local_time":"20190330011812","is_ascension_mode":true,"campfire_choices":[{"data":"Corruption","floor":6,"key":"SMITH"},{"data":"Searing Blow","floor":8,"key":"SMITH"},{"data":"Searing Blow+1","floor":12,"key":"SMITH"},{"data":"Searing Blow+2","floor":15,"key":"SMITH"}],"neow_cost":"NONE","seed_source_timestamp":1387859485878800,"circlet_count":0,"master_deck":["AscendersBane","Strike_R","Strike_R","Strike_R","Defend_R","Defend_R","Defend_R","Defend_R","Bash","Searing Blow+3","Headbutt","Corruption+1","Battle Trance"],"relics":["Burning Blood","Singing Bowl"],"potions_floor_usage":[7,13,16,16],"damage_taken":[{"damage":12,"enemies":"Cultist","floor":1,"turns":5},{"damage":7,"enemies":"Small Slimes","floor":3,"turns":3},{"damage":10,"enemies":"2 Louse","floor":7,"turns":3},{"damage":26,"enemies":"Exordium Thugs","floor":10,"turns":7},{"damage":7,"enemies":"3 Louse","floor":11,"turns":3},{"damage":8,"enemies":"Gremlin Nob","floor":13,"turns":3},{"damage":11,"enemies":"Looter","floor":14,"turns":2},{"damage":46,"enemies":"The Guardian","floor":16,"turns":8}],"seed_played":"8577323334047131504","potions_obtained":[{"floor":2,"key":"BloodPotion"},{"floor":2,"key":"Ancient Potion"},{"floor":7,"key":"FearPotion"},{"floor":10,"key":"FearPotion"},{"floor":11,"key":"AttackPotion"},{"floor":13,"key":"Poison Potion"}],"is_trial":false,"path_per_floor":["M","?","M","?","$","R","M","R","T","M","M","R","E","M","R","B"],"character_chosen":"IRONCLAD","items_purchased":["Corruption"],"campfire_rested":0,"item_purchase_floors":[5],"current_hp_per_floor":[69,69,68,68,68,68,72,72,72,52,51,51,49,46,46,0],"gold":105,"neow_bonus":"TEN_PERCENT_HP_BONUS","is_prod":false,"is_daily":false,"chose_seed":false,"campfire_upgraded":4,"win_rate":0,"timestamp":1553876292,"path_taken":["M","?","?","?","?","R","M","R","T","M","M","R","E","?","R","BOSS"],"build_version":"2019-01-23","purchased_purges":1,"victory":false,"max_hp_per_floor":[82,82,82,82,82,82,82,82,82,82,82,82,82,84,84,84],"card_choices":[{"not_picked":["Clothesline","Sword Boomerang"],"picked":"Searing Blow","floor":1},{"not_picked":["Clothesline","Entrench"],"picked":"Headbutt","floor":3},{"not_picked":["Sword Boomerang","True Grit","Entrench"],"picked":"SKIP","floor":7},{"not_picked":["Sever Soul","Twin Strike","Body Slam"],"picked":"SKIP","floor":10},{"not_picked":["Sever Soul","Twin Strike","Body Slam"],"picked":"SKIP","floor":10},{"not_picked":["Pommel Strike","Reckless Charge","Spot Weakness"],"picked":"SKIP","floor":11},{"not_picked":["Pommel Strike","Reckless Charge","Spot Weakness"],"picked":"SKIP","floor":11},{"not_picked":["Offering","Sever Soul"],"picked":"Battle Trance","floor":13},{"not_picked":["Blood for Blood","Evolve","Second Wind"],"picked":"Singing Bowl","floor":14}],"player_experience":4664393,"relics_obtained":[{"floor":13,"key":"Singing Bowl"}],"event_choices":[{"damage_healed":0,"gold_gain":0,"player_choice":"Got Potions","damage_taken":0,"max_hp_gain":0,"max_hp_loss":0,"event_name":"Lab","floor":2,"gold_loss":0},{"cards_removed":["Strike_R"],"damage_healed":0,"gold_gain":0,"player_choice":"Offered Basic","damage_taken":0,"max_hp_gain":0,"max_hp_loss":0,"event_name":"Bonfire Elementals","floor":4,"gold_loss":0}],"is_beta":false,"boss_relics":[],"items_purged_floors":[5],"is_endless":false,"potions_floor_spawned":[7,10,11,13],"killed_by":"The Guardian","ascension_level":20}