{"gold_per_floor":[119,79,90,102,112,112,112,112,192,209,235,160,160,60,60,134,134,148,23,35,35,35,35,35,35,35,35,35,53,53,70,70,143,143,155,5,5,17,34,34,88,88,88,88,99,99,109,129,129,129,129],"floor_reached":52,"playtime":1333,"items_purged":["Strike_R","Strike_R","Defend_R","Defend_R"],"score":1800,"play_id":"5a4284fe-bc39-41de-8eef-46883dcf6e5d","local_time":"20190324030658","is_ascension_mode":true,"campfire_choices":[{"data":"Rampage","floor":6.0,"key":"SMITH"},{"data":"Bash","floor":8.0,"key":"SMITH"},{"data":"Double Tap","floor":13.0,"key":"SMITH"},{"data":"Defend_R","floor":15.0,"key":"SMITH"},{"data":"Shrug It Off","floor":23,"key":"SMITH"},{"data":"RitualDagger","floor":25,"key":"SMITH"},{"data":"Warcry","floor":32,"key":"SMITH"},{"data":"Exhume","floor":40,"key":"SMITH"},{"floor":42,"key":"REST"},{"data":"Forethought","floor":49,"key":"SMITH"}],"neow_cost":"PERCENT_DAMAGE","seed_source_timestamp":874828922049600,"circlet_count":0,"master_deck":["AscendersBane","Defend_R+1","Bash+1","Rampage+1","Double Tap+1","Shrug It Off+1","RitualDagger+1","Exhume+1","Forethought+1","Madness","Evolve+1"],"special_seed":0,"relics":["Black Blood","Boot","Paper Frog","Anchor","Empty Cage","Question Card","Unceasing Top","Du-Vu Doll"],"potions_floor_usage":[33,33,50],"damage_taken":[{"damage":14.0,"enemies":"Jaw Worm","floor":1.0,"turns":4.0},{"damage":7.0,"enemies":"Cultist","floor":3.0,"turns":4.0},{"damage":4.0,"enemies":"Small Slimes","floor":4.0,"turns":4.0},{"damage":2.0,"enemies":"Looter","floor":5.0,"turns":5.0},{"damage":0.0,"enemies":"3 Louse","floor":10.0,"turns":1.0},{"damage":20.0,"enemies":"Lagavulin","floor":11.0,"turns":6.0},{"damage":12.0,"enemies":"The Guardian","floor":16.0,"turns":9.0},{"damage":9.0,"enemies":"2 Thieves","floor":18.0,"turns":4.0},{"damage":0.0,"enemies":"Chosen","floor":20.0,"turns":3.0},{"damage":6,"enemies":"Colosseum Slavers","floor":21,"turns":3},{"damage":13,"enemies":"Snake Plant","floor":29,"turns":4},{"damage":6,"enemies":"Shelled Parasite and Fungi","floor":31,"turns":3},{"damage":34,"enemies":"Automaton","floor":33,"turns":5},{"damage":41,"enemies":"3 Shapes","floor":35,"turns":3},{"damage":1,"enemies":"Orb Walker","floor":38,"turns":2},{"damage":1,"enemies":"Sphere and 2 Shapes","floor":39,"turns":8},{"damage":0,"enemies":"2 Orb Walkers","floor":41,"turns":2},{"damage":0,"enemies":"Transient","floor":45,"turns":6},{"damage":0,"enemies":"Spire Growth","floor":47,"turns":2},{"damage":10,"enemies":"Jaw Worm Horde","floor":48,"turns":3},{"damage":55,"enemies":"Time Eater","floor":50,"turns":5},{"damage":25,"enemies":"Donu and Deca","floor":51,"turns":5}],"seed_played":"3419595380342522130","potions_obtained":[{"floor":1.0,"key":"Explosive Potion"},{"floor":2.0,"key":"Regen Potion"},{"floor":3.0,"key":"Fruit Juice"},{"floor":11.0,"key":"Energy Potion"},{"floor":29,"key":"AttackPotion"},{"floor":31,"key":"Explosive Potion"},{"floor":41,"key":"Weak Potion"},{"floor":45,"key":"Poison Potion"}],"is_trial":false,"path_per_floor":["M","?","M","M","M","R","?","R","T","M","E","$","R","$","R","B",null,"M","$","M","?","?","R","?","R","T","?","$","M","?","M","R","B",null,"M","$","?","M","M","R","?","R","T","?","M","?","M","M","R","B","B",null],"character_chosen":"IRONCLAD","items_purchased":[],"campfire_rested":1,"item_purchase_floors":[],"current_hp_per_floor":[42,42,58,60,64,64,64,64,64,70,56,56,56,56,56,50,73,70,70,76,76,76,76,70,70,70,70,70,63,63,63,63,35,69,38,38,38,47,56,56,66,80,80,80,80,70,80,80,80,35,20],"gold":129,"neow_bonus":"REMOVE_TWO","is_prod":false,"is_daily":false,"chose_seed":false,"campfire_upgraded":9,"win_rate":0,"timestamp":1553364418,"path_taken":["M","?","M","M","?","R","?","R","T","M","E","$","R","$","R","BOSS","M","$","M","?","?","R","?","R","T","?","?","M","?","M","R","BOSS","M","$","?","M","?","R","?","R","T","?","M","?","M","M","R","BOSS","BOSS"],"build_version":"2019-01-23","purchased_purges":4,"victory":true,"max_hp_per_floor":[75,75,80,80,80,80,80,80,80,80,80,80,80,80,80,80,80,80,80,80,80,80,80,80,80,80,80,80,80,80,80,80,80,80,80,80,80,80,80,80,80,80,80,80,80,80,80,80,80,80,80],"card_choices":[{"not_picked":["Rupture","Havoc","Clothesline"],"picked":"SKIP","floor":1.0},{"not_picked":["Sword Boomerang","Anger"],"picked":"Rampage","floor":3.0},{"not_picked":["Clash","Hemokinesis","Havoc"],"picked":"SKIP","floor":4.0},{"not_picked":["Clothesline","Armaments","Metallicize"],"picked":"SKIP","floor":5.0},{"not_picked":["Pommel Strike","Heavy Blade","Perfected Strike"],"picked":"SKIP","floor":10.0},{"not_picked":["Rampage","Searing Blow"],"picked":"Double Tap","floor":11.0},{"not_picked":["Blood for Blood","Rampage","Pommel Strike"],"picked":"SKIP","floor":18.0},{"not_picked":["Combust","Twin Strike"],"picked":"Shrug It Off","floor":20.0},{"not_picked":["Twin Strike","Warcry","Shrug It Off","Wild Strike"],"picked":"SKIP","floor":29},{"not_picked":["Wild Strike","Clash","Searing Blow","Havoc"],"picked":"SKIP","floor":31},{"not_picked":["Limit Break","Double Tap","Barricade"],"picked":"Exhume","floor":33},{"not_picked":["True Grit","Headbutt","Intimidate","Thunderclap"],"picked":"SKIP","floor":35},{"not_picked":["Intimidate","Twin Strike","Clash","Anger"],"picked":"SKIP","floor":38},{"not_picked":["Clothesline+1","Pommel Strike+1","Iron Wave","Carnage+1"],"picked":"SKIP","floor":39},{"not_picked":["Clothesline+1","Pommel Strike+1","Iron Wave","Carnage+1"],"picked":"SKIP","floor":39},{"not_picked":["Clothesline+1","Pommel Strike+1","Iron Wave","Carnage+1"],"picked":"SKIP","floor":39},{"not_picked":["Clothesline+1","Pommel Strike+1","Iron Wave","Carnage+1"],"picked":"SKIP","floor":39},{"not_picked":["Spot Weakness+1","Perfected Strike","Wild Strike","Uppercut"],"picked":"SKIP","floor":45},{"not_picked":["Bandage Up","Trip","Good Instincts"],"picked":"Forethought","floor":46},{"not_picked":["Bandage Up","Chrysalis","Finesse"],"picked":"Madness","floor":46},{"not_picked":["Heavy Blade+1","Thunderclap","Pummel"],"picked":"Evolve+1","floor":47},{"not_picked":["True Grit","Havoc","Perfected Strike","Blood for Blood+1"],"picked":"SKIP","floor":48}],"player_experience":4607968,"relics_obtained":[{"floor":9.0,"key":"Paper Frog"},{"floor":11.0,"key":"Anchor"},{"floor":26,"key":"Question Card"},{"floor":41,"key":"Unceasing Top"},{"floor":43,"key":"Du-Vu Doll"}],"event_choices":[{"damage_healed":0.0,"max_hp_gain":0.0,"max_hp_loss":0.0,"gold_gain":0.0,"event_name":"The Woman in Blue","player_choice":"Bought 3 Potions","floor":2.0,"gold_loss":0.0,"damage_taken":0.0},{"damage_healed":0.0,"max_hp_gain":0.0,"max_hp_loss":0.0,"gold_gain":0.0,"event_name":"Dead Adventurer","player_choice":"Searched \u00271\u0027 times","floor":7.0,"gold_loss":0.0,"damage_taken":0.0,"relics_obtained":["Boot"]},{"damage_healed":0,"gold_gain":0,"player_choice":"Fight","damage_taken":0,"max_hp_gain":0,"max_hp_loss":0,"event_name":"Colosseum","floor":21,"gold_loss":0},{"damage_healed":0,"gold_gain":0,"player_choice":"Fled From Nobs","damage_taken":0,"max_hp_gain":0,"max_hp_loss":0,"event_name":"Colosseum","floor":21,"gold_loss":0},{"damage_healed":0,"gold_gain":0,"player_choice":"Ignored","damage_taken":0,"max_hp_gain":0,"max_hp_loss":0,"event_name":"Ghosts","floor":22,"gold_loss":0},{"damage_healed":0,"gold_gain":0,"player_choice":"Joined the Cult","damage_taken":6,"max_hp_gain":0,"max_hp_loss":0,"event_name":"Nest","floor":24,"gold_loss":0,"cards_obtained":["RitualDagger"]},{"damage_healed":0,"gold_gain":0,"player_choice":"Read","damage_taken":0,"max_hp_gain":0,"max_hp_loss":0,"event_name":"The Library","floor":27,"gold_loss":0,"cards_obtained":["Warcry"]},{"damage_healed":0,"gold_gain":0,"player_choice":"Ignored","damage_taken":0,"max_hp_gain":0,"max_hp_loss":0,"event_name":"The Mausoleum","floor":30,"gold_loss":0},{"damage_healed":0,"gold_gain":0,"player_choice":"Ignored","damage_taken":0,"max_hp_gain":0,"max_hp_loss":0,"event_name":"Transmorgrifier","floor":37,"gold_loss":0},{"damage_healed":0,"gold_gain":0,"player_choice":"Fight","damage_taken":0,"max_hp_gain":0,"max_hp_loss":0,"event_name":"Mysterious Sphere","floor":41,"gold_loss":0},{"cards_removed":["Warcry"],"damage_healed":0,"gold_gain":0,"player_choice":"Removed Skill","damage_taken":0,"max_hp_gain":0,"max_hp_loss":0,"event_name":"Falling","floor":44,"gold_loss":0},{"damage_healed":0,"gold_gain":0,"player_choice":"Memory 3","damage_taken":10,"max_hp_gain":0,"max_hp_loss":0,"event_name":"SensoryStone","floor":46,"gold_loss":0}],"is_beta":false,"boss_relics":[{"not_picked":["Tiny House","White Beast Statue"],"picked":"Empty Cage"},{"not_picked":["Astrolabe","Eternal Feather"],"picked":"Black Blood"}],"items_purged_floors":[12,14,19,36],"is_endless":false,"potions_floor_spawned":[1,3,11,29,31,41,45,48],"ascension_level":20}