{"gold_per_floor":[117,136,147,158,177,177,205,205,250,278,203,234,253,266,266,343,343,360,370,384,396,496,496,514,514,514,545,545,575,587,604,604,681,681,694,704,704,715,734,765,765,765,765,804,816,856,915,942,954,966,978,990,1002,160,194,194],"floor_reached":57,"playtime":2500,"items_purged":["Defend_G"],"score":3241,"play_id":"53dce11d-21be-43c9-84a2-048faf70fc93","local_time":"20190513013324","is_ascension_mode":true,"campfire_choices":[{"data":"Slice","floor":6.0,"key":"SMITH"},{"data":"Crippling Poison","floor":8.0,"key":"SMITH"},{"data":"Catalyst","floor":15.0,"key":"SMITH"},{"floor":23.0,"key":"REST"},{"data":"Deadly Poison","floor":25.0,"key":"SMITH"},{"floor":32.0,"key":"RECALL"},{"data":"Prepared","floor":42.0,"key":"SMITH"},{"data":"Bouncing Flask","floor":45.0,"key":"SMITH"},{"data":"Malaise","floor":49.0,"key":"SMITH"},{"data":"Burst","floor":53.0,"key":"SMITH"}],"neow_cost":"TEN_PERCENT_HP_LOSS","seed_source_timestamp":629671067186100,"circlet_count":0,"master_deck":["AscendersBane","Defend_G","Defend_G","Defend_G","Survivor","Neutralize","Crippling Poison+1","Backstab","Backstab","Blur","Deadly Poison+1","Malaise+1","Slice+1","Backflip+1","Adrenaline+1","PiercingWail","Catalyst+1","Noxious Fumes+1","Wraith Form v2+1","Escape Plan","Wraith Form v2+1","Escape Plan","Footwork+1","Prepared+1","Burst+1","Concentrate+1","Dagger Throw+1","Blade Dance+1","Bouncing Flask+1","Noxious Fumes+1","Expertise+1","Well Laid Plans+1","Acrobatics"],"special_seed":0,"relics":["Ring of the Snake","Blue Candle","Blood Vial","Frozen Egg 2","Ancient Tea Set","Runic Dome","Mango","Matryoshka","Snake Skull","Paper Crane","StoneCalendar","Orichalcum","Astrolabe","Centennial Puzzle","MawBank","Nunchaku","Meat on the Bone","Torii","The Specimen","Art of War","Toy Ornithopter","War Paint"],"potions_floor_usage":[56],"damage_taken":[{"damage":2.0,"enemies":"2 Louse","floor":1.0,"turns":3.0},{"damage":0.0,"enemies":"Jaw Worm","floor":2.0,"turns":2.0},{"damage":0.0,"enemies":"Cultist","floor":3.0,"turns":3.0},{"damage":1.0,"enemies":"2 Fungi Beasts","floor":4.0,"turns":3.0},{"damage":2.0,"enemies":"Blue Slaver","floor":5.0,"turns":3.0},{"damage":11.0,"enemies":"3 Sentries","floor":7.0,"turns":9.0},{"damage":23.0,"enemies":"Gremlin Nob","floor":10.0,"turns":5.0},{"damage":5.0,"enemies":"3 Sentries","floor":12.0,"turns":7.0},{"damage":3.0,"enemies":"Looter","floor":13.0,"turns":2.0},{"damage":0.0,"enemies":"Exordium Wildlife","floor":14.0,"turns":3.0},{"damage":5.0,"enemies":"Hexaghost","floor":16.0,"turns":8.0},{"damage":1.0,"enemies":"Spheric Guardian","floor":18.0,"turns":4.0},{"damage":4.0,"enemies":"2 Thieves","floor":19.0,"turns":5.0},{"damage":13.0,"enemies":"Cultist and Chosen","floor":20.0,"turns":6.0},{"damage":22.0,"enemies":"Shelled Parasite and Fungi","floor":21.0,"turns":5.0},{"damage":0.0,"enemies":"Colosseum Slavers","floor":22.0,"turns":5.0},{"damage":2.0,"enemies":"Colosseum Nobs","floor":22.0,"turns":6.0},{"damage":3.0,"enemies":"Snake Plant","floor":24.0,"turns":6.0},{"damage":0.0,"enemies":"Slavers","floor":27.0,"turns":6.0},{"damage":0.0,"enemies":"Book of Stabbing","floor":29.0,"turns":5.0},{"damage":0.0,"enemies":"3 Cultists","floor":30.0,"turns":5.0},{"damage":0.0,"enemies":"Snecko","floor":31.0,"turns":5.0},{"damage":0.0,"enemies":"Automaton","floor":33.0,"turns":7.0},{"damage":0.0,"enemies":"3 Darklings","floor":35.0,"turns":5.0},{"damage":0.0,"enemies":"Orb Walker","floor":36.0,"turns":4.0},{"damage":0.0,"enemies":"Jaw Worm Horde","floor":38.0,"turns":5.0},{"damage":0.0,"enemies":"4 Shapes","floor":39.0,"turns":6.0},{"damage":3.0,"enemies":"Giant Head","floor":40.0,"turns":9.0},{"damage":7.0,"enemies":"Nemesis","floor":44.0,"turns":7.0},{"damage":0.0,"enemies":"Reptomancer","floor":46.0,"turns":6.0},{"damage":0.0,"enemies":"2 Orb Walkers","floor":47.0,"turns":6.0},{"damage":11.0,"enemies":"3 Darklings","floor":48.0,"turns":4.0},{"damage":0.0,"enemies":"Donu and Deca","floor":50.0,"turns":7.0},{"damage":24.0,"enemies":"Time Eater","floor":51.0,"turns":7.0},{"damage":0.0,"enemies":"Shield and Spear","floor":55.0,"turns":6.0},{"damage":28,"enemies":"The Heart","floor":56,"turns":7}],"seed_played":"7784859102826088748","potions_obtained":[{"floor":1.0,"key":"Energy Potion"},{"floor":5.0,"key":"GhostInAJar"},{"floor":10.0,"key":"Strength Potion"},{"floor":14.0,"key":"Dexterity Potion"},{"floor":18.0,"key":"Swift Potion"},{"floor":27.0,"key":"GhostInAJar"},{"floor":44.0,"key":"Block Potion"},{"floor":46.0,"key":"Swift Potion"}],"is_trial":false,"path_per_floor":["M","M","M","M","M","R","E","R","T","E","?","E","M","M","R","B",null,"M","M","M","M","?","R","M","R","T","E","?","E","M","M","R","B",null,"M","M","?","M","M","E","?","R","T","E","R","E","?","M","R","B","B",null,"R","$","E","B",null],"character_chosen":"THE_SILENT","items_purchased":["The Specimen","Art of War","Toy Ornithopter","Acrobatics"],"campfire_rested":1,"item_purchase_floors":[54,54,54,54],"current_hp_per_floor":[57,57,57,56,54,54,43,43,43,22,22,19,18,20,20,17,49,50,48,37,17,33,55,54,54,54,56,56,58,60,62,62,64,72,74,74,70,70,70,67,67,67,67,62,62,64,66,57,57,59,37,62,62,62,64,43],"gold":194,"neow_bonus":"TRANSFORM_TWO_CARDS","is_prod":false,"is_daily":false,"chose_seed":false,"campfire_upgraded":8,"win_rate":0,"timestamp":1557678804,"path_taken":["M","M","M","M","M","R","E","R","T","E","?","E","M","M","R","BOSS","M","M","M","M","?","R","M","R","T","E","?","E","M","?","R","BOSS","M","M","?","M","M","E","?","R","T","E","R","E","?","?","R","BOSS","BOSS","R","$","E","BOSS"],"build_version":"2019-01-23","purchased_purges":1,"victory":true,"max_hp_per_floor":[60,60,60,60,60,60,60,60,60,60,60,60,60,60,60,60,60,60,60,60,60,74,74,74,74,74,74,74,74,74,74,74,74,74,74,74,70,70,70,70,70,70,70,70,70,70,70,70,70,70,70,70,70,70,70,70],"card_choices":[{"not_picked":["Bane","Underhanded Strike"],"picked":"Backstab","floor":1.0},{"not_picked":["Prepared","Deflect"],"picked":"Blur","floor":2.0},{"not_picked":["Acrobatics","Bane"],"picked":"Deadly Poison","floor":3.0},{"not_picked":["Flying Knee","Choke"],"picked":"Malaise","floor":4.0},{"not_picked":["Dodge and Roll","Outmaneuver"],"picked":"Slice","floor":5.0},{"not_picked":["Deflect","Quick Slash"],"picked":"Backflip","floor":7.0},{"not_picked":["Bane","All Out Attack"],"picked":"Adrenaline","floor":10.0},{"not_picked":["Blade Dance","Endless Agony"],"picked":"PiercingWail","floor":12.0},{"not_picked":["Underhanded Strike","Flechettes"],"picked":"Catalyst","floor":13.0},{"not_picked":["Backstab","PiercingWail"],"picked":"Noxious Fumes+1","floor":14.0},{"not_picked":["Storm of Steel","Envenom+1"],"picked":"Wraith Form v2+1","floor":16.0},{"not_picked":["Outmaneuver","Bane"],"picked":"Escape Plan","floor":18.0},{"not_picked":["Flying Knee","Dash","Distraction"],"picked":"SKIP","floor":19.0},{"not_picked":["Poisoned Stab","Deadly Poison","Accuracy+1"],"picked":"SKIP","floor":20.0},{"not_picked":["PiercingWail+1","Finisher+1"],"picked":"Wraith Form v2+1","floor":21.0},{"not_picked":["Dagger Spray","Backflip"],"picked":"Escape Plan","floor":24.0},{"not_picked":["Deadly Poison","Infinite Blades+1"],"picked":"Footwork+1","floor":27.0},{"not_picked":["Glass Knife","Slice","Eviscerate"],"picked":"SKIP","floor":29.0},{"not_picked":["Predator","Dash"],"picked":"Prepared","floor":30.0},{"not_picked":["Tactician","Slice","Quick Slash"],"picked":"SKIP","floor":31.0},{"not_picked":["A Thousand Cuts+1","Phantasmal Killer"],"picked":"Burst","floor":33.0},{"not_picked":["Predator","Sucker Punch","Concentrate"],"picked":"SKIP","floor":35.0},{"not_picked":["Deflect","Skewer","Eviscerate+1"],"picked":"SKIP","floor":36.0},{"not_picked":["Eviscerate","Finisher"],"picked":"Bouncing Flask","floor":38.0},{"not_picked":["Poisoned Stab","Backstab"],"picked":"Noxious Fumes+1","floor":39.0},{"not_picked":["Deadly Poison","Heel Hook+1","Bouncing Flask"],"picked":"SKIP","floor":40.0},{"not_picked":["Flying Knee","Slice"],"picked":"Expertise+1","floor":44.0},{"not_picked":["Skewer","Heel Hook"],"picked":"Well Laid Plans+1","floor":46.0},{"not_picked":["Bullet Time","Blur","Noxious Fumes+1"],"picked":"SKIP","floor":48.0},{"not_picked":["PiercingWail","Dagger Throw","Backstab"],"picked":"SKIP","floor":55.0},{"not_picked":["PiercingWail","Dagger Throw","Backstab"],"picked":"SKIP","floor":55.0}],"player_experience":5003298,"relics_obtained":[{"floor":7.0,"key":"Blue Candle"},{"floor":9.0,"key":"Blood Vial"},{"floor":10.0,"key":"Frozen Egg 2"},{"floor":12.0,"key":"Ancient Tea Set"},{"floor":22.0,"key":"Mango"},{"floor":22.0,"key":"Matryoshka"},{"floor":26.0,"key":"Snake Skull"},{"floor":26.0,"key":"Paper Crane"},{"floor":27.0,"key":"StoneCalendar"},{"floor":29.0,"key":"Orichalcum"},{"floor":40.0,"key":"Centennial Puzzle"},{"floor":43.0,"key":"MawBank"},{"floor":44.0,"key":"Nunchaku"},{"floor":46.0,"key":"Meat on the Bone"},{"floor":47.0,"key":"Torii"},{"floor":55.0,"key":"War Paint"}],"event_choices":[{"cards_removed":["Strike_G"],"damage_healed":0.0,"max_hp_gain":0.0,"max_hp_loss":0.0,"gold_gain":0.0,"event_name":"The Cleric","player_choice":"Card Removal","floor":11.0,"gold_loss":75.0,"damage_taken":0.0},{"damage_healed":0.0,"max_hp_gain":0.0,"max_hp_loss":0.0,"gold_gain":0.0,"event_name":"Colosseum","player_choice":"Fight","floor":22.0,"gold_loss":0.0,"damage_taken":0.0},{"damage_healed":0.0,"max_hp_gain":0.0,"max_hp_loss":0.0,"gold_gain":0.0,"event_name":"Colosseum","player_choice":"Fought Nobs","floor":22.0,"gold_loss":0.0,"damage_taken":0.0},{"damage_healed":0.0,"max_hp_gain":0.0,"max_hp_loss":0.0,"gold_gain":0.0,"event_name":"N\u0027loth","player_choice":"Ignored","floor":28.0,"gold_loss":0.0,"damage_taken":0.0},{"damage_healed":0.0,"max_hp_gain":0.0,"max_hp_loss":4.0,"gold_gain":0.0,"event_name":"Winding Halls","player_choice":"Max HP","floor":37.0,"gold_loss":0.0,"damage_taken":0.0},{"damage_healed":0.0,"max_hp_gain":0.0,"max_hp_loss":0.0,"gold_gain":0.0,"event_name":"Tomb of Lord Red Mask","player_choice":"Ignored","floor":41.0,"gold_loss":0.0,"damage_taken":0.0},{"damage_healed":0.0,"max_hp_gain":0.0,"max_hp_loss":0.0,"gold_gain":0.0,"event_name":"Mysterious Sphere","player_choice":"Fight","floor":47.0,"gold_loss":0.0,"damage_taken":0.0}],"is_beta":false,"boss_relics":[{"not_picked":["Coffee Dripper","Orrery"],"picked":"Runic Dome"},{"not_picked":["Eternal Feather","HoveringKite"],"picked":"Astrolabe"}],"items_purged_floors":[54],"is_endless":false,"potions_floor_spawned":[1,5,7,10,14,18,19,22,27,31,33,35,36,44,46,48],"ascension_level":20}