{"gold_per_floor":[15,29,47,22,37,37,64,64,88,108,108,118,118,150,150,245,245,260,278,39,53,53,53,67,67,67,67,78,78,92,107,107,202,202,222,522,125,173,173,173,190,44,44,60,60,86,40,52,52,52],"floor_reached":51,"playtime":1324,"items_purged":[],"score":892,"play_id":"4b6f4771-3a0d-4de5-9779-79861cf2d33c","local_time":"20190702192502","is_ascension_mode":true,"campfire_choices":[{"data":"1","floor":6,"key":"LIFT"},{"data":"2","floor":8,"key":"LIFT"},{"data":"3","floor":13,"key":"LIFT"},{"data":"Bash","floor":15,"key":"SMITH"},{"data":"Pommel Strike","floor":23,"key":"SMITH"},{"data":"Perfected Strike","floor":27,"key":"SMITH"},{"data":"Perfected Strike","floor":32,"key":"SMITH"},{"data":"Perfected Strike","floor":40,"key":"SMITH"},{"floor":45,"key":"REST"},{"data":"Limit Break","floor":49,"key":"SMITH"}],"neow_cost":"NO_GOLD","seed_source_timestamp":972942705398560,"circlet_count":0,"master_deck":["Strike_R","Strike_R","Strike_R","Strike_R","Strike_R","Defend_R","Defend_R","Defend_R","Defend_R","Bash+1","Pommel Strike+1","Twin Strike","Cleave","Rampage","Shrug It Off","Flex","Twin Strike","Perfected Strike+1","Perfected Strike+1","Pommel Strike","Pommel Strike+1","Shrug It Off+1","Demon Form","Perfected Strike+1","Shrug It Off+1","Limit Break+1","Perfected Strike","Heavy Blade+1","Perfected Strike","Twin Strike"],"relics":["Burning Blood","Girya","Blood Vial","Anchor","Bronze Scales","Velvet Choker","Shuriken","StoneCalendar","Nilry\u0027s Codex","Sozu","PreservedInsect","Pear","Champion Belt","Meat on the Bone","Mercury Hourglass","Gremlin Horn"],"potions_floor_usage":[7,14,16,16,16,21,28,28,33],"damage_taken":[{"damage":1,"enemies":"Cultist","floor":1,"turns":3},{"damage":0,"enemies":"2 Louse","floor":2,"turns":3},{"damage":7,"enemies":"Jaw Worm","floor":3,"turns":3},{"damage":15,"enemies":"Exordium Thugs","floor":5,"turns":5},{"damage":44,"enemies":"Lagavulin","floor":7,"turns":6},{"damage":3,"enemies":"Blue Slaver","floor":10,"turns":2},{"damage":0,"enemies":"3 Louse","floor":12,"turns":2},{"damage":0,"enemies":"Gremlin Nob","floor":14,"turns":3},{"damage":29,"enemies":"The Guardian","floor":16,"turns":10},{"damage":0,"enemies":"Chosen","floor":18,"turns":3},{"damage":0,"enemies":"Spheric Guardian","floor":19,"turns":3},{"damage":5,"enemies":"Shelled Parasite and Fungi","floor":21,"turns":2},{"damage":10,"enemies":"Snecko","floor":24,"turns":3},{"damage":10,"enemies":"Snake Plant","floor":28,"turns":3},{"damage":0,"enemies":"Chosen and Byrds","floor":30,"turns":3},{"damage":0,"enemies":"Snecko","floor":31,"turns":2},{"damage":61,"enemies":"Collector","floor":33,"turns":7},{"damage":18,"enemies":"3 Shapes","floor":35,"turns":3},{"damage":45,"enemies":"2 Orb Walkers","floor":38,"turns":3},{"damage":38,"enemies":"3 Darklings","floor":41,"turns":4},{"damage":5,"enemies":"Transient","floor":44,"turns":5},{"damage":0,"enemies":"Reptomancer","floor":46,"turns":2},{"damage":27,"enemies":"Maw","floor":48,"turns":4},{"damage":66,"enemies":"Donu and Deca","floor":50,"turns":6}],"seed_played":"-8865869482197132147","potions_obtained":[{"floor":1,"key":"PowerPotion"},{"floor":3,"key":"Poison Potion"},{"floor":5,"key":"Poison Potion"},{"floor":7,"key":"Block Potion"},{"floor":14,"key":"SpeedPotion"},{"floor":18,"key":"AttackPotion"},{"floor":19,"key":"EssenceOfSteel"},{"floor":24,"key":"EssenceOfSteel"},{"floor":31,"key":"Explosive Potion"}],"is_trial":false,"path_per_floor":["M","M","M","$","M","R","E","R","T","M","?","M","R","E","R","B",null,"M","M","$","M","$","R","M","?","T","R","M","?","M","M","R","B",null,"M","?","$","?","?","R","M","$","T","M","R","E","$","M","R","B",null],"character_chosen":"IRONCLAD","items_purchased":["Cleave","Shuriken","PreservedInsect","Pear","Limit Break","Perfected Strike"],"campfire_rested":1,"item_purchase_floors":[4,20,37,37,42,47],"current_hp_per_floor":[80,80,79,79,70,70,32,32,32,37,90,90,90,90,90,67,90,90,90,90,90,90,90,86,86,86,86,84,68,76,84,84,31,90,78,78,88,51,51,51,33,33,33,48,78,86,86,67,67,21],"gold":52,"neow_bonus":"ONE_RARE_RELIC","is_prod":false,"is_daily":false,"chose_seed":false,"campfire_upgraded":6,"win_rate":0,"timestamp":1562091902,"path_taken":["M","M","?","$","M","R","E","R","T","M","?","M","R","E","R","BOSS","M","M","$","?","$","R","M","?","T","R","M","?","M","M","R","BOSS","M","?","?","?","?","R","M","$","T","?","R","E","$","M","R","BOSS"],"build_version":"2019-07-01","purchased_purges":0,"victory":true,"max_hp_per_floor":[80,80,80,80,80,80,80,80,80,80,90,90,90,90,90,90,90,90,90,90,90,90,90,90,90,90,90,90,90,90,90,90,90,90,90,90,100,100,100,100,100,100,100,100,100,100,100,100,100,100],"card_choices":[{"not_picked":["Carnage","Intimidate","Feel No Pain"],"picked":"SKIP","floor":1},{"not_picked":["Carnage","Pummel"],"picked":"Pommel Strike","floor":2},{"not_picked":["Combust","Wild Strike"],"picked":"Twin Strike","floor":3},{"not_picked":["Clash","Corruption"],"picked":"Rampage","floor":5},{"not_picked":["Sentinel","Searing Blow"],"picked":"Berserk","floor":7},{"not_picked":["Combust","Ghostly Armor"],"picked":"Shrug It Off","floor":10},{"not_picked":["Disarm","Warcry"],"picked":"Flex","floor":12},{"not_picked":["Evolve","Uppercut"],"picked":"Twin Strike","floor":14},{"not_picked":["Berserk","Exhume"],"picked":"Bludgeon","floor":16},{"not_picked":["Disarm","Warcry","Sever Soul"],"picked":"SKIP","floor":18},{"not_picked":["Cleave+1","Burning Pact+1","Headbutt"],"picked":"SKIP","floor":19},{"not_picked":["Anger+1","Iron Wave","Rupture"],"picked":"SKIP","floor":21},{"not_picked":["Disarm","Sentinel"],"picked":"Perfected Strike","floor":24},{"not_picked":["Heavy Blade","Headbutt"],"picked":"Pommel Strike","floor":28},{"not_picked":["Iron Wave","Power Through"],"picked":"Pommel Strike+1","floor":30},{"not_picked":["Searing Blow","Headbutt"],"picked":"Shrug It Off+1","floor":31},{"not_picked":["Impervious","Immolate"],"picked":"Demon Form","floor":33},{"not_picked":["Dual Wield","Headbutt","True Grit+1"],"picked":"SKIP","floor":35},{"not_picked":["Heavy Blade+1","Clothesline+1"],"picked":"Perfected Strike","floor":38},{"not_picked":["Wild Strike+1","Fire Breathing+1"],"picked":"Shrug It Off+1","floor":41},{"not_picked":["Uppercut","Twin Strike+1"],"picked":"Perfected Strike","floor":44},{"not_picked":["Clash+1","Headbutt"],"picked":"Heavy Blade+1","floor":46},{"not_picked":["Anger","Warcry+1"],"picked":"Twin Strike","floor":48}],"player_experience":66154,"relics_obtained":[{"floor":7,"key":"Blood Vial"},{"floor":9,"key":"Anchor"},{"floor":14,"key":"Bronze Scales"},{"floor":26,"key":"StoneCalendar"},{"floor":29,"key":"Nilry\u0027s Codex"},{"floor":38,"key":"Champion Belt"},{"floor":43,"key":"Mercury Hourglass"},{"floor":46,"key":"Gremlin Horn"}],"event_choices":[{"cards_removed":["Berserk"],"damage_healed":43,"gold_gain":0,"player_choice":"Offered Rare","damage_taken":0,"max_hp_gain":10,"max_hp_loss":0,"event_name":"Bonfire Elementals","floor":11,"gold_loss":0},{"damage_healed":0,"gold_gain":0,"player_choice":"Read","damage_taken":0,"max_hp_gain":0,"max_hp_loss":0,"event_name":"The Library","floor":25,"gold_loss":0,"cards_obtained":["Perfected Strike"]},{"damage_healed":0,"gold_gain":0,"player_choice":"Obtained Book","damage_taken":16,"max_hp_gain":0,"max_hp_loss":0,"event_name":"Cursed Tome","floor":29,"gold_loss":0},{"damage_healed":0,"gold_gain":300,"player_choice":"Gold","damage_taken":0,"max_hp_gain":0,"max_hp_loss":0,"event_name":"Wheel of Change","floor":36,"gold_loss":0},{"damage_healed":0,"gold_gain":0,"player_choice":"Fight","damage_taken":0,"max_hp_gain":0,"max_hp_loss":0,"event_name":"Mysterious Sphere","floor":38,"gold_loss":0},{"cards_removed":["Bludgeon"],"damage_healed":0,"gold_gain":0,"player_choice":"Gave Card","damage_taken":0,"relics_obtained":["Meat on the Bone"],"max_hp_gain":0,"max_hp_loss":0,"event_name":"WeMeetAgain","floor":39,"gold_loss":0}],"is_beta":false,"boss_relics":[{"not_picked":["Cursed Key","Runic Pyramid"],"picked":"Velvet Choker"},{"not_picked":["Eternal Feather","Philosopher\u0027s Stone"],"picked":"Sozu"}],"items_purged_floors":[],"is_endless":false,"potions_floor_spawned":[1,3,5,7,14,18,19,24,31,38,41,44,46],"ascension_level":3}