{"gold_per_floor":[112,124,124,143,162,190,190,205,231,231,260,271,69,104,104,200,200,218,133,133,153,167,195,195,228,228,244,260,260,111,129,129,224,224,234,134,152,1151,1151,1151,1166,1184,1184,1184,456,476,476,486,486,486],"floor_reached":50,"playtime":2963,"items_purged":["Strike_B","Normality","Normality"],"score":759,"play_id":"2403e1a1-a883-45aa-b37e-2f058c094542","local_time":"20190724201617","is_ascension_mode":true,"campfire_choices":[{"floor":7.0,"key":"REST"},{"floor":10.0,"key":"REST"},{"data":"Defragment","floor":15.0,"key":"SMITH"},{"floor":24.0,"key":"REST"},{"floor":29.0,"key":"REST"},{"floor":32.0,"key":"REST"},{"data":"Capacitor","floor":40.0,"key":"SMITH"},{"floor":44.0,"key":"REST"},{"data":"Coolheaded","floor":49,"key":"SMITH"}],"neow_cost":"NONE","seed_source_timestamp":279381958603399,"circlet_count":0,"master_deck":["Defend_B+1","Defend_B","Defend_B","Zap","Dualcast","Multi-Cast","Streamline","Genetic Algorithm+1","Compile Driver","Conserve Battery","Rip and Tear","Self Repair","Defragment+1","Cold Snap+1","Rainbow","Electrodynamics","Hyperbeam+1","Lockon+1","Compile Driver","Core Surge","Cold Snap","Barrage+1","Rainbow","Coolheaded+1","Coolheaded+1","FTL+1","Capacitor+1","Creative AI","Parasite","Injury","Normality","Chaos+1","Blizzard"],"special_seed":0,"relics":["Cracked Core","Emotion Chip","Happy Flower","Orichalcum","Strawberry","Astrolabe","Shuriken","War Paint","FossilizedHelix","Blue Candle","Calling Bell","Lantern","Cables","Shovel","Whetstone","Pen Nib","Pocketwatch"],"potions_floor_usage":[48],"damage_taken":[{"damage":2.0,"enemies":"Jaw Worm","floor":1.0,"turns":3.0},{"damage":0.0,"enemies":"Small Slimes","floor":2.0,"turns":2.0},{"damage":0.0,"enemies":"Cultist","floor":4.0,"turns":3.0},{"damage":13.0,"enemies":"Red Slaver","floor":5.0,"turns":4.0},{"damage":30.0,"enemies":"Lagavulin","floor":6.0,"turns":7.0},{"damage":9.0,"enemies":"Large Slime","floor":8.0,"turns":7.0},{"damage":29.0,"enemies":"3 Sentries","floor":11.0,"turns":7.0},{"damage":0.0,"enemies":"Exordium Wildlife","floor":12.0,"turns":2.0},{"damage":2.0,"enemies":"Gremlin Nob","floor":14.0,"turns":3.0},{"damage":31.0,"enemies":"Slime Boss","floor":16.0,"turns":8.0},{"damage":5.0,"enemies":"2 Thieves","floor":18.0,"turns":4.0},{"damage":15.0,"enemies":"Spheric Guardian","floor":21.0,"turns":4.0},{"damage":10.0,"enemies":"Snake Plant","floor":22.0,"turns":5.0},{"damage":30.0,"enemies":"Gremlin Leader","floor":23.0,"turns":7.0},{"damage":40.0,"enemies":"Book of Stabbing","floor":25.0,"turns":6.0},{"damage":15.0,"enemies":"Shelled Parasite and Fungi","floor":27.0,"turns":5.0},{"damage":0.0,"enemies":"Centurion and Healer","floor":28.0,"turns":5.0},{"damage":8.0,"enemies":"Snake Plant","floor":31.0,"turns":4.0},{"damage":17.0,"enemies":"Champ","floor":33.0,"turns":9.0},{"damage":0.0,"enemies":"3 Shapes","floor":35.0,"turns":5.0},{"damage":3.0,"enemies":"Orb Walker","floor":37.0,"turns":6.0},{"damage":66.0,"enemies":"Spire Growth","floor":41.0,"turns":7.0},{"damage":4.0,"enemies":"3 Darklings","floor":42.0,"turns":4.0},{"damage":41.0,"enemies":"Writhing Mass","floor":46.0,"turns":7.0},{"damage":4,"enemies":"Jaw Worm Horde","floor":48,"turns":3},{"damage":76,"enemies":"Time Eater","floor":50,"turns":4}],"seed_played":"-6931944102420135663","potions_obtained":[{"floor":5.0,"key":"Fire Potion"},{"floor":6.0,"key":"SteroidPotion"},{"floor":11.0,"key":"PowerPotion"},{"floor":14.0,"key":"Swift Potion"},{"floor":18.0,"key":"Dexterity Potion"},{"floor":25.0,"key":"Explosive Potion"},{"floor":27.0,"key":"EntropicBrew"},{"floor":31.0,"key":"FocusPotion"},{"floor":39.0,"key":"PowerPotion"},{"floor":39.0,"key":"SpeedPotion"},{"floor":41.0,"key":"Explosive Potion"},{"floor":42.0,"key":"SteroidPotion"}],"is_trial":false,"path_per_floor":["M","M","?","M","M","E","R","M","T","R","E","M","$","E","R","B",null,"M","?","?","M","M","E","R","E","T","M","M","R","$","M","R","B",null,"M","$","M","?","?","R","M","M","T","R","$","M","?","M","R","B"],"character_chosen":"DEFECT","items_purchased":["Defragment","Cold Snap","FTL","Capacitor","Pen Nib","Pocketwatch","Regen Potion","Blizzard"],"campfire_rested":6,"item_purchase_floors":[13,13,30,30,45,45,45,45],"current_hp_per_floor":[66,66,71,71,58,28,52,43,43,67,38,38,38,50,50,26,72,74,74,74,59,56,33,59,19,19,11,18,44,44,43,69,59,80,87,87,84,84,84,84,18,14,14,40,40,21,76,72,72,0],"gold":486,"neow_bonus":"ONE_RANDOM_RARE_CARD","is_prod":false,"is_daily":false,"chose_seed":false,"campfire_upgraded":3,"win_rate":0,"timestamp":1564013777,"path_taken":["M","M","?","M","M","E","R","M","T","R","E","M","$","E","R","BOSS","M","?","?","?","M","E","R","E","T","M","M","R","$","M","R","BOSS","M","$","M","?","?","R","M","?","T","R","?","M","?","M","R","BOSS"],"build_version":"2019-07-17","purchased_purges":3,"victory":false,"max_hp_per_floor":[75,75,80,80,80,80,80,80,80,80,80,80,80,87,87,87,87,87,87,87,87,87,87,87,87,87,87,87,87,87,87,87,87,87,87,87,87,87,87,87,87,87,87,87,87,87,76,76,76,76],"card_choices":[{"not_picked":["Go for the Eyes","Coolheaded"],"picked":"Streamline","floor":1.0},{"not_picked":["Loop","Melter"],"picked":"Genetic Algorithm","floor":2.0},{"not_picked":["Rebound","Reinforced Body","Beam Cell"],"picked":"SKIP","floor":4.0},{"not_picked":["Turbo","Redo"],"picked":"Compile Driver","floor":5.0},{"not_picked":["Streamline","Stack","Storm"],"picked":"SKIP","floor":6.0},{"not_picked":["Storm","Steam Power"],"picked":"Conserve Battery","floor":8.0},{"not_picked":["Reprogram","Sweeping Beam"],"picked":"Rip and Tear","floor":11.0},{"not_picked":["Redo","Barrage"],"picked":"Self Repair","floor":12.0},{"not_picked":["Stack","Multi-Cast"],"picked":"Rainbow","floor":14.0},{"not_picked":["Fission","Hyperbeam"],"picked":"Electrodynamics","floor":16.0},{"not_picked":["Redo","Stack"],"picked":"Compile Driver","floor":18.0},{"not_picked":["Streamline","Go for the Eyes"],"picked":"Barrage+1","floor":21.0},{"not_picked":["Tempest","Cold Snap+1","Sweeping Beam+1"],"picked":"SKIP","floor":22.0},{"not_picked":["Beam Cell","Conserve Battery"],"picked":"Rainbow","floor":23.0},{"not_picked":["Stack","Auto Shields"],"picked":"Coolheaded","floor":25.0},{"not_picked":["Static Discharge+1","Reprogram+1"],"picked":"Coolheaded+1","floor":27.0},{"not_picked":["Beam Cell+1","Hologram","Streamline"],"picked":"SKIP","floor":28.0},{"not_picked":["Rebound","Leap+1","Genetic Algorithm"],"picked":"SKIP","floor":31.0},{"not_picked":["Fission","All For One"],"picked":"Creative AI","floor":33.0},{"not_picked":["Sweeping Beam+1","Beam Cell+1","Compile Driver+1"],"picked":"SKIP","floor":35.0},{"not_picked":["Hologram","Rebound","Stack+1"],"picked":"SKIP","floor":37.0},{"not_picked":["Conserve Battery","Reprogram"],"picked":"Chaos+1","floor":41.0},{"not_picked":["Turbo+1","Conserve Battery","Steam"],"picked":"SKIP","floor":42.0},{"not_picked":["Rip and Tear","FTL","Go for the Eyes+1"],"picked":"SKIP","floor":46.0},{"not_picked":["Ball Lightning","Hologram+1","Sunder"],"picked":"SKIP","floor":48}],"player_experience":298786,"relics_obtained":[{"floor":6.0,"key":"Emotion Chip"},{"floor":9.0,"key":"Happy Flower"},{"floor":11.0,"key":"Orichalcum"},{"floor":14.0,"key":"Strawberry"},{"floor":23.0,"key":"War Paint"},{"floor":25.0,"key":"FossilizedHelix"},{"floor":26.0,"key":"Blue Candle"},{"floor":34.0,"key":"Lantern"},{"floor":34.0,"key":"Cables"},{"floor":34.0,"key":"Shovel"},{"floor":43.0,"key":"Whetstone"}],"event_choices":[{"damage_healed":0.0,"max_hp_gain":5.0,"max_hp_loss":0.0,"gold_gain":0.0,"event_name":"Big Fish","player_choice":"Donut","floor":3.0,"gold_loss":0.0,"damage_taken":0.0},{"damage_healed":0.0,"max_hp_gain":0.0,"max_hp_loss":0.0,"gold_gain":0.0,"event_name":"Addict","player_choice":"Obtained Relic","floor":19.0,"gold_loss":85.0,"damage_taken":0.0,"relics_obtained":["Shuriken"]},{"damage_healed":0.0,"max_hp_gain":0.0,"max_hp_loss":0.0,"gold_gain":0.0,"cards_transformed":["Storm","Defend_B"],"event_name":"Drug Dealer","player_choice":"Became Test Subject","floor":20.0,"gold_loss":0.0,"damage_taken":0.0,"cards_obtained":["Core Surge","Cold Snap"]},{"damage_healed":0.0,"max_hp_gain":0.0,"max_hp_loss":0.0,"gold_gain":999.0,"event_name":"MindBloom","player_choice":"Gold","floor":38.0,"gold_loss":0.0,"damage_taken":0.0,"cards_obtained":["Normality","Normality"]},{"damage_healed":0.0,"max_hp_gain":0.0,"max_hp_loss":0.0,"gold_gain":0.0,"event_name":"Lab","player_choice":"Got Potions","floor":39.0,"gold_loss":0.0,"damage_taken":0.0},{"damage_healed":76.0,"max_hp_gain":0.0,"max_hp_loss":11.0,"gold_gain":0.0,"event_name":"The Moai Head","player_choice":"Heal","floor":47.0,"gold_loss":0.0,"damage_taken":0.0}],"is_beta":false,"boss_relics":[{"not_picked":["Busted Crown","Philosopher\u0027s Stone"],"picked":"Astrolabe"},{"not_picked":["Tiny House","Orrery"],"picked":"Calling Bell"}],"items_purged_floors":[13,36,45],"is_endless":false,"potions_floor_spawned":[5,6,11,14,18,25,27,31,41,42],"killed_by":"Time Eater","ascension_level":9}