{"gold_per_floor":[19,32,47,47,58,58,74,104,104,131,131,131,163,178,178,178],"floor_reached":16,"playtime":377,"items_purged":[],"score":244,"play_id":"b186d871-03f1-4fd0-8b88-159b88167fd0","local_time":"20190627011343","is_ascension_mode":true,"campfire_choices":[{"data":"Immolate","floor":6,"key":"SMITH"},{"floor":12,"key":"REST"},{"data":"Rampage","floor":15,"key":"SMITH"}],"neow_cost":"NO_GOLD","seed_source_timestamp":714920489191700,"circlet_count":0,"master_deck":["AscendersBane","Strike_R","Strike_R","Strike_R","Strike_R","Strike_R","Defend_R","Defend_R","Defend_R","Defend_R","Bash","Immolate+1","Headbutt","Battle Trance","Rampage+1","Battle Trance","Impervious+1","Havoc+1"],"relics":["Burning Blood","Centennial Puzzle","Bird Faced Urn","Toxic Egg 2"],"potions_floor_usage":[5,10,16,16],"damage_taken":[{"damage":12,"enemies":"Jaw Worm","floor":1,"turns":4},{"damage":1,"enemies":"Cultist","floor":2,"turns":3},{"damage":7,"enemies":"Small Slimes","floor":3,"turns":2},{"damage":0,"enemies":"Exordium Thugs","floor":5,"turns":2},{"damage":8,"enemies":"Blue Slaver","floor":7,"turns":3},{"damage":22,"enemies":"3 Sentries","floor":8,"turns":4},{"damage":30,"enemies":"Lagavulin","floor":10,"turns":6},{"damage":5,"enemies":"3 Sentries","floor":13,"turns":2},{"damage":9,"enemies":"Red Slaver","floor":14,"turns":3},{"damage":74,"enemies":"The Guardian","floor":16,"turns":11}],"seed_played":"1281975313438680076","potions_obtained":[{"floor":3,"key":"Fire Potion"},{"floor":5,"key":"EssenceOfSteel"},{"floor":7,"key":"PowerPotion"},{"floor":10,"key":"Dexterity Potion"}],"is_trial":false,"path_per_floor":["M","M","M","?","M","R","M","E","T","E","?","R","E","M","R","B"],"character_chosen":"IRONCLAD","items_purchased":[],"campfire_rested":1,"item_purchase_floors":[],"current_hp_per_floor":[62,67,66,55,61,61,59,43,43,19,19,41,42,39,39,0],"gold":178,"neow_bonus":"THREE_RARE_CARDS","is_prod":false,"is_daily":false,"chose_seed":false,"campfire_upgraded":2,"win_rate":0,"timestamp":1561565623,"path_taken":["M","M","M","?","M","R","?","E","T","E","?","R","E","M","R","BOSS"],"build_version":"2019-01-23","purchased_purges":0,"victory":false,"max_hp_per_floor":[75,75,75,75,75,75,75,75,75,75,75,75,75,75,75,75],"card_choices":[{"not_picked":["Limit Break","Offering"],"picked":"Immolate","floor":0},{"not_picked":["Havoc","Clash","Body Slam"],"picked":"SKIP","floor":1},{"not_picked":["Intimidate","Disarm"],"picked":"Headbutt","floor":2},{"not_picked":["Pommel Strike","Entrench","Iron Wave"],"picked":"SKIP","floor":3},{"not_picked":["Flex","Perfected Strike"],"picked":"Battle Trance","floor":5},{"not_picked":["Warcry","Havoc","Anger"],"picked":"SKIP","floor":7},{"not_picked":["Anger","Havoc"],"picked":"Rampage","floor":8},{"not_picked":["Pummel","Havoc"],"picked":"Battle Trance","floor":10},{"not_picked":["Perfected Strike","Battle Trance"],"picked":"Impervious","floor":13},{"not_picked":["Combust","Headbutt"],"picked":"Havoc+1","floor":14}],"player_experience":5503611,"relics_obtained":[{"floor":8,"key":"Centennial Puzzle"},{"floor":10,"key":"Bird Faced Urn"},{"floor":13,"key":"Toxic Egg 2"}],"event_choices":[{"damage_healed":0,"gold_gain":0,"player_choice":"Damaged","damage_taken":11,"max_hp_gain":0,"max_hp_loss":0,"event_name":"Wheel of Change","floor":4,"gold_loss":0},{"damage_healed":0,"gold_gain":0,"player_choice":"Ignored","damage_taken":0,"max_hp_gain":0,"max_hp_loss":0,"event_name":"Liars Game","floor":11,"gold_loss":0}],"is_beta":false,"boss_relics":[],"items_purged_floors":[],"is_endless":false,"potions_floor_spawned":[3,5,7,10],"killed_by":"The Guardian","ascension_level":20}