{"gold_per_floor":[117,136,136,7,22,22,38,38,117,135,135,135,152,167,167,266,266,281,380,295,313,493,493,510,510,510,59,72,85,111,111,111,207,207,226,226,226,246,262,262,52,52,52,52,103,28,44,60,60,60],"floor_reached":51,"playtime":749,"items_purged":["Defend_R","Defend_R","Defend_R","Strike_R"],"score":809,"play_id":"1fc49fc7-836f-4b0a-bd3e-5d0758682c8c","local_time":"20190710034123","is_ascension_mode":false,"campfire_choices":[{"data":"Bash","floor":6.0,"key":"SMITH"},{"data":"Clash","floor":8.0,"key":"SMITH"},{"data":"Thunderclap","floor":12.0,"key":"SMITH"},{"data":"Thunderclap","floor":15.0,"key":"SMITH"},{"data":"Immolate","floor":23.0,"key":"SMITH"},{"data":"Immolate","floor":25.0,"key":"SMITH"},{"data":"Bandage Up","floor":32,"key":"SMITH"},{"data":"Immolate","floor":40,"key":"SMITH"},{"data":"Thunderclap","floor":49,"key":"SMITH"}],"neow_cost":"NONE","seed_source_timestamp":0,"circlet_count":0,"master_deck":["Strike_R","Strike_R","Strike_R","Bash+1","Clash+1","Thunderclap+1","Thunderclap+1","Thunderclap+1","Immolate+1","Thunderclap+1","Immolate+1","Whirlwind+1","Havoc+1","Reaper","Bandage Up+1","Immolate+1","Battle Trance+1","Immolate+1","Heavy Blade+1"],"special_seed":0,"relics":["Burning Blood","NeowsBlessing","Matryoshka","Philosopher\u0027s Stone","Happy Flower","Paper Frog","Mercury Hourglass","Membership Card","Bag of Preparation","StoneCalendar","Snecko Eye","Ice Cream","Orichalcum","Dodecahedron","Anchor"],"potions_floor_usage":[33,50,50,50],"damage_taken":[{"damage":0.0,"enemies":"Small Slimes","floor":1.0,"turns":1.0},{"damage":0.0,"enemies":"Cultist","floor":2.0,"turns":1.0},{"damage":0.0,"enemies":"Jaw Worm","floor":5.0,"turns":1.0},{"damage":3.0,"enemies":"Exordium Thugs","floor":7.0,"turns":3.0},{"damage":0.0,"enemies":"Large Slime","floor":10.0,"turns":4.0},{"damage":7.0,"enemies":"3 Louse","floor":13.0,"turns":2.0},{"damage":13.0,"enemies":"Red Slaver","floor":14.0,"turns":2.0},{"damage":0.0,"enemies":"Slime Boss","floor":16.0,"turns":5.0},{"damage":25.0,"enemies":"3 Byrds","floor":18.0,"turns":2.0},{"damage":12.0,"enemies":"Chosen","floor":21.0,"turns":3.0},{"damage":0.0,"enemies":"Snecko","floor":24.0,"turns":2.0},{"damage":0,"enemies":"3 Cultists","floor":28,"turns":1},{"damage":0,"enemies":"Centurion and Healer","floor":29,"turns":1},{"damage":0,"enemies":"Gremlin Leader","floor":30,"turns":3},{"damage":58,"enemies":"Champ","floor":33,"turns":7},{"damage":0,"enemies":"3 Darklings","floor":35,"turns":1},{"damage":0,"enemies":"Orb Walker","floor":38,"turns":1},{"damage":0,"enemies":"3 Darklings","floor":39,"turns":1},{"damage":0,"enemies":"4 Shapes","floor":47,"turns":1},{"damage":7,"enemies":"Spire Growth","floor":48,"turns":2},{"damage":60,"enemies":"Time Eater","floor":50,"turns":5}],"seed_played":"-4884314384708213652","potions_obtained":[{"floor":2.0,"key":"Strength Potion"},{"floor":10.0,"key":"Swift Potion"},{"floor":13.0,"key":"Weak Potion"},{"floor":21.0,"key":"FearPotion"},{"floor":28,"key":"AttackPotion"},{"floor":29,"key":"Strength Potion"},{"floor":38,"key":"BloodPotion"}],"is_trial":false,"path_per_floor":["M","M","?","$","M","R","M","R","T","M","?","R","M","M","R","B",null,"M","?","?","M","?","R","M","R","T","$","M","M","E","?","R","B",null,"M","?","?","M","M","R","$","?","T","$","T","$","M","M","R","B",null],"character_chosen":"IRONCLAD","items_purchased":["Thunderclap","Membership Card","Bag of Preparation","Reaper","Bandage Up","Ice Cream"],"campfire_rested":0,"item_purchase_floors":[4,27,27,27,27,41],"current_hp_per_floor":[80,80,80,80,80,80,80,80,80,80,80,80,79,72,72,78,80,61,61,61,55,31,31,37,37,37,37,68,78,80,65,65,26,85,85,85,85,85,85,85,85,85,85,85,85,85,85,84,84,65],"gold":60,"neow_bonus":"THREE_ENEMY_KILL","is_prod":false,"is_daily":false,"chose_seed":false,"campfire_upgraded":9,"win_rate":0,"timestamp":1562751683,"path_taken":["M","M","?","$","?","R","M","R","T","M","?","R","M","M","R","BOSS","M","?","?","?","?","R","M","R","T","$","?","M","E","?","R","BOSS","M","?","?","M","?","R","$","?","T","$","?","$","?","M","R","BOSS"],"build_version":"2019-07-05","purchased_purges":4,"victory":true,"max_hp_per_floor":[80,80,80,80,80,80,80,80,80,80,80,80,80,80,80,80,80,80,80,80,80,80,80,80,80,80,80,80,80,80,85,85,85,85,85,85,85,85,85,85,85,85,85,85,85,85,85,85,85,85],"card_choices":[{"not_picked":["Perfected Strike","Rupture"],"picked":"Clash","floor":1.0},{"not_picked":["Perfected Strike","Sentinel"],"picked":"Thunderclap","floor":2.0},{"not_picked":["Iron Wave","Wild Strike"],"picked":"Thunderclap","floor":5.0},{"not_picked":["Heavy Blade","Rage","Sentinel"],"picked":"SKIP","floor":7.0},{"not_picked":["Burning Pact","Fire Breathing","Sword Boomerang"],"picked":"SKIP","floor":10.0},{"not_picked":["Clothesline","True Grit"],"picked":"Immolate","floor":13.0},{"not_picked":["Pommel Strike","Corruption"],"picked":"Thunderclap","floor":14.0},{"not_picked":["Double Tap","Reaper"],"picked":"Immolate","floor":16.0},{"not_picked":["Sentinel","Uppercut"],"picked":"Whirlwind+1","floor":18.0},{"not_picked":["Headbutt","Wild Strike"],"picked":"Havoc+1","floor":21.0},{"not_picked":["Heavy Blade+1","Clothesline","Shrug It Off"],"picked":"SKIP","floor":24.0},{"not_picked":["Evolve","Flame Barrier","Perfected Strike"],"picked":"SKIP","floor":28},{"not_picked":["Shrug It Off","Feel No Pain+1","Body Slam+1"],"picked":"SKIP","floor":29},{"not_picked":["Blood for Blood","Wild Strike+1","Spot Weakness"],"picked":"SKIP","floor":30},{"not_picked":["Demon Form","Juggernaut"],"picked":"Immolate","floor":33},{"not_picked":["Warcry","Flame Barrier"],"picked":"Battle Trance+1","floor":35},{"not_picked":["Clothesline","Warcry","Armaments"],"picked":"SKIP","floor":38},{"not_picked":["Spot Weakness","Pummel","Pommel Strike"],"picked":"SKIP","floor":39},{"not_picked":["Carnage","Iron Wave+1","Thunderclap+1"],"picked":"SKIP","floor":47},{"not_picked":["Perfected Strike+1","Heavy Blade+1","Twin Strike"],"picked":"SKIP","floor":48},{"not_picked":["Perfected Strike+1","Twin Strike"],"picked":"Heavy Blade+1","floor":48}],"player_experience":1552237,"relics_obtained":[{"floor":9.0,"key":"Matryoshka"},{"floor":26.0,"key":"Paper Frog"},{"floor":26.0,"key":"Mercury Hourglass"},{"floor":30,"key":"StoneCalendar"},{"floor":43,"key":"Orichalcum"},{"floor":43,"key":"Dodecahedron"},{"floor":45,"key":"Anchor"}],"event_choices":[{"cards_removed":["Defend_R"],"damage_healed":0.0,"max_hp_gain":0.0,"max_hp_loss":0.0,"gold_gain":0.0,"event_name":"Purifier","player_choice":"Purged","floor":3.0,"gold_loss":0.0,"damage_taken":0.0},{"damage_healed":0.0,"max_hp_gain":0.0,"max_hp_loss":0.0,"gold_gain":0.0,"event_name":"Upgrade Shrine","player_choice":"Upgraded","floor":11.0,"gold_loss":0.0,"damage_taken":0.0,"cards_upgraded":["Thunderclap"]},{"damage_healed":0.0,"max_hp_gain":0.0,"max_hp_loss":0.0,"gold_gain":99.0,"event_name":"Nest","player_choice":"Stole From Cult","floor":19.0,"gold_loss":0.0,"damage_taken":0.0},{"damage_healed":0.0,"max_hp_gain":0.0,"max_hp_loss":0.0,"gold_gain":0.0,"event_name":"Addict","player_choice":"Obtained Relic","floor":20.0,"gold_loss":85.0,"damage_taken":0.0,"relics_obtained":["Happy Flower"]},{"damage_healed":0.0,"max_hp_gain":0.0,"max_hp_loss":0.0,"gold_gain":180.0,"event_name":"Knowing Skull","player_choice":"GOLD GOLD ","floor":22.0,"potions_obtained":[],"gold_loss":0.0,"damage_taken":24.0,"cards_obtained":[]},{"damage_healed":0,"gold_gain":0,"player_choice":"Shed Blood","damage_taken":20,"max_hp_gain":5,"max_hp_loss":0,"event_name":"Forgotten Altar","floor":31,"gold_loss":0},{"damage_healed":0,"gold_gain":0,"player_choice":"Ignored","damage_taken":0,"max_hp_gain":0,"max_hp_loss":0,"event_name":"Tomb of Lord Red Mask","floor":36,"gold_loss":0},{"damage_healed":0,"gold_gain":0,"player_choice":"Copied","damage_taken":0,"max_hp_gain":0,"max_hp_loss":0,"event_name":"Duplicator","floor":37,"gold_loss":0,"cards_obtained":["Immolate"]},{"cards_removed":["Strike_R"],"damage_healed":0,"gold_gain":0,"player_choice":"Purged","damage_taken":0,"max_hp_gain":0,"max_hp_loss":0,"event_name":"Purifier","floor":42,"gold_loss":0}],"is_beta":false,"boss_relics":[{"not_picked":["Ectoplasm","Coffee Dripper"],"picked":"Philosopher\u0027s Stone"},{"not_picked":["Eternal Feather","Runic Dome"],"picked":"Snecko Eye"}],"items_purged_floors":[4,27,41,46],"is_endless":false,"potions_floor_spawned":[2,10,13,14,21,28,29,38,47],"ascension_level":0}