{"gold_per_floor":[116,134,148,165,176,176,176,176,176,203,37,52,86,101,101,178,178,195,206,121,44,44,44,19,19,19,44,44,71,71,84,84,159,159,170,170,170,185,222,222,239,189,214,231,246,259,24,36,36,36],"floor_reached":51,"playtime":2350,"items_purged":[],"score":1734,"play_id":"d29b8c58-5ba0-497b-85ef-bf85cffef2b3","local_time":"20190720002947","is_ascension_mode":true,"campfire_choices":[{"data":"Seeing Red","floor":6,"key":"SMITH"},{"data":"Bash","floor":8,"key":"SMITH"},{"data":"Seeing Red","floor":15,"key":"SMITH"},{"data":"Disarm","floor":23,"key":"SMITH"},{"floor":25,"key":"REST"},{"floor":28,"key":"REST"},{"data":"Shrug It Off","floor":30,"key":"SMITH"},{"floor":32,"key":"REST"},{"floor":40,"key":"REST"},{"floor":49,"key":"REST"}],"neow_cost":"","seed_source_timestamp":2455421823272723,"circlet_count":0,"master_deck":["AscendersBane","Strike_R","Strike_R+1","Strike_R","Strike_R","Strike_R+1","Defend_R","Defend_R+1","Defend_R","Defend_R","Bash+1","Pommel Strike+1","Shrug It Off+1","Body Slam+1","Disarm+1","Seeing Red+1","Cleave+1","Whirlwind+1","Reaper+1","Seeing Red+1","Iron Wave+1","Bludgeon+1","Sword Boomerang+1","Second Wind","Whirlwind+1","Shrug It Off+1","Uppercut+1","Seeing Red+1","Armaments+1","Exhume+1","Pommel Strike+1","Apotheosis+1","Metamorphosis+1","Jack Of All Trades+1","Berserk","Havoc+1","Body Slam+1","Havoc+1","Spot Weakness+1","Shrug It Off+1","Second Wind+1"],"relics":["Burning Blood","Molten Egg 2","Dead Branch","Dodecahedron","Shuriken","Ornamental Fan","Mark of Pain","Ginger","The Courier","Whetstone","Toxic Egg 2","Sozu","Pen Nib","Bottled Lightning"],"potions_floor_usage":[10,12,12,12,29,33],"damage_taken":[{"damage":0,"enemies":"Cultist","floor":1,"turns":3},{"damage":0,"enemies":"Jaw Worm","floor":2,"turns":4},{"damage":0,"enemies":"Small Slimes","floor":3,"turns":3},{"damage":4,"enemies":"Exordium Wildlife","floor":4,"turns":3},{"damage":9,"enemies":"Blue Slaver","floor":5,"turns":4},{"damage":6,"enemies":"Gremlin Nob","floor":10,"turns":3},{"damage":2,"enemies":"Red Slaver","floor":12,"turns":3},{"damage":12,"enemies":"Lagavulin","floor":13,"turns":6},{"damage":8,"enemies":"Gremlin Gang","floor":14,"turns":2},{"damage":6,"enemies":"Slime Boss","floor":16,"turns":9},{"damage":0,"enemies":"3 Byrds","floor":18,"turns":3},{"damage":13,"enemies":"2 Thieves","floor":19,"turns":3},{"damage":49,"enemies":"Book of Stabbing","floor":27,"turns":6},{"damage":14,"enemies":"Slavers","floor":29,"turns":3},{"damage":3,"enemies":"Snake Plant","floor":31,"turns":2},{"damage":83,"enemies":"Automaton","floor":33,"turns":10},{"damage":2,"enemies":"3 Shapes","floor":35,"turns":6},{"damage":15,"enemies":"3 Darklings","floor":38,"turns":4},{"damage":66,"enemies":"Jaw Worm Horde","floor":39,"turns":4},{"damage":18,"enemies":"Maw","floor":41,"turns":5},{"damage":28,"enemies":"Transient","floor":44,"turns":6},{"damage":6,"enemies":"4 Shapes","floor":45,"turns":5},{"damage":14,"enemies":"3 Darklings","floor":46,"turns":4},{"damage":6,"enemies":"Jaw Worm Horde","floor":48,"turns":1},{"damage":73,"enemies":"Donu and Deca","floor":50,"turns":9}],"seed_played":"-1334695441903814233","potions_obtained":[{"floor":3,"key":"Weak Potion"},{"floor":4,"key":"Explosive Potion"},{"floor":5,"key":"Block Potion"},{"floor":10,"key":"EntropicBrew"},{"floor":14,"key":"BloodPotion"},{"floor":18,"key":"Fire Potion"},{"floor":29,"key":"Block Potion"}],"is_trial":false,"path_per_floor":["M","M","M","M","M","R","?","R","T","E","$","M","E","M","R","B",null,"M","M","?","$","?","R","$","R","T","E","R","E","R","M","R","B",null,"M","?","?","M","M","R","M","?","T","M","M","M","$","M","R","B",null],"character_chosen":"IRONCLAD","items_purchased":["Molten Egg 2","Pommel Strike+1","Shrug It Off","Reaper+1","Seeing Red","Whirlwind+1","Shrug It Off","Bottled Lightning","Shrug It Off+1"],"campfire_rested":5,"item_purchase_floors":[0,0,0,11,11,21,24,47,47],"current_hp_per_floor":[48,54,60,62,59,59,59,59,59,59,59,63,66,72,72,72,74,75,68,68,68,47,47,47,71,71,33,57,49,49,58,80,11,63,74,64,64,74,14,38,31,31,31,18,58,72,72,72,80,22],"gold":36,"neow_bonus":"","is_prod":false,"is_daily":false,"chose_seed":false,"campfire_upgraded":5,"win_rate":0,"timestamp":1563575387,"path_taken":["M","M","M","?","M","R","?","R","T","E","?","M","E","M","R","BOSS","M","M","?","$","?","R","$","R","T","E","R","E","R","M","R","BOSS","M","?","?","?","M","R","M","?","T","M","M","?","$","M","R","BOSS"],"build_version":"2019-07-17","purchased_purges":0,"victory":true,"max_hp_per_floor":[75,75,75,75,75,75,75,75,75,75,75,75,75,75,75,75,75,75,75,75,75,80,80,80,80,80,80,80,80,80,80,80,80,80,80,80,80,80,80,80,80,80,80,80,80,80,80,80,80,80],"card_choices":[{"not_picked":["Clash+1","Anger+1","Armaments"],"picked":"SKIP","floor":1},{"not_picked":["Blood for Blood+1","Rupture"],"picked":"Body Slam+1","floor":2},{"not_picked":["Cleave+1","Sword Boomerang+1"],"picked":"Disarm","floor":3},{"not_picked":["Anger+1","Sentinel"],"picked":"Seeing Red","floor":4},{"not_picked":["Headbutt+1","Thunderclap+1"],"picked":"Cleave+1","floor":5},{"not_picked":["Pommel Strike+1","Iron Wave+1"],"picked":"Whirlwind+1","floor":10},{"not_picked":["Flex","Twin Strike+1","Headbutt+1"],"picked":"SKIP","floor":12},{"not_picked":["Flex","Evolve","Headbutt+1"],"picked":"SKIP","floor":13},{"not_picked":["Wild Strike+1","Blood for Blood+1"],"picked":"Iron Wave+1","floor":14},{"not_picked":["Fiend Fire+1","Offering"],"picked":"Bludgeon+1","floor":16},{"not_picked":["Headbutt+1","Evolve"],"picked":"Sword Boomerang+1","floor":18},{"not_picked":["Havoc","Searing Blow+1"],"picked":"Second Wind","floor":19},{"not_picked":["Evolve","Thunderclap+1"],"picked":"Uppercut+1","floor":27},{"not_picked":["Clash+1","Anger+1"],"picked":"Seeing Red","floor":29},{"not_picked":["Thunderclap+1","Ghostly Armor+1"],"picked":"Armaments+1","floor":31},{"not_picked":["Reaper+1","Dark Embrace"],"picked":"Exhume+1","floor":33},{"not_picked":["Thunderclap+1","Evolve"],"picked":"Pommel Strike+1","floor":35},{"not_picked":["Dramatic Entrance+1","Forethought+1"],"picked":"Apotheosis+1","floor":36},{"not_picked":["Transmutation+1","Dark Shackles+1"],"picked":"Metamorphosis+1","floor":36},{"not_picked":["Swift Strike+1","Sadistic Nature"],"picked":"Jack Of All Trades+1","floor":36},{"not_picked":["Thunderclap+1","Clash+1","Clothesline+1"],"picked":"SKIP","floor":38},{"not_picked":["Blood for Blood+1","Sever Soul+1","Headbutt+1"],"picked":"SKIP","floor":39},{"not_picked":["Clothesline+1","Armaments+1"],"picked":"Havoc+1","floor":41},{"not_picked":["Flex+1","Disarm+1"],"picked":"Body Slam+1","floor":44},{"not_picked":["Warcry+1","Headbutt+1"],"picked":"Havoc+1","floor":45},{"not_picked":["Sword Boomerang+1","Heavy Blade+1"],"picked":"Spot Weakness+1","floor":46},{"not_picked":["Corruption","Clothesline+1"],"picked":"Second Wind+1","floor":48}],"player_experience":499362,"relics_obtained":[{"floor":9,"key":"Dodecahedron"},{"floor":10,"key":"Shuriken"},{"floor":13,"key":"Ornamental Fan"},{"floor":26,"key":"The Courier"},{"floor":27,"key":"Whetstone"},{"floor":29,"key":"Toxic Egg 2"},{"floor":43,"key":"Pen Nib"}],"event_choices":[{"damage_healed":0,"gold_gain":0,"player_choice":"Got Potions","damage_taken":0,"max_hp_gain":0,"max_hp_loss":0,"event_name":"Lab","floor":7,"gold_loss":0},{"damage_healed":0,"gold_gain":0,"player_choice":"Obtained Relic","damage_taken":0,"relics_obtained":["Ginger"],"max_hp_gain":0,"max_hp_loss":0,"event_name":"Addict","floor":20,"gold_loss":85},{"damage_healed":0,"gold_gain":0,"player_choice":"Shed Blood","damage_taken":26,"max_hp_gain":5,"max_hp_loss":0,"event_name":"Forgotten Altar","floor":22,"gold_loss":0},{"damage_healed":0,"gold_gain":0,"player_choice":"Memory 3","damage_taken":10,"max_hp_gain":0,"max_hp_loss":0,"event_name":"SensoryStone","floor":36,"gold_loss":0},{"damage_healed":0,"gold_gain":0,"player_choice":"1 cards matched","damage_taken":0,"max_hp_gain":0,"max_hp_loss":0,"event_name":"Match and Keep!","floor":37,"gold_loss":0,"cards_obtained":["Berserk"]},{"damage_healed":0,"gold_gain":0,"player_choice":"Upgraded Two","damage_taken":0,"max_hp_gain":0,"max_hp_loss":0,"event_name":"Designer","floor":42,"gold_loss":50,"cards_upgraded":["Shrug It Off","Defend_R"]}],"is_beta":false,"boss_relics":[{"not_picked":["Runic Dome","Orrery"],"picked":"Mark of Pain"},{"not_picked":["Pandora\u0027s Box","Runic Pyramid"],"picked":"Sozu"}],"items_purged_floors":[],"is_endless":false,"potions_floor_spawned":[3,4,5,10,14,18,19,29,31,38,41,46,48],"ascension_level":19}