{"gold_per_floor":[10,29,43,62,162,162,176,201,201,201,227,239,254,271,271,342,342,358,283,283,97,113,113,129,144,214,31,31,41,56,56],"floor_reached":31,"playtime":1159,"items_purged":["Leg Sweep","Phantasmal Killer"],"score":606,"play_id":"a91e86a8-ce32-412b-a95a-5fe492a36f42","local_time":"20190509033054","is_ascension_mode":true,"campfire_choices":[{"data":"All Out Attack","floor":6.0,"key":"SMITH"},{"floor":10.0,"key":"REST"},{"floor":15.0,"key":"REST"},{"data":"Tactician","floor":23.0,"key":"SMITH"}],"neow_cost":"NO_GOLD","seed_source_timestamp":292561475629100,"circlet_count":0,"master_deck":["AscendersBane","Survivor","Neutralize","All Out Attack+1","Masterful Stab","Leg Sweep","Footwork","Crippling Poison","Tactician+1","Bouncing Flask","Endless Agony","After Image","Backflip","Dagger Throw","After Image","Bane","Burst","Catalyst","Acrobatics","Calculated Gamble","Leg Sweep","Malaise","Terror","Backstab","PiercingWail","Acrobatics+1","Concentrate","Dodge and Roll+1","Dash+1"],"special_seed":0,"relics":["Ring of the Snake","Ginger","Dream Catcher","Bottled Tornado","Mercury Hourglass","Pandora\u0027s Box","Ornamental Fan","Molten Egg 2"],"potions_floor_usage":[29,30,31],"damage_taken":[{"damage":1.0,"enemies":"2 Louse","floor":1.0,"turns":4.0},{"damage":17.0,"enemies":"Cultist","floor":2.0,"turns":4.0},{"damage":2.0,"enemies":"Jaw Worm","floor":3.0,"turns":4.0},{"damage":2.0,"enemies":"Gremlin Gang","floor":4.0,"turns":4.0},{"damage":0.0,"enemies":"Blue Slaver","floor":7.0,"turns":4.0},{"damage":31.0,"enemies":"3 Sentries","floor":8.0,"turns":11.0},{"damage":10.0,"enemies":"Lagavulin","floor":11.0,"turns":8.0},{"damage":1.0,"enemies":"Looter","floor":12.0,"turns":2.0},{"damage":0.0,"enemies":"3 Louse","floor":13.0,"turns":3.0},{"damage":0.0,"enemies":"Exordium Wildlife","floor":14.0,"turns":4.0},{"damage":0.0,"enemies":"The Guardian","floor":16.0,"turns":11.0},{"damage":7.0,"enemies":"Spheric Guardian","floor":18.0,"turns":7.0},{"damage":12.0,"enemies":"2 Thieves","floor":22.0,"turns":5.0},{"damage":17.0,"enemies":"Snecko","floor":24.0,"turns":4.0},{"damage":19.0,"enemies":"Shelled Parasite and Fungi","floor":25.0,"turns":4.0},{"damage":0,"enemies":"Sentry and Sphere","floor":29,"turns":9},{"damage":1,"enemies":"Centurion and Healer","floor":30,"turns":10},{"damage":11,"enemies":"Chosen and Byrds","floor":31,"turns":3}],"seed_played":"4087542787607954372","potions_obtained":[{"floor":2.0,"key":"Fire Potion"},{"floor":4.0,"key":"FearPotion"},{"floor":11.0,"key":"SkillPotion"},{"floor":14.0,"key":"PowerPotion"},{"floor":16.0,"key":"Block Potion"},{"floor":22.0,"key":"Weak Potion"},{"floor":24.0,"key":"Poison Potion"},{"floor":28,"key":"GamblersBrew"},{"floor":29,"key":"LiquidBronze"}],"is_trial":false,"path_per_floor":["M","M","M","M","?","R","M","E","T","R","E","M","M","M","R","B",null,"M","?","?","$","M","R","M","M","T","$","?","M","M","M"],"character_chosen":"THE_SILENT","items_purchased":["Backstab","PiercingWail","GhostInAJar"],"campfire_rested":2,"item_purchase_floors":[21,21,27],"current_hp_per_floor":[58,41,39,37,37,37,37,6,6,25,15,14,14,14,33,33,58,51,51,51,51,39,39,22,3,3,3,3,3,2,0],"gold":56,"neow_bonus":"ONE_RARE_RELIC","is_prod":false,"is_daily":false,"chose_seed":false,"campfire_upgraded":2,"win_rate":0,"timestamp":1557340254,"path_taken":["M","M","M","M","?","R","M","E","T","R","E","?","M","M","R","BOSS","M","?","?","$","?","R","M","M","T","$","?","?","M","M"],"build_version":"2019-01-23","purchased_purges":2,"victory":false,"max_hp_per_floor":[66,66,66,66,66,66,66,66,66,66,66,66,66,66,66,66,66,66,66,66,66,66,66,66,66,66,66,66,66,66,66],"card_choices":[{"not_picked":["Dodge and Roll","Acrobatics"],"picked":"All Out Attack","floor":1.0},{"not_picked":["Slice","Caltrops"],"picked":"Masterful Stab","floor":2.0},{"not_picked":["Dodge and Roll","Accuracy"],"picked":"Leg Sweep","floor":3.0},{"not_picked":["Acrobatics","Setup"],"picked":"Footwork","floor":4.0},{"not_picked":["Catalyst","Quick Slash"],"picked":"Crippling Poison","floor":7.0},{"not_picked":["Backflip","Riddle With Holes"],"picked":"Tactician","floor":8.0},{"not_picked":["Concentrate","Poisoned Stab"],"picked":"Bouncing Flask","floor":10.0},{"not_picked":["Quick Slash","Deadly Poison"],"picked":"Endless Agony","floor":11.0},{"not_picked":["Heel Hook","Setup"],"picked":"After Image","floor":12.0},{"not_picked":["Dagger Spray","Masterful Stab"],"picked":"Backflip","floor":13.0},{"not_picked":["Accuracy","Flying Knee"],"picked":"Dagger Throw","floor":14.0},{"not_picked":["Dagger Spray","Masterful Stab"],"picked":"Footwork","floor":15.0},{"not_picked":["Glass Knife","Burst"],"picked":"After Image","floor":16.0},{"not_picked":["Finisher","Bane"],"picked":"Terror","floor":18.0},{"not_picked":["Expertise","Blade Dance"],"picked":"Acrobatics+1","floor":22.0},{"not_picked":["Acrobatics","Deadly Poison"],"picked":"Concentrate","floor":24.0},{"not_picked":["Dagger Throw","Dagger Spray"],"picked":"Dodge and Roll+1","floor":25.0},{"not_picked":["Deadly Poison","Deflect","Distraction"],"picked":"SKIP","floor":29},{"not_picked":["Eviscerate+1","Predator+1"],"picked":"Dash+1","floor":30}],"player_experience":4960981,"relics_obtained":[{"floor":8.0,"key":"Dream Catcher"},{"floor":9.0,"key":"Bottled Tornado"},{"floor":11.0,"key":"Mercury Hourglass"},{"floor":26.0,"key":"Molten Egg 2"}],"event_choices":[{"damage_healed":0.0,"max_hp_gain":0.0,"max_hp_loss":0.0,"gold_gain":100.0,"event_name":"Wheel of Change","player_choice":"Gold","floor":5.0,"gold_loss":0.0,"damage_taken":0.0},{"cards_removed":["Storm of Steel"],"damage_healed":0.0,"max_hp_gain":0.0,"max_hp_loss":0.0,"gold_gain":0.0,"event_name":"Beggar","player_choice":"Gave Gold","floor":19.0,"gold_loss":75.0,"damage_taken":0.0},{"cards_removed":["Footwork"],"damage_healed":0.0,"max_hp_gain":0.0,"max_hp_loss":0.0,"gold_gain":0.0,"event_name":"WeMeetAgain","player_choice":"Gave Card","floor":20.0,"gold_loss":0.0,"damage_taken":0.0,"relics_obtained":["Ornamental Fan"]},{"damage_healed":0,"gold_gain":0,"player_choice":"Got Potions","damage_taken":0,"max_hp_gain":0,"max_hp_loss":0,"event_name":"Lab","floor":28,"gold_loss":0}],"is_beta":false,"boss_relics":[{"not_picked":["Eternal Feather","White Beast Statue"],"picked":"Pandora\u0027s Box"}],"items_purged_floors":[21,27],"is_endless":false,"potions_floor_spawned":[2,4,11,14,16,22,24,29],"killed_by":"Chosen and Byrds","ascension_level":20}