{"gold_per_floor":[109,20,20,20,34,34,34,34,34,95,111,152,152,173,173,292,292,305,220,236,257,309,309,325,325,325,325,340,365,84,103,103,103],"floor_reached":33,"playtime":899,"items_purged":["Doubt"],"score":293,"play_id":"2b6f9a05-9f51-4227-94c5-ae16d105b590","local_time":"20190702190017","is_ascension_mode":true,"campfire_choices":[{"data":"Bash","floor":6,"key":"SMITH"},{"data":"Spot Weakness","floor":8,"key":"SMITH"},{"data":"Panacea","floor":13,"key":"SMITH"},{"data":"Heavy Blade","floor":15,"key":"SMITH"},{"data":"True Grit","floor":23,"key":"SMITH"},{"data":"Inflame","floor":25,"key":"SMITH"},{"data":"Flame Barrier","floor":27,"key":"SMITH"},{"floor":32,"key":"REST"}],"neow_cost":"NONE","seed_source_timestamp":971891462477256,"circlet_count":0,"master_deck":["Strike_R","Strike_R","Strike_R","Strike_R","Strike_R","Defend_R","Defend_R","Defend_R","Defend_R","Bash+1","Cleave","Spot Weakness+1","Heavy Blade+1","Panacea+1","Bash+1","Iron Wave","Shrug It Off","Whirlwind","Offering","Inflame+1","Feed","Shrug It Off+1","True Grit+1","Flame Barrier+1","Flame Barrier","Burning Pact","Panacea+1"],"relics":["Burning Blood","Golden Idol","Sundial","Tiny Chest","Blood Vial","Mark of Pain","Torii","Anchor","Singing Bowl","Bag of Preparation","DollysMirror"],"potions_floor_usage":[12,14,21,24],"damage_taken":[{"damage":1,"enemies":"Cultist","floor":1,"turns":3},{"damage":9,"enemies":"Jaw Worm","floor":5,"turns":3},{"damage":25,"enemies":"3 Sentries","floor":10,"turns":5},{"damage":0,"enemies":"Small Slimes","floor":11,"turns":3},{"damage":22,"enemies":"Lagavulin","floor":12,"turns":5},{"damage":0,"enemies":"Gremlin Gang","floor":14,"turns":1},{"damage":37,"enemies":"Hexaghost","floor":16,"turns":8},{"damage":28,"enemies":"2 Thieves","floor":18,"turns":3},{"damage":22,"enemies":"3 Byrds","floor":20,"turns":4},{"damage":31,"enemies":"Shelled Parasite and Fungi","floor":21,"turns":4},{"damage":6,"enemies":"Centurion and Healer","floor":24,"turns":5},{"damage":23,"enemies":"Snecko","floor":28,"turns":5},{"damage":6,"enemies":"Chosen and Byrds","floor":31,"turns":4},{"damage":69,"enemies":"Champ","floor":33,"turns":10}],"seed_played":"-2281153202376722402","potions_obtained":[{"floor":10,"key":"Weak Potion"},{"floor":12,"key":"Fire Potion"},{"floor":20,"key":"BloodPotion"},{"floor":21,"key":"Block Potion"}],"is_trial":false,"path_per_floor":["M","$","?","?","M","R","$","R","T","E","M","E","R","M","R","B",null,"M","?","M","M","T","R","M","R","T","R","M","T","$","M","R","B"],"character_chosen":"IRONCLAD","items_purchased":["Spot Weakness","Heavy Blade","DollysMirror"],"campfire_rested":1,"item_purchase_floors":[2,2,30],"current_hp_per_floor":[80,80,74,74,71,71,71,71,71,52,58,42,42,50,50,21,74,55,55,44,41,41,41,46,46,46,46,34,34,34,38,64,0],"gold":103,"neow_bonus":"UPGRADE_CARD","is_prod":false,"is_daily":false,"chose_seed":false,"campfire_upgraded":7,"win_rate":0,"timestamp":1562090417,"path_taken":["M","?","?","?","M","R","$","R","T","E","M","E","R","?","R","BOSS","M","?","M","M","?","R","M","R","T","R","?","?","$","M","R","BOSS"],"build_version":"2019-07-01","purchased_purges":1,"victory":false,"max_hp_per_floor":[80,80,74,74,74,74,74,74,74,74,74,74,74,74,74,74,74,77,77,80,80,80,80,83,83,83,83,86,86,86,88,88,88],"card_choices":[{"not_picked":["Flex","Armaments"],"picked":"Cleave","floor":1},{"not_picked":["Evolve","Entrench"],"picked":"Iron Wave","floor":5},{"not_picked":["Clash","Feel No Pain"],"picked":"Shrug It Off","floor":10},{"not_picked":["Clothesline","Rampage"],"picked":"Whirlwind","floor":11},{"not_picked":["Fire Breathing","Iron Wave"],"picked":"Offering","floor":12},{"not_picked":["Armaments","Clothesline"],"picked":"Inflame","floor":14},{"not_picked":["Dark Embrace","Impervious"],"picked":"Feed","floor":16},{"not_picked":["Perfected Strike","Havoc"],"picked":"Shrug It Off+1","floor":18},{"not_picked":["Headbutt+1","True Grit","Clash"],"picked":"SKIP","floor":20},{"not_picked":["Headbutt+1","Clash"],"picked":"True Grit","floor":20},{"not_picked":["Armaments","Pommel Strike"],"picked":"Flame Barrier","floor":21},{"not_picked":["Second Wind","Burning Pact"],"picked":"Flame Barrier","floor":24},{"not_picked":["Pommel Strike","Warcry"],"picked":"Burning Pact","floor":28},{"not_picked":["Twin Strike+1","Shockwave","Battle Trance+1"],"picked":"Singing Bowl","floor":31}],"player_experience":65255,"relics_obtained":[{"floor":9,"key":"Sundial"},{"floor":10,"key":"Tiny Chest"},{"floor":12,"key":"Blood Vial"},{"floor":22,"key":"Anchor"},{"floor":26,"key":"Singing Bowl"},{"floor":29,"key":"Bag of Preparation"}],"event_choices":[{"damage_healed":0,"gold_gain":0,"player_choice":"Lose Max HP","damage_taken":0,"relics_obtained":["Golden Idol"],"max_hp_gain":0,"max_hp_loss":6,"event_name":"Golden Idol","floor":3,"gold_loss":0},{"damage_healed":0,"gold_gain":0,"player_choice":"3 cards matched","damage_taken":0,"max_hp_gain":0,"max_hp_loss":0,"event_name":"Match and Keep!","floor":4,"gold_loss":0,"cards_obtained":["Panacea","Doubt","Bash"]},{"damage_healed":0,"gold_gain":0,"player_choice":"Obtained Relic","damage_taken":0,"relics_obtained":["Torii"],"max_hp_gain":0,"max_hp_loss":0,"event_name":"Addict","floor":19,"gold_loss":85}],"is_beta":false,"boss_relics":[{"not_picked":["Fusion Hammer","Runic Pyramid"],"picked":"Mark of Pain"}],"items_purged_floors":[30],"is_endless":false,"potions_floor_spawned":[10,12,20,21],"killed_by":"Champ","ascension_level":3}