{"gold_per_floor":[111,111,111,111,36,36,50,50,50,74,74,74,99,124,124,220,220,245,245,445,56,81,81,81,81,81,102,120,120,4,20,20,92,92,111,91,63,76,94,94,94],"floor_reached":41,"playtime":1050,"items_purged":["Strike_R"],"score":1112,"play_id":"b32d2f6a-cc1c-43f2-af26-913528911a9e","local_time":"20190720015849","is_ascension_mode":true,"campfire_choices":[{"floor":6.0,"key":"REST"},{"data":"Armaments","floor":8.0,"key":"SMITH"},{"data":"Bash","floor":11.0,"key":"SMITH"},{"data":"Infernal Blade","floor":15.0,"key":"SMITH"},{"data":"Enlightenment","floor":23.0,"key":"SMITH"},{"floor":32,"key":"REST"},{"floor":40,"key":"REST"}],"neow_cost":"","seed_source_timestamp":2462046741198203,"circlet_count":0,"master_deck":["AscendersBane","Bash+1","Intimidate","Whirlwind+1","Armaments+1","Sword Boomerang","Infernal Blade+1","Heavy Blade","Feed","Enlightenment+1","Inflame+1","Shrug It Off","Clothesline","Berserk","Brutality","Flame Barrier","Combust","Twin Strike","Seeing Red","Clothesline","Bloodletting","Cleave","Shrug It Off","Flame Barrier","Exhume"],"special_seed":0,"relics":["Burning Blood","Brimstone","Du-Vu Doll","PreservedInsect","Bloody Idol","Anchor","Paper Frog","Sozu","Nilry\u0027s Codex","Frozen Eye","Gremlin Horn","Pandora\u0027s Box"],"potions_floor_usage":[],"damage_taken":[{"damage":8.0,"enemies":"Jaw Worm","floor":1.0,"turns":3.0},{"damage":0.0,"enemies":"Small Slimes","floor":7.0,"turns":4.0},{"damage":0.0,"enemies":"Cultist","floor":10.0,"turns":2.0},{"damage":0.0,"enemies":"Blue Slaver","floor":13.0,"turns":2.0},{"damage":0.0,"enemies":"Red Slaver","floor":14.0,"turns":2.0},{"damage":50.0,"enemies":"Hexaghost","floor":16.0,"turns":5.0},{"damage":8.0,"enemies":"Spheric Guardian","floor":18.0,"turns":3.0},{"damage":18.0,"enemies":"2 Thieves","floor":22.0,"turns":3.0},{"damage":0.0,"enemies":"Sentry and Sphere","floor":27.0,"turns":3.0},{"damage":6.0,"enemies":"Centurion and Healer","floor":28.0,"turns":3.0},{"damage":15,"enemies":"Cultist and Chosen","floor":31,"turns":4},{"damage":17,"enemies":"Champ","floor":33,"turns":4},{"damage":3,"enemies":"3 Shapes","floor":35,"turns":5},{"damage":35,"enemies":"3 Darklings","floor":38,"turns":5},{"damage":50,"enemies":"Transient","floor":39,"turns":6},{"damage":44,"enemies":"Spire Growth","floor":41,"turns":2}],"seed_played":"3921969418585954436","potions_obtained":[{"floor":7.0,"key":"FairyPotion"},{"floor":10.0,"key":"Fire Potion"}],"is_trial":false,"path_per_floor":["M","?","?","?","$","R","M","R","T","M","R","?","M","M","R","B",null,"M","?","?","$","M","R","$","?","T","M","M","?","$","M","R","B",null,"M","?","$","M","M","R","M"],"character_chosen":"IRONCLAD","items_purchased":["Brimstone","PreservedInsect","Whirlwind","Frozen Eye","Enlightenment","Shrug It Off","Clothesline","Shrug It Off"],"campfire_rested":3,"item_purchase_floors":[0,0,5,21,21,30,30,37],"current_hp_per_floor":[40,40,35,35,35,55,61,61,61,67,67,67,68,68,68,24,57,55,34,34,34,22,22,22,22,22,31,34,34,34,30,52,46,67,74,74,74,50,18,40,0],"gold":94,"neow_bonus":"","is_prod":false,"is_daily":false,"chose_seed":false,"campfire_upgraded":4,"win_rate":0,"timestamp":1563580729,"path_taken":["M","?","?","?","$","R","M","R","T","?","R","?","M","M","R","BOSS","M","?","?","$","?","R","$","?","T","M","?","?","?","M","R","BOSS","M","?","?","M","M","R","M"],"build_version":"2019-07-17","purchased_purges":1,"victory":false,"max_hp_per_floor":[75,68,68,68,68,68,68,68,68,68,68,68,68,68,68,68,68,68,68,68,68,68,68,68,68,68,71,74,74,74,74,74,74,74,74,74,74,74,74,74,74],"card_choices":[{"not_picked":["True Grit","Anger"],"picked":"Intimidate","floor":1.0},{"not_picked":["Headbutt","Intimidate"],"picked":"Armaments","floor":7.0},{"not_picked":["Combust","True Grit"],"picked":"Sword Boomerang","floor":10.0},{"not_picked":["Armaments","Body Slam"],"picked":"Infernal Blade","floor":13.0},{"not_picked":["Sever Soul","Blood for Blood"],"picked":"Heavy Blade","floor":14.0},{"not_picked":["Reaper","Offering"],"picked":"Feed","floor":16.0},{"not_picked":["Havoc+1","Metallicize","Headbutt"],"picked":"SKIP","floor":18.0},{"not_picked":["Clothesline","Armaments","Headbutt"],"picked":"SKIP","floor":22.0},{"not_picked":["Headbutt","Thunderclap","Power Through"],"picked":"SKIP","floor":27.0},{"not_picked":["Brutality","Pommel Strike"],"picked":"Inflame+1","floor":28.0},{"not_picked":["Thunderclap","Pommel Strike","Wild Strike+1"],"picked":"SKIP","floor":31},{"not_picked":["Immolate","Dark Embrace"],"picked":"Berserk","floor":33},{"not_picked":["Iron Wave+1","Clash","Thunderclap"],"picked":"SKIP","floor":35},{"not_picked":["Disarm","Fire Breathing+1"],"picked":"Flame Barrier","floor":38},{"not_picked":["Body Slam","Twin Strike"],"picked":"Exhume","floor":39}],"player_experience":505902,"relics_obtained":[{"floor":9.0,"key":"Paper Frog"},{"floor":19.0,"key":"Nilry\u0027s Codex"},{"floor":26.0,"key":"Gremlin Horn"}],"event_choices":[{"damage_healed":0.0,"max_hp_gain":0.0,"max_hp_loss":7.0,"gold_gain":0.0,"event_name":"Golden Idol","player_choice":"Lose Max HP","floor":2.0,"gold_loss":0.0,"damage_taken":0.0,"relics_obtained":["Golden Idol"]},{"damage_healed":0.0,"max_hp_gain":0.0,"max_hp_loss":0.0,"gold_gain":0.0,"event_name":"Scrap Ooze","player_choice":"Success","floor":3.0,"gold_loss":0.0,"damage_taken":5.0,"relics_obtained":["Anchor"]},{"damage_healed":0.0,"max_hp_gain":0.0,"max_hp_loss":0.0,"gold_gain":0.0,"event_name":"Shining Light","player_choice":"Ignored","floor":4.0,"gold_loss":0.0,"damage_taken":0.0},{"damage_healed":0.0,"max_hp_gain":0.0,"max_hp_loss":0.0,"gold_gain":0.0,"event_name":"The Cleric","player_choice":"Leave","floor":12.0,"gold_loss":0.0,"damage_taken":0.0},{"damage_healed":0.0,"max_hp_gain":0.0,"max_hp_loss":0.0,"gold_gain":0.0,"event_name":"Cursed Tome","player_choice":"Obtained Book","floor":19.0,"gold_loss":0.0,"damage_taken":21.0},{"damage_healed":0.0,"max_hp_gain":0.0,"max_hp_loss":0.0,"gold_gain":200.0,"event_name":"Wheel of Change","player_choice":"Gold","floor":20.0,"gold_loss":0.0,"damage_taken":0.0},{"damage_healed":0.0,"max_hp_gain":0.0,"max_hp_loss":0.0,"gold_gain":0.0,"event_name":"Accursed Blacksmith","player_choice":"Forge","floor":25.0,"gold_loss":0.0,"damage_taken":0.0,"cards_upgraded":["Whirlwind"]},{"damage_healed":0.0,"max_hp_gain":0.0,"max_hp_loss":0.0,"gold_gain":0.0,"event_name":"Forgotten Altar","player_choice":"Gave Idol","floor":29.0,"relics_lost":["Golden Idol"],"gold_loss":0.0,"damage_taken":0.0,"relics_obtained":["Bloody Idol"]},{"damage_healed":0,"gold_gain":0,"player_choice":"Bought 1 Potion","damage_taken":0,"max_hp_gain":0,"max_hp_loss":0,"event_name":"The Woman in Blue","floor":36,"gold_loss":0}],"is_beta":false,"boss_relics":[{"not_picked":["Eternal Feather","Black Star"],"picked":"Sozu"},{"not_picked":["White Beast Statue","Runic Dome"],"picked":"Pandora\u0027s Box"}],"items_purged_floors":[21],"is_endless":false,"potions_floor_spawned":[7,10,22,28,39],"killed_by":"Spire Growth","ascension_level":20}