{"gold_per_floor":[114,114,114,114,57,57,74,74,98,98,98,108,162,0,0,0],"floor_reached":16,"playtime":420,"items_purged":[],"score":192,"play_id":"a0e3bfdd-9b70-44a0-b7ad-d80e9b7b3bb7","local_time":"20190720051733","is_ascension_mode":true,"campfire_choices":[{"data":"Bash","floor":6,"key":"SMITH"},{"data":"Shrug It Off","floor":8,"key":"SMITH"},{"data":"Magnetism","floor":11,"key":"SMITH"},{"data":"Whirlwind","floor":15,"key":"SMITH"}],"neow_cost":"NONE","seed_source_timestamp":2474626214036589,"circlet_count":0,"master_deck":["AscendersBane","Strike_R","Strike_R","Strike_R","Strike_R","Strike_R","Defend_R","Defend_R","Defend_R","Defend_R","Bash+1","Ghostly Armor","Shrug It Off+1","Cleave","Magnetism+1","Whirlwind+1","Clothesline"],"relics":["Burning Blood","Ancient Tea Set","Oddly Smooth Stone","Boot","Omamori"],"potions_floor_usage":[],"damage_taken":[{"damage":1,"enemies":"Cultist","floor":1,"turns":3},{"damage":0,"enemies":"Jaw Worm","floor":7,"turns":4},{"damage":10,"enemies":"2 Louse","floor":12,"turns":3},{"damage":24,"enemies":"3 Sentries","floor":13,"turns":6},{"damage":62,"enemies":"Slime Boss","floor":16,"turns":11}],"seed_played":"7848917622546541251","potions_obtained":[],"is_trial":false,"path_per_floor":["M","T","$","?","$","R","M","R","T","?","R","M","E","$","R","B"],"character_chosen":"IRONCLAD","items_purchased":["Shrug It Off","Omamori"],"campfire_rested":0,"item_purchase_floors":[5,14],"current_hp_per_floor":[73,73,73,73,73,73,75,75,75,75,75,71,53,53,53,0],"gold":0,"neow_bonus":"RANDOM_COLORLESS","is_prod":false,"is_daily":false,"chose_seed":false,"campfire_upgraded":4,"win_rate":0,"timestamp":1563592653,"path_taken":["M","?","$","?","?","R","M","R","T","?","R","?","E","$","R","BOSS"],"build_version":"2019-07-17","purchased_purges":0,"victory":false,"max_hp_per_floor":[75,75,75,75,75,75,75,75,75,75,75,75,75,75,75,75],"card_choices":[{"not_picked":["Wild Strike","Dropkick"],"picked":"Ghostly Armor","floor":1},{"not_picked":["Body Slam","Ghostly Armor"],"picked":"Cleave","floor":7},{"not_picked":["Pommel Strike","Carnage"],"picked":"Whirlwind","floor":12},{"not_picked":["True Grit","Ghostly Armor"],"picked":"Clothesline","floor":13}],"player_experience":518193,"relics_obtained":[{"floor":2,"key":"Ancient Tea Set"},{"floor":9,"key":"Oddly Smooth Stone"},{"floor":13,"key":"Boot"}],"event_choices":[{"damage_healed":0,"gold_gain":0,"player_choice":"Ignored","damage_taken":0,"max_hp_gain":0,"max_hp_loss":0,"event_name":"Golden Wing","floor":4,"gold_loss":0},{"damage_healed":0,"gold_gain":0,"cards_transformed":["Impatience"],"player_choice":"Transformed","damage_taken":0,"max_hp_gain":0,"max_hp_loss":0,"event_name":"Transmorgrifier","floor":10,"gold_loss":0,"cards_obtained":["Magnetism"]}],"is_beta":false,"boss_relics":[],"items_purged_floors":[],"is_endless":false,"potions_floor_spawned":[],"killed_by":"Slime Boss","ascension_level":20}