{"gold_per_floor":[112,130,144,164,174,174,205,205,229,154,154,54,74,90,90,169,169,187,13,13,15,15,15,15,42,42,42,53,63,63,82,82,159,209,229,229,229,27,42,42,75,87,99,111,138,183,207,13,13,13],"floor_reached":50,"playtime":2301,"items_purged":["Strike_G","Strike_G","Defend_G","Regret"],"score":1044,"play_id":"a34b7b5c-4f6a-45b0-95b8-11edb71c30ab","local_time":"20190515023141","is_ascension_mode":true,"campfire_choices":[{"data":"Cloak And Dagger","floor":6.0,"key":"SMITH"},{"data":"Noxious Fumes","floor":11.0,"key":"SMITH"},{"data":"Cloak And Dagger","floor":15.0,"key":"SMITH"},{"floor":23.0,"key":"REST"},{"data":"Venomology","floor":27.0,"key":"SMITH"},{"data":"Choke","floor":30.0,"key":"SMITH"},{"data":"Neutralize","floor":32.0,"key":"SMITH"},{"data":"After Image","floor":40.0,"key":"SMITH"},{"floor":42,"key":"RECALL"},{"data":"Terror","floor":44,"key":"SMITH"},{"floor":49,"key":"REST"}],"neow_cost":"NONE","seed_source_timestamp":806068010930000,"circlet_count":0,"master_deck":["AscendersBane","Defend_G","Defend_G","Defend_G","Strike_G","Strike_G","Strike_G","Survivor","Neutralize+1","Cloak And Dagger+1","Cloak And Dagger+1","Dash","Escape Plan","Choke+1","Noxious Fumes+1","Terror+1","Venomology+1","Deflect+1","After Image+1","Escape Plan","Doppelganger","Calculated Gamble","Deflect+1","Footwork+1","Adrenaline+1","Accuracy+1","Footwork+1","Sucker Punch+1","PiercingWail"],"special_seed":0,"relics":["Ring of the Snake","Oddly Smooth Stone","Omamori","Boot","Cursed Key","Frozen Egg 2","Lantern","Tiny House","MawBank","Letter Opener","Snake Skull"],"potions_floor_usage":[41,41,46,46,46,50,50],"damage_taken":[{"damage":5.0,"enemies":"Small Slimes","floor":1.0,"turns":4.0},{"damage":0.0,"enemies":"Cultist","floor":2.0,"turns":4.0},{"damage":9.0,"enemies":"Jaw Worm","floor":3.0,"turns":6.0},{"damage":3.0,"enemies":"Looter","floor":4.0,"turns":4.0},{"damage":0.0,"enemies":"Blue Slaver","floor":5.0,"turns":6.0},{"damage":18.0,"enemies":"3 Sentries","floor":7.0,"turns":8.0},{"damage":6.0,"enemies":"Exordium Thugs","floor":13.0,"turns":5.0},{"damage":0.0,"enemies":"Looter","floor":14.0,"turns":3.0},{"damage":27.0,"enemies":"Slime Boss","floor":16.0,"turns":9.0},{"damage":7.0,"enemies":"Chosen","floor":18.0,"turns":5.0},{"damage":0.0,"enemies":"2 Thieves","floor":21.0,"turns":4.0},{"damage":19.0,"enemies":"Book of Stabbing","floor":25.0,"turns":5.0},{"damage":15.0,"enemies":"3 Cultists","floor":28.0,"turns":5.0},{"damage":5.0,"enemies":"Snake Plant","floor":29.0,"turns":3.0},{"damage":0.0,"enemies":"Centurion and Healer","floor":31.0,"turns":5.0},{"damage":7.0,"enemies":"Collector","floor":33.0,"turns":13.0},{"damage":3.0,"enemies":"Orb Walker","floor":35.0,"turns":6.0},{"damage":0.0,"enemies":"3 Darklings","floor":39.0,"turns":6.0},{"damage":20,"enemies":"Reptomancer","floor":41,"turns":10},{"damage":1,"enemies":"Transient","floor":45,"turns":6},{"damage":4,"enemies":"Nemesis","floor":46,"turns":9},{"damage":7,"enemies":"Writhing Mass","floor":47,"turns":5},{"damage":71,"enemies":"Time Eater","floor":50,"turns":11}],"seed_played":"1103604754840738035","potions_obtained":[{"floor":2.0,"key":"LiquidBronze"},{"floor":3.0,"key":"Block Potion"},{"floor":13.0,"key":"SkillPotion"},{"floor":14.0,"key":"Regen Potion"},{"floor":25.0,"key":"Fruit Juice"},{"floor":31.0,"key":"Dexterity Potion"},{"floor":34.0,"key":"Regen Potion"},{"floor":37.0,"key":"SteroidPotion"}],"is_trial":false,"path_per_floor":["M","M","M","M","M","R","E","?","T","$","R","$","M","M","R","B",null,"M","$","?","M","?","R","T","E","T","R","M","M","R","M","R","B",null,"M","?","?","$","M","R","E","R","T","R","M","E","M","$","R","B"],"character_chosen":"THE_SILENT","items_purchased":["After Image","Escape Plan","Footwork+1","Dexterity Potion"],"campfire_rested":2,"item_purchase_floors":[19,19,38,48],"current_hp_per_floor":[54,54,45,42,42,42,24,24,24,24,24,24,18,18,18,6,51,44,44,26,26,40,61,61,47,47,47,32,27,27,27,27,20,67,64,64,64,64,78,78,58,58,58,58,57,53,46,46,70,0],"gold":13,"neow_bonus":"REMOVE_CARD","is_prod":false,"is_daily":false,"chose_seed":false,"campfire_upgraded":8,"win_rate":0,"timestamp":1557855101,"path_taken":["M","M","M","M","M","R","E","?","T","?","R","$","M","M","R","BOSS","M","$","?","M","?","R","?","E","T","R","M","?","R","M","R","BOSS","M","?","?","$","M","R","E","R","T","R","M","E","?","$","R","BOSS"],"build_version":"2019-01-23","purchased_purges":4,"victory":false,"max_hp_per_floor":[66,66,66,66,66,66,66,66,66,66,66,66,66,66,66,66,66,66,66,71,71,71,71,71,76,76,76,76,76,76,76,76,76,81,81,81,81,81,81,81,81,81,81,81,81,81,81,81,81,81],"card_choices":[{"not_picked":["Outmaneuver","Caltrops"],"picked":"Cloak And Dagger","floor":1.0},{"not_picked":["Heel Hook","Deadly Poison"],"picked":"Cloak And Dagger","floor":2.0},{"not_picked":["Eviscerate","Setup"],"picked":"Dash","floor":3.0},{"not_picked":["Flying Knee","Bane"],"picked":"Escape Plan","floor":4.0},{"not_picked":["Tactician","PiercingWail"],"picked":"Choke","floor":5.0},{"not_picked":["Riddle With Holes","Burst"],"picked":"Noxious Fumes","floor":7.0},{"not_picked":["Well Laid Plans","Sucker Punch"],"picked":"Terror","floor":13.0},{"not_picked":["Dodge and Roll","Setup","Poisoned Stab"],"picked":"SKIP","floor":14.0},{"not_picked":["Phantasmal Killer","Unload"],"picked":"Venomology","floor":16.0},{"not_picked":["Masterful Stab","Deadly Poison"],"picked":"Deflect+1","floor":18.0},{"not_picked":["Outmaneuver","Slice","Accuracy"],"picked":"SKIP","floor":21.0},{"not_picked":["Poisoned Stab","Leg Sweep"],"picked":"Doppelganger","floor":25.0},{"not_picked":["Dagger Spray","Quick Slash"],"picked":"Calculated Gamble","floor":28.0},{"not_picked":["Flying Knee","Predator"],"picked":"Deflect+1","floor":29.0},{"not_picked":["Caltrops+1","Infinite Blades+1"],"picked":"Footwork+1","floor":31.0},{"not_picked":["Storm of Steel","Phantasmal Killer"],"picked":"Adrenaline","floor":33.0},{"not_picked":["Dagger Throw","Prepared"],"picked":"Leg Sweep","floor":34.0},{"not_picked":["Deflect","Sucker Punch"],"picked":"Accuracy+1","floor":35.0},{"not_picked":["Dagger Spray","Riddle With Holes","All Out Attack"],"picked":"SKIP","floor":39.0},{"not_picked":["Die Die Die","Setup+1"],"picked":"Sucker Punch+1","floor":41},{"not_picked":["Quick Slash","Dagger Spray"],"picked":"PiercingWail","floor":45},{"not_picked":["Concentrate","Prepared","Leg Sweep"],"picked":"SKIP","floor":46},{"not_picked":["Prepared","Dagger Spray","Leg Sweep"],"picked":"SKIP","floor":47}],"player_experience":5023655,"relics_obtained":[{"floor":7.0,"key":"Oddly Smooth Stone"},{"floor":9.0,"key":"Boot"},{"floor":24.0,"key":"Frozen Egg 2"},{"floor":25.0,"key":"Lantern"},{"floor":41,"key":"MawBank"},{"floor":43,"key":"Letter Opener"},{"floor":46,"key":"Snake Skull"}],"event_choices":[{"damage_healed":0.0,"max_hp_gain":0.0,"max_hp_loss":0.0,"gold_gain":0.0,"event_name":"WeMeetAgain","player_choice":"Gave Potion","floor":8.0,"gold_loss":0.0,"damage_taken":0.0,"relics_obtained":["Omamori"]},{"damage_healed":0.0,"max_hp_gain":5.0,"max_hp_loss":0.0,"gold_gain":0.0,"event_name":"Forgotten Altar","player_choice":"Shed Blood","floor":20.0,"gold_loss":0.0,"damage_taken":23.0},{"damage_healed":14.0,"max_hp_gain":0.0,"max_hp_loss":0.0,"gold_gain":0.0,"event_name":"The Library","player_choice":"Heal","floor":22.0,"gold_loss":0.0,"damage_taken":0.0},{"cards_removed":["Leg Sweep"],"damage_healed":0.0,"max_hp_gain":0.0,"max_hp_loss":0.0,"gold_gain":0.0,"event_name":"Falling","player_choice":"Removed Skill","floor":36.0,"gold_loss":0.0,"damage_taken":0.0},{"damage_healed":0.0,"max_hp_gain":0.0,"max_hp_loss":0.0,"gold_gain":0.0,"event_name":"Lab","player_choice":"Got Potions","floor":37.0,"gold_loss":0.0,"damage_taken":0.0}],"is_beta":false,"boss_relics":[{"not_picked":["Runic Dome","Philosopher\u0027s Stone"],"picked":"Cursed Key"},{"not_picked":["Coffee Dripper","Lizard Tail"],"picked":"Tiny House"}],"items_purged_floors":[10,12,38,48],"is_endless":false,"potions_floor_spawned":[2,3,13,14,25,29,31,35,39],"killed_by":"Time Eater","ascension_level":20}