{"gold_per_floor":[117,117,128,147,147,147,159,159,182,196,207,207,238,249,249,249],"floor_reached":16,"playtime":918,"items_purged":[],"score":120,"play_id":"df32fd96-35af-41f2-a657-bdcff2b25f07","local_time":"20190319172507","is_ascension_mode":true,"campfire_choices":[{"data":"Neutralize","floor":6,"key":"SMITH"},{"floor":8,"key":"REST"},{"data":"Die Die Die","floor":15,"key":"SMITH"}],"neow_cost":"PERCENT_DAMAGE","seed_source_timestamp":18813610161852,"circlet_count":0,"master_deck":["Defend_G","Defend_G","Defend_G","Strike_G+1","Strike_G","Strike_G+1","Survivor","Neutralize+1","Backflip","Backflip","Poisoned Stab","Heel Hook","Dagger Spray","Die Die Die+1"],"relics":["Ring of the Snake","Whetstone","Unceasing Top","PreservedInsect"],"potions_floor_usage":[11,13,14],"damage_taken":[{"damage":11,"enemies":"Jaw Worm","floor":1,"turns":6},{"damage":0,"enemies":"Small Slimes","floor":3,"turns":3},{"damage":3,"enemies":"Cultist","floor":4,"turns":4},{"damage":1,"enemies":"Exordium Thugs","floor":7,"turns":4},{"damage":3,"enemies":"3 Louse","floor":10,"turns":3},{"damage":0,"enemies":"Lots of Slimes","floor":11,"turns":2},{"damage":15,"enemies":"Gremlin Nob","floor":13,"turns":4},{"damage":0,"enemies":"Exordium Wildlife","floor":14,"turns":1},{"damage":39,"enemies":"Slime Boss","floor":16,"turns":11}],"seed_played":"-3267088012163632948","potions_obtained":[{"floor":7,"key":"SpeedPotion"},{"floor":10,"key":"Poison Potion"},{"floor":13,"key":"AttackPotion"}],"is_trial":false,"path_per_floor":["M","?","M","M","?","R","M","R","T","M","M","T","E","M","R","B"],"character_chosen":"THE_SILENT","items_purchased":[],"campfire_rested":1,"item_purchase_floors":[],"current_hp_per_floor":[38,31,31,28,28,28,27,48,48,45,45,45,30,30,30,0],"gold":249,"neow_bonus":"REMOVE_TWO","is_prod":false,"is_daily":false,"chose_seed":false,"campfire_upgraded":2,"win_rate":0,"timestamp":1553030707,"path_taken":["M","?","M","M","?","R","M","R","T","M","M","?","E","M","R","BOSS"],"build_version":"2019-01-23","purchased_purges":0,"victory":false,"max_hp_per_floor":[70,70,70,70,70,70,70,70,70,70,70,70,70,70,70,70],"card_choices":[{"not_picked":["Poisoned Stab","Noxious Fumes"],"picked":"Backflip","floor":1},{"not_picked":["Underhanded Strike","Cloak And Dagger"],"picked":"Backflip","floor":3},{"not_picked":["Dodge and Roll","Cloak And Dagger"],"picked":"Poisoned Stab","floor":4},{"not_picked":["Predator","Blade Dance"],"picked":"Dagger Spray","floor":7},{"not_picked":["Noxious Fumes","Eviscerate","Cloak And Dagger"],"picked":"SKIP","floor":10},{"not_picked":["Acrobatics","Dagger Throw"],"picked":"Die Die Die","floor":11},{"not_picked":["Backflip","Slice","Reflex"],"picked":"SKIP","floor":13},{"not_picked":["Acrobatics","Quick Slash","Blade Dance"],"picked":"SKIP","floor":14}],"player_experience":134287,"relics_obtained":[{"floor":9,"key":"Whetstone"},{"floor":12,"key":"Unceasing Top"},{"floor":13,"key":"PreservedInsect"}],"event_choices":[{"cards_removed":["Defend_G"],"damage_healed":0,"gold_gain":0,"player_choice":"Card Removal","damage_taken":7,"max_hp_gain":0,"max_hp_loss":0,"event_name":"Golden Wing","floor":2,"gold_loss":0},{"damage_healed":0,"gold_gain":0,"cards_transformed":["Strike_G"],"player_choice":"Change","damage_taken":0,"max_hp_gain":0,"max_hp_loss":0,"event_name":"Living Wall","floor":5,"gold_loss":0,"cards_obtained":["Heel Hook"]}],"is_beta":false,"boss_relics":[],"items_purged_floors":[],"is_endless":false,"potions_floor_spawned":[7,10,13],"killed_by":"Slime Boss","ascension_level":3}