{"gold_per_floor":[117,135,154,154,175,193,193,193,264,308,308,321,321,5,5,95,95,110,110,110,94,19,19,19,19,44,63,63,88,109,122,122,220,220,238,258,72,0,25,25],"floor_reached":40,"playtime":1518,"items_purged":["Strike_B","Strike_B"],"score":880,"play_id":"20f2d5a3-2031-40c1-9752-bc9d27b726e6","local_time":"20190629003604","is_ascension_mode":true,"campfire_choices":[{"data":"Dualcast","floor":7,"key":"SMITH"},{"data":"Zap","floor":11,"key":"SMITH"},{"data":"Skim","floor":13,"key":"SMITH"},{"data":"Apotheosis","floor":15,"key":"SMITH"},{"floor":23,"key":"REST"},{"floor":28,"key":"REST"},{"floor":32,"key":"RECALL"}],"neow_cost":"NONE","seed_source_timestamp":884323145693000,"circlet_count":0,"master_deck":["AscendersBane","Defend_B","Defend_B","Defend_B","Defend_B","Zap+1","Dualcast+1","Auto Shields","Gash","Cold Snap","Ball Lightning","Skim+1","Ball Lightning","Gash","All For One","Apotheosis+1","Conserve Battery","All For One","Gash","Echo Form","Conserve Battery","Conserve Battery","Sweeping Beam","Hologram","Seek","Blizzard"],"relics":["FrozenCore","Golden Idol","Symbiotic Virus","Incense Burner","Nilry\u0027s Codex","Anchor","Inserter","Red Mask"],"potions_floor_usage":[10,16,16,33,33],"damage_taken":[{"damage":2,"enemies":"Jaw Worm","floor":1,"turns":4},{"damage":2,"enemies":"Cultist","floor":2,"turns":4},{"damage":0,"enemies":"2 Louse","floor":3,"turns":3},{"damage":2,"enemies":"Blue Slaver","floor":5,"turns":4},{"damage":2,"enemies":"2 Fungi Beasts","floor":6,"turns":3},{"damage":20,"enemies":"Gremlin Nob","floor":10,"turns":4},{"damage":2,"enemies":"Large Slime","floor":12,"turns":4},{"damage":0,"enemies":"Hexaghost","floor":16,"turns":6},{"damage":13,"enemies":"3 Byrds","floor":18,"turns":4},{"damage":16,"enemies":"2 Thieves","floor":21,"turns":4},{"damage":14,"enemies":"Centurion and Healer","floor":27,"turns":4},{"damage":12,"enemies":"Sentry and Sphere","floor":29,"turns":5},{"damage":0,"enemies":"3 Cultists","floor":30,"turns":4},{"damage":0,"enemies":"Snecko","floor":31,"turns":4},{"damage":6,"enemies":"Champ","floor":33,"turns":16},{"damage":23,"enemies":"3 Darklings","floor":35,"turns":7},{"damage":0,"enemies":"Orb Walker","floor":36,"turns":2},{"damage":14,"enemies":"Transient","floor":39,"turns":6},{"damage":29,"enemies":"Giant Head","floor":40,"turns":8}],"seed_played":"-6252778131444941478","potions_obtained":[{"floor":3,"key":"Block Potion"},{"floor":6,"key":"SteroidPotion"},{"floor":10,"key":"FearPotion"},{"floor":20,"key":"GamblersBrew"},{"floor":20,"key":"PowerPotion"},{"floor":29,"key":"Dexterity Potion"},{"floor":35,"key":"Dexterity Potion"},{"floor":39,"key":"Fire Potion"}],"is_trial":false,"path_per_floor":["M","M","M","?","M","M","R","?","T","E","R","M","R","$","R","B",null,"M","?","?","M","$","R","T","?","T","M","R","M","M","M","R","B",null,"M","M","$","?","M","E"],"character_chosen":"DEFECT","items_purchased":["All For One","Apotheosis","Conserve Battery","Blizzard"],"campfire_rested":2,"item_purchase_floors":[14,14,14,37],"current_hp_per_floor":[69,67,67,67,65,63,63,68,68,48,48,46,46,46,46,46,69,56,56,56,40,40,62,62,41,41,27,49,37,37,37,37,31,65,42,42,42,42,28,0],"gold":25,"neow_bonus":"TEN_PERCENT_HP_BONUS","is_prod":false,"is_daily":false,"chose_seed":false,"campfire_upgraded":4,"win_rate":0,"timestamp":1561736164,"path_taken":["M","M","M","?","M","M","R","?","T","E","R","M","R","?","R","BOSS","M","?","?","?","?","R","?","?","T","M","R","M","M","M","R","BOSS","M","M","$","?","M","E"],"build_version":"2019-01-23","purchased_purges":2,"victory":false,"max_hp_per_floor":[78,78,78,71,71,71,71,76,76,76,76,76,76,76,76,76,76,76,76,76,76,76,76,76,76,76,76,76,76,76,76,76,76,76,76,76,76,76,76,76],"card_choices":[{"not_picked":["Stack","Double Energy"],"picked":"Auto Shields","floor":1},{"not_picked":["Lockon","Force Field"],"picked":"Gash","floor":2},{"not_picked":["Stack","Redo"],"picked":"Cold Snap","floor":3},{"not_picked":["Compile Driver","Scrape"],"picked":"Ball Lightning","floor":5},{"not_picked":["Double Energy","Go for the Eyes"],"picked":"Skim","floor":6},{"not_picked":["Force Field","Leap"],"picked":"Ball Lightning","floor":10},{"not_picked":["Double Energy","Go for the Eyes"],"picked":"Gash","floor":12},{"not_picked":["Core Surge","Biased Cognition"],"picked":"All For One","floor":16},{"not_picked":["Barrage+1","Steam"],"picked":"Gash","floor":18},{"not_picked":["Force Field","Fusion"],"picked":"Conserve Battery","floor":21},{"not_picked":["Cold Snap","Sunder","Sweeping Beam"],"picked":"SKIP","floor":27},{"not_picked":["Cold Snap","Sunder"],"picked":"Sweeping Beam","floor":27},{"not_picked":["Stack","Compile Driver"],"picked":"Hologram","floor":29},{"not_picked":["Reinforced Body","Fusion","Hologram"],"picked":"SKIP","floor":30},{"not_picked":["Sweeping Beam","Ball Lightning","Doom and Gloom"],"picked":"SKIP","floor":31},{"not_picked":["Sweeping Beam","Ball Lightning","Doom and Gloom"],"picked":"SKIP","floor":31},{"not_picked":["Echo Form","Rainbow"],"picked":"Seek","floor":33},{"not_picked":["Coolheaded+1","Glacier","Compile Driver"],"picked":"SKIP","floor":35},{"not_picked":["Compile Driver","Cold Snap+1","Gash"],"picked":"SKIP","floor":36},{"not_picked":["Barrage","Streamline+1","Chill"],"picked":"SKIP","floor":39}],"player_experience":5518963,"relics_obtained":[{"floor":9,"key":"Symbiotic Virus"},{"floor":10,"key":"Incense Burner"},{"floor":25,"key":"Nilry\u0027s Codex"},{"floor":26,"key":"Anchor"}],"event_choices":[{"damage_healed":0,"gold_gain":0,"player_choice":"Lose Max HP","damage_taken":0,"relics_obtained":["Golden Idol"],"max_hp_gain":0,"max_hp_loss":7,"event_name":"Golden Idol","floor":4,"gold_loss":0},{"damage_healed":0,"gold_gain":0,"player_choice":"Donut","damage_taken":0,"max_hp_gain":5,"max_hp_loss":0,"event_name":"Big Fish","floor":8,"gold_loss":0},{"damage_healed":0,"gold_gain":0,"cards_transformed":["Strike_B","Strike_B"],"player_choice":"Became Test Subject","damage_taken":0,"max_hp_gain":0,"max_hp_loss":0,"event_name":"Drug Dealer","floor":19,"gold_loss":0,"cards_obtained":["Echo Form","Conserve Battery"]},{"damage_healed":0,"gold_gain":0,"player_choice":"Got Potions","damage_taken":0,"max_hp_gain":0,"max_hp_loss":0,"event_name":"Lab","floor":20,"gold_loss":0},{"damage_healed":0,"gold_gain":0,"player_choice":"Obtained Book","damage_taken":21,"max_hp_gain":0,"max_hp_loss":0,"event_name":"Cursed Tome","floor":25,"gold_loss":0},{"damage_healed":0,"gold_gain":0,"player_choice":"Paid","damage_taken":0,"relics_obtained":["Red Mask"],"max_hp_gain":0,"max_hp_loss":0,"event_name":"Tomb of Lord Red Mask","floor":38,"gold_loss":72}],"is_beta":false,"boss_relics":[{"not_picked":["Busted Crown","Philosopher\u0027s Stone"],"picked":"FrozenCore"},{"not_picked":["Astrolabe","Runic Dome"],"picked":"Inserter"}],"items_purged_floors":[22,37],"is_endless":false,"potions_floor_spawned":[3,6,10,12,29,30,31,35,39],"killed_by":"Giant Head","ascension_level":20}