{"gold_per_floor":[115,134,146,162,11,41,41,68,144,144,177,127,157,168,168,168],"floor_reached":16,"playtime":633,"items_purged":["Strike_G","Strike_G"],"score":310,"play_id":"21b66182-5f45-4253-a256-f2a92ada83b2","local_time":"20190727015946","is_ascension_mode":true,"campfire_choices":[{"data":"Neutralize","floor":7,"key":"SMITH"},{"data":"Strike_G","floor":10,"key":"PURGE"},{"data":"Calculated Gamble","floor":15,"key":"SMITH"}],"neow_cost":"NONE","seed_source_timestamp":232163542983400,"circlet_count":0,"master_deck":["AscendersBane","Strike_G","Defend_G","Defend_G","Defend_G","Defend_G","Defend_G","Survivor","Neutralize+1","Underhanded Strike","Masterful Stab","Dagger Spray","Endless Agony","Dash","Skewer","Calculated Gamble+1","Well Laid Plans","PiercingWail"],"relics":["Ring of the Snake","Smiling Mask","Peace Pipe","Meat on the Bone","Oddly Smooth Stone","Blood Vial"],"potions_floor_usage":[6,8,11,13,13,14],"damage_taken":[{"damage":6,"enemies":"Cultist","floor":1,"turns":5},{"damage":0,"enemies":"2 Louse","floor":2,"turns":4},{"damage":0,"enemies":"Small Slimes","floor":3,"turns":3},{"damage":1,"enemies":"Looter","floor":4,"turns":4},{"damage":9,"enemies":"3 Sentries","floor":6,"turns":8},{"damage":19,"enemies":"Lagavulin","floor":8,"turns":6},{"damage":5,"enemies":"3 Sentries","floor":11,"turns":4},{"damage":0,"enemies":"Gremlin Nob","floor":13,"turns":3},{"damage":0,"enemies":"Gremlin Gang","floor":14,"turns":3},{"damage":49,"enemies":"Hexaghost","floor":16,"turns":15}],"seed_played":"-834178559916732566","potions_obtained":[{"floor":2,"key":"GhostInAJar"},{"floor":3,"key":"Poison Potion"},{"floor":6,"key":"Strength Potion"},{"floor":8,"key":"Strength Potion"},{"floor":11,"key":"Swift Potion"},{"floor":13,"key":"AttackPotion"}],"is_trial":false,"path_per_floor":["M","M","M","M","$","E","R","E","T","R","E","$","E","M","R","B"],"character_chosen":"THE_SILENT","items_purchased":["Dash"],"campfire_rested":0,"item_purchase_floors":[5],"current_hp_per_floor":[53,53,53,52,52,43,43,24,24,24,31,31,43,45,45,0],"gold":168,"neow_bonus":"REMOVE_CARD","is_prod":false,"is_daily":false,"chose_seed":false,"campfire_upgraded":2,"win_rate":0,"timestamp":1564160386,"path_taken":["M","M","M","?","?","E","R","E","T","R","E","$","E","M","R","BOSS"],"build_version":"2019-07-17","purchased_purges":2,"victory":false,"max_hp_per_floor":[66,66,66,66,66,66,66,66,66,66,66,66,66,66,66,66],"card_choices":[{"not_picked":["Bane","Escape Plan"],"picked":"Underhanded Strike","floor":1},{"not_picked":["Acrobatics","Quick Slash"],"picked":"Masterful Stab","floor":2},{"not_picked":["Burst","Slice"],"picked":"Dagger Spray","floor":3},{"not_picked":["Sucker Punch","Quick Slash"],"picked":"Endless Agony","floor":4},{"not_picked":["Blade Dance","Slice"],"picked":"Skewer","floor":6},{"not_picked":["Deflect","Eviscerate"],"picked":"Calculated Gamble","floor":8},{"not_picked":["Leg Sweep","Bullet Time"],"picked":"Well Laid Plans","floor":11},{"not_picked":["Dagger Throw","Quick Slash","Sucker Punch"],"picked":"SKIP","floor":13},{"not_picked":["Flechettes","Blade Dance"],"picked":"PiercingWail","floor":14}],"player_experience":5831846,"relics_obtained":[{"floor":6,"key":"Smiling Mask"},{"floor":8,"key":"Peace Pipe"},{"floor":9,"key":"Meat on the Bone"},{"floor":11,"key":"Oddly Smooth Stone"},{"floor":13,"key":"Blood Vial"}],"event_choices":[],"is_beta":false,"boss_relics":[],"items_purged_floors":[5,12],"is_endless":false,"potions_floor_spawned":[2,3,6,8,11,13],"killed_by":"Hexaghost","ascension_level":20}