{"gold_per_floor":[112,125,125,50,50,50,83,83,108,130,55,55,71,71,71,142,142,159,173,223,241,253,253,271,321,321,221,237,263,277,65,65,139,139,154,172,188,201,215,215,246,265,265,265,282,282,296,314,314,314,314,314,314,4,39,39],"floor_reached":57,"playtime":2468,"items_purged":["Strike_G","Strike_G","Strike_G","Defend_G"],"score":2766,"play_id":"ed8746b0-632b-4261-b611-3b6b46f1ba89","local_time":"20190721015406","is_ascension_mode":true,"campfire_choices":[{"data":"All Out Attack","floor":6.0,"key":"SMITH"},{"data":"Bane","floor":8.0,"key":"SMITH"},{"data":"Catalyst","floor":15.0,"key":"SMITH"},{"data":"Neutralize","floor":23.0,"key":"SMITH"},{"data":"Deadly Poison","floor":32.0,"key":"SMITH"},{"data":"Burst","floor":40.0,"key":"SMITH"},{"data":"Catalyst","floor":44.0,"key":"SMITH"},{"floor":49.0,"key":"RECALL"},{"data":"Footwork","floor":53.0,"key":"SMITH"}],"neow_cost":"NONE","seed_source_timestamp":10430867979400,"circlet_count":0,"master_deck":["AscendersBane","Defend_G","Survivor","Neutralize+1","All Out Attack+1","Deadly Poison+1","Bane+1","Grand Finale","Quick Slash","After Image","Catalyst+1","Acrobatics+1","Deflect+1","Footwork+1","Blur+1","Catalyst+1","After Image","Tactician+1","Dodge and Roll+1","Burst+1","Dark Shackles"],"special_seed":0,"relics":["Ring of the Snake","Ornamental Fan","Anchor","Odd Mushroom","Turnip","Runic Pyramid","Gremlin Horn","Bottled Flame","Empty Cage","Bottled Lightning","Paper Crane"],"potions_floor_usage":[55,56,56],"damage_taken":[{"damage":1.0,"enemies":"Cultist","floor":1.0,"turns":4.0},{"damage":2.0,"enemies":"Jaw Worm","floor":2.0,"turns":4.0},{"damage":3.0,"enemies":"Gremlin Nob","floor":7.0,"turns":3.0},{"damage":2.0,"enemies":"The Mushroom Lair","floor":10.0,"turns":3.0},{"damage":0.0,"enemies":"2 Louse","floor":13.0,"turns":1.0},{"damage":16.0,"enemies":"Hexaghost","floor":16.0,"turns":9.0},{"damage":4.0,"enemies":"Spheric Guardian","floor":18.0,"turns":4.0},{"damage":0.0,"enemies":"2 Thieves","floor":19.0,"turns":2.0},{"damage":0.0,"enemies":"Sentry and Sphere","floor":21.0,"turns":3.0},{"damage":3.0,"enemies":"Shelled Parasite and Fungi","floor":22.0,"turns":4.0},{"damage":0.0,"enemies":"Centurion and Healer","floor":24.0,"turns":3.0},{"damage":0.0,"enemies":"Cultist and Chosen","floor":28.0,"turns":2.0},{"damage":13.0,"enemies":"Book of Stabbing","floor":29.0,"turns":5.0},{"damage":0.0,"enemies":"Shelled Parasite and Fungi","floor":30.0,"turns":3.0},{"damage":0.0,"enemies":"Champ","floor":33.0,"turns":10.0},{"damage":0.0,"enemies":"Orb Walker","floor":35.0,"turns":3.0},{"damage":0.0,"enemies":"3 Shapes","floor":36.0,"turns":5.0},{"damage":0.0,"enemies":"Writhing Mass","floor":37.0,"turns":5.0},{"damage":0.0,"enemies":"Maw","floor":38.0,"turns":6.0},{"damage":0.0,"enemies":"Sphere and 2 Shapes","floor":39.0,"turns":6.0},{"damage":0.0,"enemies":"Reptomancer","floor":41.0,"turns":2.0},{"damage":0.0,"enemies":"4 Shapes","floor":42.0,"turns":3.0},{"damage":0.0,"enemies":"Transient","floor":45.0,"turns":5.0},{"damage":12.0,"enemies":"Sphere and 2 Shapes","floor":47.0,"turns":11.0},{"damage":0.0,"enemies":"Writhing Mass","floor":48.0,"turns":3.0},{"damage":12.0,"enemies":"Awakened One","floor":50.0,"turns":15.0},{"damage":6.0,"enemies":"Donu and Deca","floor":51.0,"turns":14.0},{"damage":1,"enemies":"Shield and Spear","floor":55,"turns":9},{"damage":25,"enemies":"The Heart","floor":56,"turns":7}],"seed_played":"7681499080577240006","potions_obtained":[{"floor":1.0,"key":"Fire Potion"},{"floor":2.0,"key":"FearPotion"},{"floor":13.0,"key":"Swift Potion"},{"floor":16.0,"key":"GamblersBrew"},{"floor":18.0,"key":"LiquidBronze"},{"floor":29.0,"key":"Strength Potion"},{"floor":38.0,"key":"PowerPotion"},{"floor":39.0,"key":"GhostInAJar"},{"floor":42.0,"key":"LiquidBronze"},{"floor":55,"key":"LiquidBronze"}],"is_trial":false,"path_per_floor":["M","M","?","?","$","R","E","R","T","?","$","?","M","?","R","B",null,"M","M","?","M","M","R","M","?","T","$","M","E","M","$","R","B",null,"M","M","M","M","M","R","E","M","T","R","M","?","M","M","R","B","B",null,"R","$","E","B",null],"character_chosen":"THE_SILENT","items_purchased":["Catalyst","GamblersBrew","GamblersBrew"],"campfire_rested":0,"item_purchase_floors":[31,54,54],"current_hp_per_floor":[58,56,49,49,49,49,46,46,46,44,44,44,44,18,18,2,50,46,46,46,46,43,43,43,43,43,43,43,30,30,30,30,30,57,57,57,57,57,57,57,57,57,57,57,57,47,35,35,35,23,17,54,54,54,53,28],"gold":39,"neow_bonus":"TRANSFORM_CARD","is_prod":false,"is_daily":false,"chose_seed":false,"campfire_upgraded":8,"win_rate":0,"timestamp":1563641646,"path_taken":["M","M","?","?","$","R","E","R","T","?","$","?","?","?","R","BOSS","M","M","?","M","?","R","M","?","T","$","M","E","M","$","R","BOSS","M","M","M","M","M","R","E","M","T","R","M","?","M","M","R","BOSS","BOSS","R","$","E","BOSS"],"build_version":"2019-07-17","purchased_purges":4,"victory":true,"max_hp_per_floor":[66,66,66,66,66,66,66,66,66,66,66,66,66,66,66,66,66,66,66,66,66,66,66,66,66,66,66,66,66,66,66,66,66,66,66,66,66,66,66,66,66,66,66,66,66,66,66,66,66,66,66,66,66,66,66,66],"card_choices":[{"not_picked":["Finisher","Calculated Gamble"],"picked":"Deadly Poison","floor":1.0},{"not_picked":["Prepared","Underhanded Strike"],"picked":"Bane","floor":2.0},{"not_picked":["Flechettes","Accuracy"],"picked":"Grand Finale","floor":7.0},{"not_picked":["Accuracy","Dodge and Roll"],"picked":"Quick Slash","floor":10.0},{"not_picked":["Cloak And Dagger","Sucker Punch"],"picked":"Catalyst","floor":13.0},{"not_picked":["Catalyst","Dagger Throw"],"picked":"Acrobatics+1","floor":18.0},{"not_picked":["Underhanded Strike","Sucker Punch","Flying Knee"],"picked":"SKIP","floor":19.0},{"not_picked":["Dagger Spray","Skewer","Deflect+1"],"picked":"SKIP","floor":21.0},{"not_picked":["Dagger Spray","Skewer"],"picked":"Deflect+1","floor":21.0},{"not_picked":["Deflect","PiercingWail","Blade Dance+1"],"picked":"SKIP","floor":22.0},{"not_picked":["Sucker Punch","Dagger Spray","Finisher"],"picked":"SKIP","floor":24.0},{"not_picked":["Flying Knee","Expertise","Dagger Spray+1"],"picked":"SKIP","floor":28.0},{"not_picked":["Deadly Poison","Dagger Throw"],"picked":"Footwork","floor":29.0},{"not_picked":["Unload","Eviscerate+1"],"picked":"Blur+1","floor":30.0},{"not_picked":["Venomology","Unload"],"picked":"After Image","floor":33.0},{"not_picked":["Deadly Poison+1","Infinite Blades+1"],"picked":"Tactician+1","floor":35.0},{"not_picked":["Dagger Spray+1","Slice","Terror+1"],"picked":"SKIP","floor":36.0},{"not_picked":["Dagger Spray+1","Slice","Terror+1"],"picked":"SKIP","floor":36.0},{"not_picked":["Bane+1","Expertise+1","Deflect"],"picked":"SKIP","floor":37.0},{"not_picked":["Deadly Poison","Finisher+1"],"picked":"Dodge and Roll+1","floor":38.0},{"not_picked":["Skewer","Blade Dance"],"picked":"Burst","floor":39.0},{"not_picked":["Dagger Spray","Poisoned Stab","All Out Attack"],"picked":"SKIP","floor":41.0},{"not_picked":["Flechettes","Leg Sweep","All Out Attack"],"picked":"SKIP","floor":42.0},{"not_picked":["Flying Knee","Deflect+1","Sucker Punch+1"],"picked":"SKIP","floor":45.0},{"not_picked":["Blind","Impatience"],"picked":"Dark Shackles","floor":46.0},{"not_picked":["Caltrops","Sucker Punch","Footwork"],"picked":"SKIP","floor":47.0},{"not_picked":["Cloak And Dagger","Endless Agony","Masterful Stab"],"picked":"SKIP","floor":48.0},{"not_picked":["Blade Dance","PiercingWail","Endless Agony+1"],"picked":"SKIP","floor":55}],"player_experience":5762051,"relics_obtained":[{"floor":7.0,"key":"Ornamental Fan"},{"floor":9.0,"key":"Anchor"},{"floor":10.0,"key":"Odd Mushroom"},{"floor":26.0,"key":"Gremlin Horn"},{"floor":29.0,"key":"Bottled Flame"},{"floor":41.0,"key":"Bottled Lightning"},{"floor":55,"key":"Paper Crane"}],"event_choices":[{"cards_removed":["Strike_G"],"damage_healed":0.0,"max_hp_gain":0.0,"max_hp_loss":0.0,"gold_gain":0.0,"event_name":"Golden Wing","player_choice":"Card Removal","floor":3.0,"gold_loss":0.0,"damage_taken":7.0},{"cards_removed":["Strike_G"],"damage_healed":0.0,"max_hp_gain":0.0,"max_hp_loss":0.0,"gold_gain":0.0,"event_name":"The Cleric","player_choice":"Card Removal","floor":4.0,"gold_loss":75.0,"damage_taken":0.0},{"damage_healed":0.0,"max_hp_gain":0.0,"max_hp_loss":0.0,"gold_gain":0.0,"event_name":"Mushrooms","player_choice":"Fought Mushrooms","floor":10.0,"gold_loss":0.0,"damage_taken":0.0},{"damage_healed":0.0,"max_hp_gain":0.0,"max_hp_loss":0.0,"gold_gain":0.0,"event_name":"Match and Keep!","player_choice":"1 cards matched","floor":12.0,"gold_loss":0.0,"damage_taken":0.0,"cards_obtained":["After Image"]},{"damage_healed":0.0,"max_hp_gain":0.0,"max_hp_loss":0.0,"gold_gain":0.0,"event_name":"Scrap Ooze","player_choice":"Success","floor":14.0,"gold_loss":0.0,"damage_taken":26.0,"relics_obtained":["Turnip"]},{"damage_healed":0.0,"max_hp_gain":0.0,"max_hp_loss":0.0,"gold_gain":50.0,"event_name":"Golden Shrine","player_choice":"Pray","floor":20.0,"gold_loss":0.0,"damage_taken":0.0},{"damage_healed":0.0,"max_hp_gain":0.0,"max_hp_loss":0.0,"gold_gain":50.0,"event_name":"Nest","player_choice":"Stole From Cult","floor":25.0,"gold_loss":0.0,"damage_taken":0.0},{"damage_healed":0.0,"max_hp_gain":0.0,"max_hp_loss":0.0,"gold_gain":0.0,"event_name":"SensoryStone","player_choice":"Memory 3","floor":46.0,"gold_loss":0.0,"damage_taken":10.0}],"is_beta":false,"boss_relics":[{"not_picked":["Philosopher\u0027s Stone","Sozu"],"picked":"Runic Pyramid"},{"not_picked":["Eternal Feather","Orrery"],"picked":"Empty Cage"}],"items_purged_floors":[11,27,31,54],"is_endless":false,"potions_floor_spawned":[1,2,13,16,18,22,24,29,36,38,39,42,45,55],"ascension_level":20}