{"gold_per_floor":[113,113,113,126,201,201,242,242,242,283,283,208,224,562,562,656,656,675,166,181,205,255,299,299,337,337,337,337,377,377,412,412,505,505,523,581,604,604,604,604,647,670,722,765,779,779,815,835,835,835,835,835,835,44,79,79],"floor_reached":57,"playtime":2563,"items_purged":["Strike_R"],"score":3539,"play_id":"bf57af63-311f-479c-832d-9d4fa1ec1cfc","local_time":"20190715022707","is_ascension_mode":true,"campfire_choices":[{"floor":6.0,"key":"REST"},{"floor":8.0,"key":"REST"},{"data":"Dual Wield","floor":15.0,"key":"SMITH"},{"data":"Battle Trance","floor":24.0,"key":"SMITH"},{"floor":30.0,"key":"RECALL"},{"data":"Corruption","floor":32.0,"key":"SMITH"},{"data":"Dark Embrace","floor":40.0,"key":"SMITH"},{"data":"Dual Wield","floor":49.0,"key":"SMITH"},{"data":"Feel No Pain","floor":53.0,"key":"SMITH"}],"neow_cost":"","seed_source_timestamp":369921108049300,"circlet_count":0,"master_deck":["The Bomb","Night Terror+1","Defend_R","Defend_R","Defend_R","Defend_R","Bash+1","Corruption+1","Havoc","Impervious","Shrug It Off","Dual Wield+1","Second Wind","Armaments","Seeing Red","Power Through","Fiend Fire+1","Flash of Steel+1","Battle Trance+1","Dark Embrace+1","Dropkick","Feel No Pain+1","Barricade+1","Dual Wield+1","Feel No Pain+1","Feel No Pain+1","Blind","Master of Strategy","Rage"],"special_seed":0,"relics":["Burning Blood","Golden Idol","Gambling Chip","Blood Vial","Centennial Puzzle","Old Coin","Orrery","Bag of Preparation","Juzu Bracelet","Whetstone","Boot","FossilizedHelix","Pen Nib","Frozen Egg 2","Philosopher\u0027s Stone","Charon\u0027s Ashes","Dream Catcher","Shuriken","Unceasing Top","PrismaticShard","Kunai","Bottled Tornado"],"potions_floor_usage":[],"damage_taken":[{"damage":9.0,"enemies":"2 Louse","floor":1.0,"turns":3.0},{"damage":7.0,"enemies":"Jaw Worm","floor":4.0,"turns":3.0},{"damage":39.0,"enemies":"Gremlin Nob","floor":7.0,"turns":4.0},{"damage":5.0,"enemies":"3 Sentries","floor":10.0,"turns":4.0},{"damage":0.0,"enemies":"Small Slimes","floor":13.0,"turns":4.0},{"damage":0.0,"enemies":"Lagavulin","floor":14.0,"turns":4.0},{"damage":26.0,"enemies":"Hexaghost","floor":16.0,"turns":6.0},{"damage":2.0,"enemies":"2 Thieves","floor":18.0,"turns":5.0},{"damage":3.0,"enemies":"Shell Parasite","floor":20.0,"turns":6.0},{"damage":0.0,"enemies":"Chosen and Byrds","floor":21.0,"turns":5.0},{"damage":5.0,"enemies":"Slavers","floor":23.0,"turns":3.0},{"damage":4.0,"enemies":"Book of Stabbing","floor":25.0,"turns":3.0},{"damage":9.0,"enemies":"Slavers","floor":29.0,"turns":3.0},{"damage":33.0,"enemies":"Gremlin Leader","floor":31.0,"turns":6.0},{"damage":0.0,"enemies":"Automaton","floor":33.0,"turns":7.0},{"damage":0.0,"enemies":"Orb Walker","floor":35.0,"turns":3.0},{"damage":0.0,"enemies":"2 Orb Walkers","floor":36.0,"turns":3.0},{"damage":0.0,"enemies":"3 Shapes","floor":37.0,"turns":4.0},{"damage":0.0,"enemies":"Nemesis","floor":41.0,"turns":2.0},{"damage":0.0,"enemies":"Transient","floor":42.0,"turns":6.0},{"damage":0.0,"enemies":"Reptomancer","floor":44.0,"turns":4.0},{"damage":0.0,"enemies":"Spire Growth","floor":45.0,"turns":5.0},{"damage":0.0,"enemies":"Giant Head","floor":47.0,"turns":3.0},{"damage":0.0,"enemies":"3 Darklings","floor":48.0,"turns":2.0},{"damage":0.0,"enemies":"Donu and Deca","floor":50.0,"turns":5.0},{"damage":0.0,"enemies":"Awakened One","floor":51.0,"turns":4.0},{"damage":0.0,"enemies":"Shield and Spear","floor":55.0,"turns":5.0},{"damage":0,"enemies":"The Heart","floor":56,"turns":8}],"seed_played":"-4158784346904387747","potions_obtained":[{"floor":7.0,"key":"Poison Potion"},{"floor":13.0,"key":"GamblersBrew"},{"floor":20.0,"key":"Fire Potion"},{"floor":23.0,"key":"AttackPotion"},{"floor":47.0,"key":"Fire Potion"}],"is_trial":true,"path_per_floor":["M","?","?","M","?","R","E","R","T","E","?","?","M","E","R","B",null,"M","$","M","M","?","E","R","E","T","?","?","E","R","E","R","B",null,"M","?","M","$","?","R","E","M","T","E","M","?","E","M","R","B","B",null,"R","$","E","B",null],"character_chosen":"IRONCLAD","items_purchased":["Bag of Preparation","Juzu Bracelet","Flash of Steel","Master of Strategy","PrismaticShard","Kunai","GamblersBrew"],"campfire_rested":2,"item_purchase_floors":[19,19,19,54,54,54,54],"current_hp_per_floor":[65,42,42,41,30,50,17,37,37,40,33,33,41,49,49,31,59,65,65,68,68,68,68,68,68,68,68,68,65,65,40,40,48,63,68,68,68,68,65,65,65,65,65,65,65,55,63,65,65,65,65,65,65,65,65,65],"gold":79,"neow_bonus":"","is_prod":false,"is_daily":false,"chose_seed":false,"campfire_upgraded":6,"win_rate":0,"timestamp":1563125227,"path_taken":["M","?","?","M","?","R","E","R","T","E","?","?","?","E","R","BOSS","M","$","M","M","?","E","R","E","T","?","?","E","R","E","R","BOSS","M","?","M","$","?","R","E","M","T","E","M","?","E","M","R","BOSS","BOSS","R","$","E","BOSS"],"build_version":"2019-07-05","purchased_purges":1,"victory":true,"max_hp_per_floor":[75,75,68,68,68,68,68,68,68,68,68,68,68,68,68,68,68,68,68,68,68,68,68,68,68,68,68,68,68,68,68,68,68,68,68,68,68,68,65,65,65,65,65,65,65,65,65,65,65,65,65,65,65,65,65,65],"card_choices":[{"not_picked":["Rage","Flex"],"picked":"Havoc","floor":1.0},{"not_picked":["Blood for Blood","Flex","Heavy Blade"],"picked":"SKIP","floor":4.0},{"not_picked":["Pummel","Sword Boomerang"],"picked":"Impervious","floor":7.0},{"not_picked":["Warcry","Clothesline","Wild Strike"],"picked":"SKIP","floor":10.0},{"not_picked":["Pommel Strike","Cleave"],"picked":"Shrug It Off","floor":13.0},{"not_picked":["Cleave","Anger"],"picked":"Dual Wield","floor":14.0},{"not_picked":["Wild Strike","Anger"],"picked":"Second Wind","floor":17.0},{"not_picked":["Iron Wave","Twin Strike"],"picked":"Armaments","floor":17.0},{"not_picked":["Clash","Anger"],"picked":"Seeing Red","floor":17.0},{"not_picked":["Warcry","Armaments"],"picked":"Power Through","floor":17.0},{"not_picked":["Clash","Pommel Strike"],"picked":"Fiend Fire","floor":17.0},{"not_picked":["Clash","Anger","Wild Strike"],"picked":"SKIP","floor":18.0},{"not_picked":["Pommel Strike","Twin Strike","Rampage"],"picked":"SKIP","floor":20.0},{"not_picked":["Rupture","Body Slam","Intimidate"],"picked":"SKIP","floor":21.0},{"not_picked":["Whirlwind","Anger"],"picked":"Battle Trance","floor":23.0},{"not_picked":["Body Slam","Havoc"],"picked":"Dark Embrace","floor":25.0},{"not_picked":["Battle Trance+1","Wild Strike","Headbutt"],"picked":"SKIP","floor":29.0},{"not_picked":["Reckless Charge","Rupture","Anger"],"picked":"SKIP","floor":31.0},{"not_picked":["Offering","Dark Embrace+1"],"picked":"Barricade+1","floor":33.0},{"not_picked":["Headbutt","Armaments"],"picked":"Dual Wield","floor":35.0},{"not_picked":["Infernal Blade","Intimidate"],"picked":"Feel No Pain+1","floor":36.0},{"not_picked":["Cleave","True Grit","Headbutt"],"picked":"SKIP","floor":37.0},{"not_picked":["Berserk+1","Warcry","Whirlwind"],"picked":"SKIP","floor":41.0},{"not_picked":["Flex","Hemokinesis","Perfected Strike"],"picked":"SKIP","floor":42.0},{"not_picked":["Brutality+1","Bloodletting","Combust+1"],"picked":"SKIP","floor":44.0},{"not_picked":["Iron Wave","Bloodletting"],"picked":"Feel No Pain+1","floor":45.0},{"not_picked":["Bandage Up","Trip"],"picked":"Blind","floor":46.0},{"not_picked":["Twin Strike+1","Cleave","Hemokinesis+1"],"picked":"SKIP","floor":47.0},{"not_picked":["Flex","Pommel Strike","Thunderclap"],"picked":"SKIP","floor":48.0},{"not_picked":["Immolate","Flex"],"picked":"Rage","floor":55.0}],"player_experience":5692287,"relics_obtained":[{"floor":7.0,"key":"Gambling Chip"},{"floor":9.0,"key":"Blood Vial"},{"floor":10.0,"key":"Centennial Puzzle"},{"floor":14.0,"key":"Old Coin"},{"floor":23.0,"key":"Whetstone"},{"floor":25.0,"key":"Boot"},{"floor":26.0,"key":"FossilizedHelix"},{"floor":29.0,"key":"Pen Nib"},{"floor":31.0,"key":"Frozen Egg 2"},{"floor":36.0,"key":"Charon\u0027s Ashes"},{"floor":41.0,"key":"Dream Catcher"},{"floor":44.0,"key":"Shuriken"},{"floor":47.0,"key":"Unceasing Top"},{"floor":55.0,"key":"Bottled Tornado"}],"event_choices":[{"damage_healed":0.0,"max_hp_gain":0.0,"max_hp_loss":0.0,"gold_gain":0.0,"event_name":"Shining Light","player_choice":"Entered Light","floor":2.0,"gold_loss":0.0,"damage_taken":23.0,"cards_upgraded":["Night Terror","Bash"]},{"damage_healed":0.0,"max_hp_gain":0.0,"max_hp_loss":7.0,"gold_gain":0.0,"event_name":"Golden Idol","player_choice":"Lose Max HP","floor":3.0,"gold_loss":0.0,"damage_taken":0.0,"relics_obtained":["Golden Idol"]},{"damage_healed":0.0,"max_hp_gain":0.0,"max_hp_loss":0.0,"gold_gain":75.0,"event_name":"World of Goop","player_choice":"Gather Gold","floor":5.0,"gold_loss":0.0,"damage_taken":11.0},{"cards_removed":["Strike_R"],"damage_healed":0.0,"max_hp_gain":0.0,"max_hp_loss":0.0,"gold_gain":0.0,"event_name":"Golden Wing","player_choice":"Card Removal","floor":11.0,"gold_loss":0.0,"damage_taken":7.0},{"cards_removed":["Strike_R"],"damage_healed":0.0,"max_hp_gain":0.0,"max_hp_loss":0.0,"gold_gain":0.0,"event_name":"The Cleric","player_choice":"Card Removal","floor":12.0,"gold_loss":75.0,"damage_taken":0.0},{"damage_healed":0.0,"max_hp_gain":0.0,"max_hp_loss":0.0,"gold_gain":50.0,"event_name":"Nest","player_choice":"Stole From Cult","floor":22.0,"gold_loss":0.0,"damage_taken":0.0},{"damage_healed":0.0,"max_hp_gain":0.0,"max_hp_loss":0.0,"gold_gain":0.0,"cards_transformed":["Strike_R","Strike_R"],"event_name":"Drug Dealer","player_choice":"Became Test Subject","floor":27.0,"gold_loss":0.0,"damage_taken":0.0,"cards_obtained":["Dropkick","Feel No Pain"]},{"damage_healed":0.0,"max_hp_gain":0.0,"max_hp_loss":0.0,"gold_gain":0.0,"event_name":"The Mausoleum","player_choice":"Ignored","floor":28.0,"gold_loss":0.0,"damage_taken":0.0},{"damage_healed":0.0,"max_hp_gain":0.0,"max_hp_loss":0.0,"gold_gain":0.0,"event_name":"Mysterious Sphere","player_choice":"Fight","floor":36.0,"gold_loss":0.0,"damage_taken":0.0},{"damage_healed":0.0,"max_hp_gain":0.0,"max_hp_loss":3.0,"gold_gain":0.0,"event_name":"Winding Halls","player_choice":"Max HP","floor":39.0,"gold_loss":0.0,"damage_taken":0.0},{"damage_healed":0.0,"max_hp_gain":0.0,"max_hp_loss":0.0,"gold_gain":0.0,"event_name":"SensoryStone","player_choice":"Memory 3","floor":46.0,"gold_loss":0.0,"damage_taken":10.0}],"is_beta":false,"boss_relics":[{"not_picked":["Busted Crown","Ectoplasm"],"picked":"Orrery"},{"not_picked":["Velvet Choker","Fusion Hammer"],"picked":"Philosopher\u0027s Stone"}],"items_purged_floors":[19],"is_endless":false,"potions_floor_spawned":[7,13,14,20,23,31,33,35,45,47],"ascension_level":20}