{"gold_per_floor":[19,33,52,69,86,86,120,8,35,35,51,67,67],"floor_reached":13,"playtime":362,"items_purged":["Strike_R"],"score":178,"play_id":"ed6cdc0c-2381-4293-83a9-7db292e44625","local_time":"20190531003133","is_ascension_mode":true,"campfire_choices":[{"data":"Bash","floor":6,"key":"SMITH"},{"data":"Feel No Pain","floor":10,"key":"SMITH"}],"neow_cost":"NO_GOLD","seed_source_timestamp":356189437697500,"circlet_count":0,"master_deck":["AscendersBane","Strike_R","Strike_R","Strike_R","Strike_R","Defend_R","Defend_R","Defend_R","Defend_R","Bash+1","Anger","Infernal Blade","Clothesline","Infernal Blade","Thunderclap","Brutality","Feel No Pain+1","Corruption","Shrug It Off"],"relics":["Burning Blood","Ginger","Matryoshka","Happy Flower","Pen Nib"],"potions_floor_usage":[7,12],"damage_taken":[{"damage":2,"enemies":"Cultist","floor":1,"turns":4},{"damage":7,"enemies":"Jaw Worm","floor":2,"turns":3},{"damage":3,"enemies":"Small Slimes","floor":3,"turns":2},{"damage":10,"enemies":"Red Slaver","floor":4,"turns":3},{"damage":17,"enemies":"Large Slime","floor":5,"turns":7},{"damage":20,"enemies":"Lagavulin","floor":7,"turns":4},{"damage":5,"enemies":"Exordium Wildlife","floor":11,"turns":3},{"damage":24,"enemies":"Exordium Thugs","floor":12,"turns":4},{"damage":28,"enemies":"3 Sentries","floor":13,"turns":5}],"seed_played":"-6122607121314124788","potions_obtained":[{"floor":2,"key":"Dexterity Potion"},{"floor":4,"key":"SkillPotion"},{"floor":7,"key":"Weak Potion"}],"is_trial":false,"path_per_floor":["M","M","M","M","M","R","E","$","T","R","M","M","E"],"character_chosen":"IRONCLAD","items_purchased":["Feel No Pain"],"campfire_rested":0,"item_purchase_floors":[8],"current_hp_per_floor":[72,71,74,70,59,59,45,45,45,45,46,28,0],"gold":67,"neow_bonus":"ONE_RARE_RELIC","is_prod":false,"is_daily":false,"chose_seed":false,"campfire_upgraded":2,"win_rate":0,"timestamp":1559230293,"path_taken":["M","M","M","M","M","R","E","?","T","R","M","?","E"],"build_version":"2019-01-23","purchased_purges":1,"victory":false,"max_hp_per_floor":[75,75,75,75,75,75,75,75,75,75,75,75,75],"card_choices":[{"not_picked":["Shrug It Off","Warcry"],"picked":"Anger","floor":1},{"not_picked":["Corruption","Body Slam"],"picked":"Infernal Blade","floor":2},{"not_picked":["Wild Strike","Pummel"],"picked":"Clothesline","floor":3},{"not_picked":["Perfected Strike","Flex"],"picked":"Infernal Blade","floor":4},{"not_picked":["Anger","Clothesline"],"picked":"Thunderclap","floor":5},{"not_picked":["Fire Breathing","Blood for Blood"],"picked":"Brutality","floor":7},{"not_picked":["Shockwave","Bloodletting"],"picked":"Corruption","floor":11},{"not_picked":["Heavy Blade","Flame Barrier"],"picked":"Shrug It Off","floor":12}],"player_experience":5217669,"relics_obtained":[{"floor":7,"key":"Matryoshka"},{"floor":9,"key":"Happy Flower"},{"floor":9,"key":"Pen Nib"}],"event_choices":[],"is_beta":false,"boss_relics":[],"items_purged_floors":[8],"is_endless":false,"potions_floor_spawned":[2,4,7],"killed_by":"3 Sentries","ascension_level":20}