{"gold_per_floor":[119,219,219,101,120,136,136,162,187,207,282,282,342,352,352,457,457,473,86,86,101,101,101],"floor_reached":23,"playtime":888,"items_purged":["Decay","Strike_R"],"score":227,"play_id":"15080fe1-f1a4-458a-80f5-cfe166a88989","local_time":"20190704022846","is_ascension_mode":true,"campfire_choices":[{"data":"Bash","floor":7,"key":"SMITH"},{"floor":12,"key":"REST"},{"floor":15,"key":"REST"}],"neow_cost":"NONE","seed_source_timestamp":1085213080720205,"circlet_count":0,"master_deck":["Strike_R","Strike_R","Strike_R","Strike_R","Defend_R","Defend_R","Defend_R","Defend_R","Bash+1","Pommel Strike","ReplayTheSpireMod:LeadingStrike","Armaments+1","Pommel Strike","Whirlwind","strawberrySpire:DebrisPile","Second Wind","strawberrySpire:Hellbender","True Grit","strawberrySpire:CrashLanding","Infernal Blade+1","strawberrySpire:DraftPunk"],"relics":["Burning Blood","NeowsBlessing","hubris:MysteriousPyramids","ReplayTheSpireMod:CursedCoin","Red Skull","Velvet Choker","Juzu Bracelet","conspire:RoyalGoblet"],"potions_floor_usage":[13,14,16],"damage_taken":[{"damage":0,"enemies":"2 Louse","floor":1,"turns":1},{"damage":0,"enemies":"Jaw Worm","floor":5,"turns":1},{"damage":0,"enemies":"Cultist","floor":6,"turns":1},{"damage":45,"enemies":"3 Sentries","floor":8,"turns":9},{"damage":11,"enemies":"Looter","floor":10,"turns":3},{"damage":42,"enemies":"Lagavulin Event","floor":13,"turns":6},{"damage":0,"enemies":"Blue Slaver","floor":14,"turns":2},{"damage":40,"enemies":"Fading Forest","floor":16,"turns":11},{"damage":16,"enemies":"Chosen","floor":18,"turns":6},{"damage":16,"enemies":"Shell Parasite","floor":21,"turns":6},{"damage":69,"enemies":"Nightmare","floor":23,"turns":8}],"seed_played":"6189132811998210097","potions_obtained":[{"floor":1,"key":"SpeedPotion"},{"floor":10,"key":"AttackPotion"},{"floor":13,"key":"AttackPotion"},{"floor":14,"key":"Strength Potion"},{"floor":16,"key":"Strength Potion"}],"is_trial":false,"path_per_floor":["M","?","?","$","M","M","R","E","T","M","$","R","?","M","R","B",null,"M","$","?","M","AVR","NM"],"character_chosen":"IRONCLAD","items_purchased":["ReplayTheSpireMod:LeadingStrike","Armaments+1","ReplayTheSpireMod:CursedCoin","True Grit","Juzu Bracelet","strawberrySpire:CrashLanding"],"campfire_rested":2,"item_purchase_floors":[4,4,11,19,19,19],"current_hp_per_floor":[80,80,80,80,80,80,80,41,41,36,36,60,24,30,54,28,80,70,70,70,60,60,0],"gold":101,"neow_bonus":"THREE_ENEMY_KILL","is_prod":false,"is_daily":false,"chose_seed":false,"campfire_upgraded":1,"win_rate":0,"timestamp":1562203726,"path_taken":["M","?","?","?","?","M","R","E","T","M","$","R","?","M","R","BOSS","M","$","?","M","AVR","NM"],"build_version":"2019-07-01","purchased_purges":2,"victory":false,"max_hp_per_floor":[80,80,80,80,80,80,80,80,80,80,80,80,80,80,80,80,80,80,80,80,80,80,80],"card_choices":[{"not_picked":["conspire:Charge","Replay:Undeath\u0027s Touch"],"picked":"Pommel Strike","floor":1},{"not_picked":["strawberrySpire:PowerStomp","Havoc","vexMod:BloodGuard"],"picked":"SKIP","floor":5},{"not_picked":["Pummel","ReplayTheSpireMod:Limb From Limb"],"picked":"Pommel Strike","floor":6},{"not_picked":["vexMod:CrumblingCrash","vexMod:BattleStance"],"picked":"Whirlwind","floor":8},{"not_picked":["strawberrySpire:Spite","Warcry","Searing Blow"],"picked":"SKIP","floor":10},{"not_picked":["Warcry","Thunderclap"],"picked":"strawberrySpire:DebrisPile","floor":13},{"not_picked":["Thunderclap","Anger"],"picked":"Second Wind","floor":14},{"not_picked":["Immolate","Replay:Many Hands"],"picked":"strawberrySpire:Hellbender","floor":16},{"not_picked":["strawberrySpire:FireDrill+1","Thunderclap","Cleave"],"picked":"SKIP","floor":18},{"not_picked":["Hemokinesis","Body Slam+1"],"picked":"strawberrySpire:DraftPunk","floor":21}],"player_experience":123594,"relics_obtained":[{"floor":8,"key":"hubris:MysteriousPyramids"},{"floor":13,"key":"Red Skull"}],"event_choices":[{"damage_healed":0,"gold_gain":0,"player_choice":"Disagree","damage_taken":0,"max_hp_gain":0,"max_hp_loss":0,"event_name":"conspire:LoneGhost","floor":3,"gold_loss":0},{"damage_healed":0,"gold_gain":30,"player_choice":"Searched \u00272\u0027 times","damage_taken":0,"max_hp_gain":0,"max_hp_loss":0,"event_name":"Dead Adventurer","floor":13,"gold_loss":0}],"is_beta":false,"boss_relics":[{"not_picked":["aspiration:SecretTechniqueScroll","strawberrySpire:RottenAvocado"],"picked":"Velvet Choker"}],"items_purged_floors":[11,19],"is_endless":false,"potions_floor_spawned":[1,10,13,14,16],"killed_by":"Nightmare","ascension_level":4}