{"gold_per_floor":[10,22,37,51,51,51,81,81,81,98,98,109,137,212,212,291,341,355,370,389,100,200,200,29,46,72,72,72,100,37,37,37,37],"floor_reached":33,"playtime":1282,"items_purged":["Strike_G","Strike_G","Defend_G"],"score":600,"play_id":"9c6d21ad-da21-4a4d-9b48-dcf651ce05d3","local_time":"20190525001807","is_ascension_mode":true,"campfire_choices":[{"data":"Venomology","floor":6.0,"key":"SMITH"},{"data":"Underhanded Strike","floor":8.0,"key":"SMITH"},{"data":"Neutralize","floor":11.0,"key":"SMITH"},{"data":"Dagger Spray","floor":15.0,"key":"SMITH"},{"data":"A Thousand Cuts","floor":23,"key":"SMITH"},{"data":"Burst","floor":27,"key":"SMITH"},{"data":"Wraith Form v2","floor":32,"key":"SMITH"}],"neow_cost":"NO_GOLD","seed_source_timestamp":174027062028800,"circlet_count":0,"master_deck":["AscendersBane","Defend_G+1","Defend_G","Defend_G","Strike_G","Survivor","Neutralize+1","Venomology+1","Underhanded Strike+1","Slice","Flying Knee","Burst+1","Dagger Throw","PiercingWail","Night Terror","Dagger Spray+1","A Thousand Cuts+1","Cloak And Dagger","Deadly Poison+1","Cloak And Dagger+1","Footwork+1","Prepared+1","Storm of Steel","Accuracy","Wraith Form v2+1"],"special_seed":0,"relics":["Ring of the Snake","Meat on the Bone","Art of War","Tiny House","Membership Card","Incense Burner","Mercury Hourglass","Potion Belt","Happy Flower","Shuriken"],"potions_floor_usage":[22,22,22,25,29,29,29,33,33,33],"damage_taken":[{"damage":5.0,"enemies":"2 Louse","floor":1.0,"turns":5.0},{"damage":1.0,"enemies":"Cultist","floor":2.0,"turns":4.0},{"damage":6.0,"enemies":"Jaw Worm","floor":3.0,"turns":4.0},{"damage":0.0,"enemies":"2 Fungi Beasts","floor":4.0,"turns":6.0},{"damage":2.0,"enemies":"Lagavulin","floor":7.0,"turns":5.0},{"damage":4.0,"enemies":"Looter","floor":10.0,"turns":3.0},{"damage":11.0,"enemies":"Exordium Wildlife","floor":12.0,"turns":5.0},{"damage":14.0,"enemies":"3 Sentries","floor":13.0,"turns":10.0},{"damage":18.0,"enemies":"Slime Boss","floor":16.0,"turns":7.0},{"damage":14.0,"enemies":"Shell Parasite","floor":18.0,"turns":11.0},{"damage":0.0,"enemies":"3 Byrds","floor":19.0,"turns":3.0},{"damage":32.0,"enemies":"Centurion and Healer","floor":20.0,"turns":7.0},{"damage":28,"enemies":"Colosseum Slavers","floor":22,"turns":7},{"damage":10,"enemies":"Colosseum Nobs","floor":22,"turns":5},{"damage":18,"enemies":"Snake Plant","floor":25,"turns":5},{"damage":0,"enemies":"Gremlin Leader","floor":29,"turns":5},{"damage":77,"enemies":"Automaton","floor":33,"turns":6}],"seed_played":"2382818650357493971","potions_obtained":[{"floor":4.0,"key":"SkillPotion"},{"floor":5.0,"key":"Explosive Potion"},{"floor":7.0,"key":"Explosive Potion"},{"floor":13.0,"key":"Weak Potion"},{"floor":16.0,"key":"EssenceOfSteel"},{"floor":22,"key":"AttackPotion"}],"is_trial":false,"path_per_floor":["M","M","M","M","?","R","E","R","T","M","R","M","E","?","R","B",null,"M","M","M","$","?","R","$","M","T","R","?","E","$","?","R","B"],"character_chosen":"THE_SILENT","items_purchased":["Membership Card","Regen Potion","Potion Belt","Regen Potion"],"campfire_rested":0,"item_purchase_floors":[21,21,24,24],"current_hp_per_floor":[54,53,47,47,47,47,45,45,45,41,41,42,40,29,29,23,60,46,46,26,26,27,27,27,35,35,35,35,47,47,47,47,0],"gold":37,"neow_bonus":"THREE_RARE_CARDS","is_prod":false,"is_daily":false,"chose_seed":false,"campfire_upgraded":7,"win_rate":0,"timestamp":1558711087,"path_taken":["M","M","M","M","?","R","E","R","T","M","R","?","E","?","R","BOSS","M","M","M","$","?","R","$","M","T","R","?","E","?","?","R","BOSS"],"build_version":"2019-01-23","purchased_purges":3,"victory":false,"max_hp_per_floor":[66,66,66,66,66,66,66,66,66,66,66,66,66,66,66,66,71,71,71,71,71,71,71,71,71,71,71,71,71,71,71,71,71],"card_choices":[{"not_picked":["Tools of the Trade","Doppelganger"],"picked":"Venomology","floor":0.0},{"not_picked":["Sucker Punch","Slice"],"picked":"Underhanded Strike","floor":1.0},{"not_picked":["Prepared","Dodge and Roll"],"picked":"Slice","floor":2.0},{"not_picked":["Dodge and Roll","Eviscerate"],"picked":"Flying Knee","floor":3.0},{"not_picked":["Noxious Fumes","Masterful Stab"],"picked":"Burst","floor":4.0},{"not_picked":["Finisher","Dagger Spray"],"picked":"Dagger Throw","floor":7.0},{"not_picked":["Slice","Cloak And Dagger"],"picked":"PiercingWail","floor":10.0},{"not_picked":["Bane","Poisoned Stab"],"picked":"Night Terror","floor":12.0},{"not_picked":["Quick Slash","Outmaneuver"],"picked":"Dagger Spray","floor":13.0},{"not_picked":["Storm of Steel","Envenom"],"picked":"A Thousand Cuts","floor":16.0},{"not_picked":["Dagger Spray","Poisoned Stab"],"picked":"Cloak And Dagger","floor":17.0},{"not_picked":["Finisher","Backflip"],"picked":"Deadly Poison+1","floor":18.0},{"not_picked":["Dagger Throw","Outmaneuver"],"picked":"Cloak And Dagger+1","floor":19.0},{"not_picked":["Blade Dance","Dagger Spray"],"picked":"Footwork+1","floor":20.0},{"not_picked":["Sucker Punch","Flying Knee"],"picked":"Prepared+1","floor":25},{"not_picked":["Footwork","Setup"],"picked":"Wraith Form v2","floor":29}],"player_experience":5137461,"relics_obtained":[{"floor":7.0,"key":"Meat on the Bone"},{"floor":13.0,"key":"Art of War"},{"floor":22,"key":"Incense Burner"},{"floor":22,"key":"Mercury Hourglass"},{"floor":26,"key":"Happy Flower"},{"floor":29,"key":"Shuriken"}],"event_choices":[{"damage_healed":0.0,"max_hp_gain":0.0,"max_hp_loss":0.0,"gold_gain":0.0,"event_name":"Lab","player_choice":"Got Potions","floor":5.0,"gold_loss":0.0,"damage_taken":0.0},{"damage_healed":0.0,"max_hp_gain":0.0,"max_hp_loss":0.0,"gold_gain":75.0,"event_name":"World of Goop","player_choice":"Gather Gold","floor":14.0,"gold_loss":0.0,"damage_taken":11.0},{"damage_healed":0,"gold_gain":0,"player_choice":"Fight","damage_taken":0,"max_hp_gain":0,"max_hp_loss":0,"event_name":"Colosseum","floor":22,"gold_loss":0},{"damage_healed":0,"gold_gain":0,"player_choice":"Fought Nobs","damage_taken":0,"max_hp_gain":0,"max_hp_loss":0,"event_name":"Colosseum","floor":22,"gold_loss":0},{"damage_healed":0,"gold_gain":0,"cards_transformed":["Strike_G","Defend_G"],"player_choice":"Became Test Subject","damage_taken":0,"max_hp_gain":0,"max_hp_loss":0,"event_name":"Drug Dealer","floor":28,"gold_loss":0,"cards_obtained":["Storm of Steel","Accuracy"]},{"cards_removed":["Strike_G"],"damage_healed":0,"gold_gain":0,"player_choice":"Elegance","damage_taken":0,"max_hp_gain":0,"max_hp_loss":0,"event_name":"Back to Basics","floor":31,"gold_loss":0}],"is_beta":false,"boss_relics":[{"not_picked":["Runic Dome","HoveringKite"],"picked":"Tiny House"}],"items_purged_floors":[21,24,30],"is_endless":false,"potions_floor_spawned":[4,7,13,16,22,22,29],"killed_by":"Automaton","ascension_level":20}