{"gold_per_floor":[119,119,144,144,10,54,68,68,120,148,179,202,202,218,218,307,307,325,343,359,54,54,54,70,70],"floor_reached":25,"playtime":730,"items_purged":["Defend_G"],"score":426,"play_id":"16cfec56-1bc4-453c-b1b2-7efd37784e78","local_time":"20190326000254","is_ascension_mode":true,"campfire_choices":[{"floor":8,"key":"REST"},{"data":"Noxious Fumes","floor":15,"key":"SMITH"},{"floor":23,"key":"REST"}],"neow_cost":"NONE","seed_source_timestamp":1037317538826200,"circlet_count":0,"master_deck":["AscendersBane","Defend_G","Defend_G","Defend_G","Defend_G","Strike_G","Strike_G","Strike_G","Strike_G","Strike_G","Survivor","Neutralize","Masterful Stab","Leg Sweep","Expertise","Slice","Backflip","Die Die Die","Infinite Blades","Noxious Fumes+1","PiercingWail","Footwork","Adrenaline","Endless Agony","Reflex+1","Apotheosis+1","Concentrate","Footwork","Prepared"],"relics":["Ring of the Snake","Golden Idol","Strawberry","Bag of Marbles","PreservedInsect","Odd Mushroom","Mercury Hourglass","Runic Dome"],"potions_floor_usage":[20,25,25],"damage_taken":[{"damage":1,"enemies":"Small Slimes","floor":1,"turns":4},{"damage":7,"enemies":"Jaw Worm","floor":3,"turns":4},{"damage":39,"enemies":"3 Sentries","floor":6,"turns":13},{"damage":0,"enemies":"2 Louse","floor":7,"turns":2},{"damage":2,"enemies":"The Mushroom Lair","floor":10,"turns":4},{"damage":3,"enemies":"Gremlin Nob","floor":11,"turns":3},{"damage":0,"enemies":"Large Slime","floor":12,"turns":4},{"damage":0,"enemies":"Gremlin Gang","floor":14,"turns":4},{"damage":16,"enemies":"Hexaghost","floor":16,"turns":11},{"damage":6,"enemies":"3 Byrds","floor":18,"turns":4},{"damage":1,"enemies":"2 Thieves","floor":19,"turns":3},{"damage":6,"enemies":"3 Cultists","floor":20,"turns":4},{"damage":48,"enemies":"Snake Plant","floor":24,"turns":5},{"damage":15,"enemies":"Shelled Parasite and Fungi","floor":25,"turns":5}],"seed_played":"-3282384025455643967","potions_obtained":[{"floor":6,"key":"SpeedPotion"},{"floor":10,"key":"FearPotion"},{"floor":20,"key":"SpeedPotion"}],"is_trial":false,"path_per_floor":["M","?","M","?","$","E","M","R","T","?","E","M","?","M","R","B",null,"M","M","M","$","?","R","M","M"],"character_chosen":"THE_SILENT","items_purchased":["Slice","Apotheosis","Concentrate","Footwork"],"campfire_rested":2,"item_purchase_floors":[5,21,21,21],"current_hp_per_floor":[58,58,51,47,47,8,8,28,28,26,23,23,23,23,23,7,52,46,45,39,39,39,59,11,0],"gold":70,"neow_bonus":"THREE_CARDS","is_prod":false,"is_daily":false,"chose_seed":false,"campfire_upgraded":1,"win_rate":0,"timestamp":1553526174,"path_taken":["M","?","M","?","?","E","M","R","T","?","E","M","?","M","R","BOSS","M","M","?","$","?","R","?","M"],"build_version":"2019-01-23","purchased_purges":1,"victory":false,"max_hp_per_floor":[66,60,60,67,67,67,67,67,67,67,67,67,67,67,67,67,67,67,67,67,67,67,67,67,67],"card_choices":[{"not_picked":["Infinite Blades","Outmaneuver"],"picked":"Masterful Stab","floor":0},{"not_picked":["Outmaneuver","Slice"],"picked":"Leg Sweep","floor":1},{"not_picked":["Bane","Sucker Punch"],"picked":"Expertise","floor":3},{"not_picked":["Cloak And Dagger","Acrobatics"],"picked":"Backflip","floor":6},{"not_picked":["Distraction","Heel Hook"],"picked":"Die Die Die","floor":7},{"not_picked":["Quick Slash","Crippling Poison"],"picked":"Infinite Blades","floor":10},{"not_picked":["Blur","Outmaneuver"],"picked":"Noxious Fumes","floor":11},{"not_picked":["Slice","Choke","Bane"],"picked":"SKIP","floor":12},{"not_picked":["Infinite Blades","Masterful Stab"],"picked":"Footwork","floor":14},{"not_picked":["Unload","Storm of Steel"],"picked":"Adrenaline","floor":16},{"not_picked":["Escape Plan","Cloak And Dagger"],"picked":"Endless Agony","floor":18},{"not_picked":["Skewer","Poisoned Stab","Slice"],"picked":"SKIP","floor":19},{"not_picked":["Flechettes","Poisoned Stab"],"picked":"Reflex+1","floor":20},{"not_picked":["Skewer","Bane"],"picked":"Prepared","floor":24}],"player_experience":4622866,"relics_obtained":[{"floor":6,"key":"Bag of Marbles"},{"floor":9,"key":"PreservedInsect"},{"floor":10,"key":"Odd Mushroom"},{"floor":11,"key":"Mercury Hourglass"}],"event_choices":[{"damage_healed":0,"gold_gain":0,"player_choice":"Lose Max HP","damage_taken":0,"relics_obtained":["Golden Idol"],"max_hp_gain":0,"max_hp_loss":6,"event_name":"Golden Idol","floor":2,"gold_loss":0},{"damage_healed":0,"gold_gain":0,"player_choice":"Success","damage_taken":11,"relics_obtained":["Strawberry"],"max_hp_gain":0,"max_hp_loss":0,"event_name":"Scrap Ooze","floor":4,"gold_loss":0},{"damage_healed":0,"gold_gain":0,"player_choice":"Fought Mushrooms","damage_taken":0,"max_hp_gain":0,"max_hp_loss":0,"event_name":"Mushrooms","floor":10,"gold_loss":0},{"damage_healed":0,"gold_gain":0,"player_choice":"1 cards matched","damage_taken":0,"max_hp_gain":0,"max_hp_loss":0,"event_name":"Match and Keep!","floor":13,"gold_loss":0,"cards_obtained":["PiercingWail"]},{"damage_healed":0,"gold_gain":0,"player_choice":"Forge","damage_taken":0,"max_hp_gain":0,"max_hp_loss":0,"event_name":"Accursed Blacksmith","floor":22,"gold_loss":0,"cards_upgraded":["Apotheosis"]}],"is_beta":false,"boss_relics":[{"not_picked":["HoveringKite","Fusion Hammer"],"picked":"Runic Dome"}],"items_purged_floors":[5],"is_endless":false,"potions_floor_spawned":[6,10,11,14,20],"killed_by":"Shelled Parasite and Fungi","ascension_level":20}