{"gold_per_floor":[117,134,134,145,163,189,206,206,256,287,287,304,336,346,346,419,419,436,436,351,351,163,163],"floor_reached":23,"playtime":905,"items_purged":["Strike_G"],"score":422,"play_id":"a3a0d3db-d4e0-474a-92b2-eed2d27e9636","local_time":"20190612005720","is_ascension_mode":true,"campfire_choices":[{"floor":8,"key":"REST"},{"floor":11,"key":"REST"},{"floor":15,"key":"REST"}],"neow_cost":"NONE","seed_source_timestamp":1394009849525800,"circlet_count":0,"master_deck":["AscendersBane","Defend_G","Defend_G","Defend_G","Defend_G","Defend_G","Strike_G","Strike_G","Survivor","Neutralize","Dagger Throw","Crippling Poison","Terror","Tactician","Predator","Dagger Spray","Burst","Crippling Poison","Crippling Poison","Well Laid Plans","Die Die Die","Cloak And Dagger","Well Laid Plans","Leg Sweep","Deadly Poison","Calculated Gamble"],"relics":["Ring of the Snake","Regal Pillow","Ginger","Bag of Preparation","Happy Flower","Calipers","Ornamental Fan","Sozu","Question Card"],"potions_floor_usage":[6,16],"damage_taken":[{"damage":9,"enemies":"Cultist","floor":1,"turns":6},{"damage":0,"enemies":"2 Louse","floor":2,"turns":4},{"damage":0,"enemies":"Small Slimes","floor":4,"turns":5},{"damage":15,"enemies":"Exordium Thugs","floor":5,"turns":4},{"damage":16,"enemies":"Gremlin Nob","floor":6,"turns":4},{"damage":7,"enemies":"Looter","floor":7,"turns":4},{"damage":39,"enemies":"3 Sentries","floor":10,"turns":8},{"damage":1,"enemies":"Blue Slaver","floor":12,"turns":2},{"damage":26,"enemies":"Lagavulin","floor":13,"turns":6},{"damage":1,"enemies":"Exordium Wildlife","floor":14,"turns":3},{"damage":12,"enemies":"The Guardian","floor":16,"turns":11},{"damage":15,"enemies":"Shell Parasite","floor":18,"turns":5},{"damage":54,"enemies":"Book of Stabbing","floor":23,"turns":5}],"seed_played":"2876949378243880182","potions_obtained":[{"floor":1,"key":"FairyPotion"},{"floor":2,"key":"PowerPotion"},{"floor":7,"key":"Dexterity Potion"},{"floor":16,"key":"FearPotion"}],"is_trial":false,"path_per_floor":["M","M","T","M","M","E","M","R","T","E","R","M","E","M","R","B",null,"M","?","?","?","$","E"],"character_chosen":"THE_SILENT","items_purchased":["Deadly Poison","Calculated Gamble"],"campfire_rested":3,"item_purchase_floors":[22,22],"current_hp_per_floor":[50,50,50,50,35,19,12,46,46,7,41,40,14,13,47,35,58,43,43,43,43,43,0],"gold":163,"neow_bonus":"RANDOM_COMMON_RELIC","is_prod":false,"is_daily":false,"chose_seed":false,"campfire_upgraded":0,"win_rate":0,"timestamp":1560268640,"path_taken":["M","M","?","M","M","E","M","R","T","E","R","M","E","M","R","BOSS","M","?","?","?","$","E"],"build_version":"2019-01-23","purchased_purges":1,"victory":false,"max_hp_per_floor":[66,66,66,66,66,66,66,66,66,66,66,66,66,66,66,66,66,66,66,66,66,66,66],"card_choices":[{"not_picked":["Sucker Punch","Setup"],"picked":"Dagger Throw","floor":1},{"not_picked":["Concentrate","Acrobatics"],"picked":"Crippling Poison","floor":2},{"not_picked":["Flying Knee","Deflect"],"picked":"Terror","floor":4},{"not_picked":["Backflip","Dagger Throw"],"picked":"Tactician","floor":5},{"not_picked":["Acrobatics","Blade Dance"],"picked":"Predator","floor":6},{"not_picked":["Blur","Prepared"],"picked":"Dagger Spray","floor":7},{"not_picked":["Eviscerate","Calculated Gamble"],"picked":"Burst","floor":10},{"not_picked":["Bane","Flying Knee"],"picked":"Crippling Poison","floor":12},{"not_picked":["Outmaneuver","Slice"],"picked":"Crippling Poison","floor":13},{"not_picked":["Blade Dance","Infinite Blades"],"picked":"Well Laid Plans","floor":14},{"not_picked":["Phantasmal Killer","Bullet Time"],"picked":"Die Die Die","floor":16},{"not_picked":["Outmaneuver","Infinite Blades"],"picked":"Cloak And Dagger","floor":18}],"player_experience":5330092,"relics_obtained":[{"floor":3,"key":"Ginger"},{"floor":6,"key":"Bag of Preparation"},{"floor":9,"key":"Happy Flower"},{"floor":10,"key":"Calipers"},{"floor":13,"key":"Ornamental Fan"}],"event_choices":[{"damage_healed":0,"gold_gain":0,"cards_transformed":["Strike_G","Strike_G"],"player_choice":"Became Test Subject","damage_taken":0,"max_hp_gain":0,"max_hp_loss":0,"event_name":"Drug Dealer","floor":19,"gold_loss":0,"cards_obtained":["Well Laid Plans","Leg Sweep"]},{"damage_healed":0,"gold_gain":0,"player_choice":"Obtained Relic","damage_taken":0,"relics_obtained":["Question Card"],"max_hp_gain":0,"max_hp_loss":0,"event_name":"Addict","floor":20,"gold_loss":85},{"damage_healed":0,"gold_gain":0,"player_choice":"Ignored","damage_taken":0,"max_hp_gain":0,"max_hp_loss":0,"event_name":"N\u0027loth","floor":21,"gold_loss":0}],"is_beta":false,"boss_relics":[{"not_picked":["Runic Pyramid","Tiny House"],"picked":"Sozu"}],"items_purged_floors":[22],"is_endless":false,"potions_floor_spawned":[1,2,7,14,16],"killed_by":"Book of Stabbing","ascension_level":20}