{"gold_per_floor":[111,130,144,158,169,169,197,213,240,259,49,49,49,76,76,151,151,165,175,202,25,25,58,58,84,84,84,97,123,139,154,154,231,231,242,253,271,493,35,70,70,170,195,195,17,65,100,120,120,120,120,120,120,32,32],"floor_reached":55,"playtime":2747,"items_purged":["Strike_G","Parasite"],"score":2119,"play_id":"81e89f48-36df-4694-8f35-cbbfaae01751","local_time":"20190711025541","is_ascension_mode":true,"campfire_choices":[{"data":"Choke","floor":6.0,"key":"SMITH"},{"floor":13.0,"key":"REST"},{"data":"Apotheosis","floor":15.0,"key":"SMITH"},{"floor":24.0,"key":"REST"},{"floor":27.0,"key":"REST"},{"floor":32.0,"key":"RECALL"},{"floor":49.0,"key":"REST"},{"floor":53,"key":"REST"}],"neow_cost":"PERCENT_DAMAGE","seed_source_timestamp":30415026180600,"circlet_count":0,"master_deck":["AscendersBane","Strike_G","Strike_G","Strike_G","Defend_G","Defend_G","Defend_G","Defend_G","Defend_G","Survivor","Neutralize","Backflip","Choke+1","Deflect","Flechettes","Die Die Die","Bouncing Flask","PiercingWail","Apotheosis+1","Cloak And Dagger","Adrenaline","Acrobatics+1","Footwork","Calculated Gamble","Deadly Poison+1","Noxious Fumes","Well Laid Plans","Footwork+1","Wraith Form v2+1"],"special_seed":0,"relics":["Ring of the Snake","The Specimen","Pen Nib","Vajra","Busted Crown","Red Mask","Orichalcum","Oddly Smooth Stone","WingedGreaves","PreservedInsect","Cursed Key","Calipers","Shuriken","Thread and Needle","Nunchaku","Frozen Egg 2"],"potions_floor_usage":[],"damage_taken":[{"damage":0.0,"enemies":"2 Louse","floor":1.0,"turns":4.0},{"damage":2.0,"enemies":"Jaw Worm","floor":2.0,"turns":7.0},{"damage":0.0,"enemies":"Cultist","floor":3.0,"turns":4.0},{"damage":14.0,"enemies":"Lots of Slimes","floor":4.0,"turns":4.0},{"damage":5.0,"enemies":"Blue Slaver","floor":5.0,"turns":4.0},{"damage":20.0,"enemies":"Lagavulin","floor":7.0,"turns":7.0},{"damage":0.0,"enemies":"3 Louse","floor":8.0,"turns":1.0},{"damage":3.0,"enemies":"2 Fungi Beasts","floor":10.0,"turns":3.0},{"damage":19.0,"enemies":"3 Sentries","floor":14.0,"turns":6.0},{"damage":0.0,"enemies":"Slime Boss","floor":16.0,"turns":3.0},{"damage":3.0,"enemies":"Spheric Guardian","floor":18.0,"turns":3.0},{"damage":3.0,"enemies":"2 Thieves","floor":19.0,"turns":3.0},{"damage":40.0,"enemies":"Masked Bandits","floor":20.0,"turns":4.0},{"damage":0.0,"enemies":"Book of Stabbing","floor":23.0,"turns":5.0},{"damage":0.0,"enemies":"Slavers","floor":25.0,"turns":4.0},{"damage":3.0,"enemies":"Shelled Parasite and Fungi","floor":28.0,"turns":3.0},{"damage":2.0,"enemies":"Book of Stabbing","floor":29.0,"turns":5.0},{"damage":9.0,"enemies":"Cultist and Chosen","floor":30.0,"turns":5.0},{"damage":7.0,"enemies":"Centurion and Healer","floor":31.0,"turns":5.0},{"damage":12.0,"enemies":"Automaton","floor":33.0,"turns":13.0},{"damage":17.0,"enemies":"3 Darklings","floor":35.0,"turns":4.0},{"damage":0.0,"enemies":"3 Shapes","floor":36.0,"turns":5.0},{"damage":0.0,"enemies":"Transient","floor":37.0,"turns":6.0},{"damage":5.0,"enemies":"Nemesis","floor":40.0,"turns":7.0},{"damage":0.0,"enemies":"Mind Bloom Boss Battle","floor":42.0,"turns":5.0},{"damage":3.0,"enemies":"2 Orb Walkers","floor":46.0,"turns":5.0},{"damage":34.0,"enemies":"Reptomancer","floor":47.0,"turns":7.0},{"damage":0.0,"enemies":"Jaw Worm Horde","floor":48.0,"turns":5.0},{"damage":10.0,"enemies":"Awakened One","floor":50.0,"turns":23.0},{"damage":9,"enemies":"Donu and Deca","floor":51,"turns":12},{"damage":77,"enemies":"Shield and Spear","floor":55,"turns":8}],"seed_played":"7356601142301395928","potions_obtained":[{"floor":3.0,"key":"Swift Potion"},{"floor":4.0,"key":"SpeedPotion"},{"floor":5.0,"key":"Strength Potion"},{"floor":8.0,"key":"FearPotion"},{"floor":20.0,"key":"Weak Potion"},{"floor":23.0,"key":"Poison Potion"},{"floor":25.0,"key":"Energy Potion"},{"floor":31.0,"key":"Fire Potion"},{"floor":33.0,"key":"SteroidPotion"},{"floor":37.0,"key":"EntropicBrew"},{"floor":42.0,"key":"PowerPotion"},{"floor":46.0,"key":"Dexterity Potion"},{"floor":47.0,"key":"AttackPotion"}],"is_trial":false,"path_per_floor":["M","M","M","M","M","R","E","M","T","M","$","?","R","E","R","B",null,"M","M","?","$","?","E","R","E","T","R","M","E","M","M","R","B",null,"M","M","M","?","$","E","?","?","T","?","$","?","E","M","R","B","B",null,"R","$","E"],"character_chosen":"THE_SILENT","items_purchased":["Apotheosis","Footwork","Calculated Gamble","Calipers","Noxious Fumes","Well Laid Plans","Wraith Form v2+1"],"campfire_rested":5,"item_purchase_floors":[11,21,21,39,39,45,54],"current_hp_per_floor":[56,54,54,40,35,35,15,15,15,12,12,5,28,9,9,9,61,58,55,15,15,15,15,38,38,38,61,58,56,47,40,40,28,66,49,49,49,49,49,44,44,44,44,44,44,41,7,7,28,18,9,56,71,71,0],"gold":32,"neow_bonus":"TWENTY_PERCENT_HP_BONUS","is_prod":false,"is_daily":false,"chose_seed":false,"campfire_upgraded":2,"win_rate":0,"timestamp":1562781341,"path_taken":["M","M","M","M","M","R","E","M","T","M","$","?","R","E","R","BOSS","M","M","?","$","?","E","R","E","T","R","?","E","M","M","R","BOSS","M","?","M","?","$","E","?","?","T","?","$","?","E","?","R","BOSS","BOSS","R","$","E"],"build_version":"2019-07-05","purchased_purges":2,"victory":false,"max_hp_per_floor":[78,78,78,78,78,78,78,78,78,78,78,78,78,78,78,78,78,78,78,78,78,78,78,78,78,78,78,78,78,78,78,78,78,78,78,78,78,78,78,78,74,74,74,74,71,71,71,71,71,71,71,71,71,71,71],"card_choices":[{"not_picked":["Expertise","Acrobatics"],"picked":"Backflip","floor":1.0},{"not_picked":["Quick Slash","Setup"],"picked":"Endless Agony","floor":2.0},{"not_picked":["Calculated Gamble","Dodge and Roll"],"picked":"Choke","floor":3.0},{"not_picked":["Sucker Punch","Riddle With Holes"],"picked":"Deflect","floor":4.0},{"not_picked":["Deflect","Bane"],"picked":"Flechettes","floor":5.0},{"not_picked":["Well Laid Plans","Bane"],"picked":"Die Die Die","floor":7.0},{"not_picked":["Poisoned Stab","Deflect"],"picked":"Bouncing Flask","floor":8.0},{"not_picked":["Setup","Riddle With Holes"],"picked":"PiercingWail","floor":10.0},{"not_picked":["Slice","Deflect"],"picked":"Cloak And Dagger","floor":14.0},{"not_picked":["Night Terror","Bullet Time"],"picked":"Adrenaline","floor":16.0},{"not_picked":["Poisoned Stab"],"picked":"SKIP","floor":18.0},{"not_picked":["Deflect"],"picked":"SKIP","floor":19.0},{"not_picked":[],"picked":"Acrobatics+1","floor":20.0},{"not_picked":["Dagger Throw"],"picked":"SKIP","floor":23.0},{"not_picked":["Sucker Punch+1"],"picked":"SKIP","floor":25.0},{"not_picked":["Deadly Poison"],"picked":"SKIP","floor":28.0},{"not_picked":["Flying Knee"],"picked":"SKIP","floor":29.0},{"not_picked":["Flying Knee"],"picked":"SKIP","floor":30.0},{"not_picked":["Heel Hook"],"picked":"SKIP","floor":31.0},{"not_picked":[],"picked":"Deadly Poison+1","floor":35.0},{"not_picked":["Backstab"],"picked":"SKIP","floor":36.0},{"not_picked":["Underhanded Strike"],"picked":"SKIP","floor":37.0},{"not_picked":["Deadly Poison+1"],"picked":"SKIP","floor":40.0},{"not_picked":[],"picked":"Footwork+1","floor":46.0},{"not_picked":["Sucker Punch"],"picked":"SKIP","floor":47.0},{"not_picked":["Storm of Steel"],"picked":"SKIP","floor":48.0},{"not_picked":["Storm of Steel"],"picked":"SKIP","floor":48.0}],"player_experience":5645364,"relics_obtained":[{"floor":7.0,"key":"The Specimen"},{"floor":9.0,"key":"Pen Nib"},{"floor":14.0,"key":"Vajra"},{"floor":20.0,"key":"Red Mask"},{"floor":23.0,"key":"Orichalcum"},{"floor":25.0,"key":"Oddly Smooth Stone"},{"floor":26.0,"key":"WingedGreaves"},{"floor":29.0,"key":"PreservedInsect"},{"floor":40.0,"key":"Shuriken"},{"floor":42.0,"key":"Thread and Needle"},{"floor":46.0,"key":"Nunchaku"},{"floor":47.0,"key":"Frozen Egg 2"}],"event_choices":[{"cards_removed":["Strike_G"],"damage_healed":0.0,"max_hp_gain":0.0,"max_hp_loss":0.0,"gold_gain":0.0,"event_name":"Golden Wing","player_choice":"Card Removal","floor":12.0,"gold_loss":0.0,"damage_taken":7.0},{"damage_healed":0.0,"max_hp_gain":0.0,"max_hp_loss":0.0,"gold_gain":0.0,"event_name":"Masked Bandits","player_choice":"Fought Bandits","floor":20.0,"gold_loss":0.0,"damage_taken":0.0},{"damage_healed":0.0,"max_hp_gain":0.0,"max_hp_loss":0.0,"gold_gain":0.0,"event_name":"N\u0027loth","player_choice":"Ignored","floor":22.0,"gold_loss":0.0,"damage_taken":0.0},{"damage_healed":0.0,"max_hp_gain":0.0,"max_hp_loss":0.0,"gold_gain":222.0,"event_name":"Tomb of Lord Red Mask","player_choice":"Wore Mask","floor":38.0,"gold_loss":0.0,"damage_taken":0.0},{"damage_healed":0.0,"max_hp_gain":0.0,"max_hp_loss":4.0,"gold_gain":0.0,"event_name":"Winding Halls","player_choice":"Max HP","floor":41.0,"gold_loss":0.0,"damage_taken":0.0},{"damage_healed":0.0,"max_hp_gain":0.0,"max_hp_loss":0.0,"gold_gain":0.0,"event_name":"MindBloom","player_choice":"Fight","floor":42.0,"gold_loss":0.0,"damage_taken":0.0},{"cards_removed":["Endless Agony"],"damage_healed":0.0,"max_hp_gain":0.0,"max_hp_loss":0.0,"gold_gain":0.0,"event_name":"Falling","player_choice":"Removed Attack","floor":44.0,"gold_loss":0.0,"damage_taken":0.0},{"damage_healed":0.0,"max_hp_gain":0.0,"max_hp_loss":0.0,"gold_gain":0.0,"event_name":"Mysterious Sphere","player_choice":"Fight","floor":46.0,"gold_loss":0.0,"damage_taken":0.0}],"is_beta":false,"boss_relics":[{"not_picked":["Eternal Feather","Velvet Choker"],"picked":"Busted Crown"},{"not_picked":["Calling Bell","WristBlade"],"picked":"Cursed Key"}],"items_purged_floors":[39,45],"is_endless":false,"potions_floor_spawned":[3,4,5,8,20,23,25,31,33,37,42,46,47],"killed_by":"Shield and Spear","ascension_level":20}