{"gold_per_floor":[112,112,126,144,159,190,190,221,244,276,276,355,355,371,371,448,448,463,482,188,188,113,148,148,38,62,82,95,113,113,123,123,123],"floor_reached":33,"playtime":1011,"items_purged":["Strike_G"],"score":624,"play_id":"6a5dea7a-eb41-4ebb-8cfb-0673dbcab62c","local_time":"20190326003002","is_ascension_mode":true,"campfire_choices":[{"floor":7,"key":"REST"},{"floor":13,"key":"REST"},{"data":"Deadly Poison","floor":15,"key":"SMITH"},{"data":"Acrobatics","floor":24,"key":"SMITH"},{"data":"Crippling Poison","floor":30,"key":"SMITH"},{"floor":32,"key":"REST"}],"neow_cost":"PERCENT_DAMAGE","seed_source_timestamp":1038664544069900,"circlet_count":0,"master_deck":["AscendersBane","Defend_G","Defend_G","Defend_G","Defend_G","Strike_G","Strike_G","Survivor","Neutralize","Deadly Poison+1","All Out Attack","Backstab+1","Backstab","PiercingWail","Riddle With Holes","Venomology","Unload","Quick Slash","Eviscerate","Expertise","Footwork","Backflip","Acrobatics+1","Crippling Poison+1","Dodge and Roll"],"relics":["Ring of the Snake","Pocketwatch","Paper Crane","Potion Belt","Orichalcum","Bag of Marbles","HoveringKite","Bottled Flame","Regal Pillow"],"potions_floor_usage":[6,6,18,23,33,33,33,33],"damage_taken":[{"damage":0,"enemies":"2 Louse","floor":1,"turns":4},{"damage":0,"enemies":"Cultist","floor":3,"turns":3},{"damage":4,"enemies":"Small Slimes","floor":4,"turns":3},{"damage":2,"enemies":"2 Fungi Beasts","floor":5,"turns":3},{"damage":10,"enemies":"Lagavulin","floor":6,"turns":6},{"damage":18,"enemies":"Gremlin Nob","floor":8,"turns":4},{"damage":22,"enemies":"Lagavulin","floor":10,"turns":7},{"damage":0,"enemies":"Blue Slaver","floor":14,"turns":1},{"damage":10,"enemies":"The Guardian","floor":16,"turns":12},{"damage":5,"enemies":"Spheric Guardian","floor":18,"turns":3},{"damage":8,"enemies":"Shell Parasite","floor":19,"turns":4},{"damage":0,"enemies":"Slavers","floor":23,"turns":5},{"damage":3,"enemies":"Centurion and Healer","floor":27,"turns":3},{"damage":0,"enemies":"Snake Plant","floor":28,"turns":1},{"damage":8,"enemies":"Cultist and Chosen","floor":29,"turns":5},{"damage":0,"enemies":"Centurion and Healer","floor":31,"turns":3},{"damage":71,"enemies":"Automaton","floor":33,"turns":14}],"seed_played":"2673337103896570746","potions_obtained":[{"floor":1,"key":"Fire Potion"},{"floor":4,"key":"Block Potion"},{"floor":14,"key":"Energy Potion"},{"floor":23,"key":"SkillPotion"},{"floor":27,"key":"GhostInAJar"},{"floor":31,"key":"PowerPotion"}],"is_trial":false,"path_per_floor":["M","?","M","M","M","E","R","E","T","E","?","?","R","M","R","B",null,"M","M","$","?","?","E","R","?","T","M","M","M","R","M","R","B"],"character_chosen":"THE_SILENT","items_purchased":["Eviscerate","Expertise","Footwork"],"campfire_rested":3,"item_purchase_floors":[20,20,20],"current_hp_per_floor":[44,44,44,40,38,28,47,29,29,7,7,7,26,26,26,16,54,49,41,41,41,41,41,41,41,41,38,38,30,30,30,64,0],"gold":123,"neow_bonus":"ONE_RARE_RELIC","is_prod":false,"is_daily":false,"chose_seed":false,"campfire_upgraded":3,"win_rate":0,"timestamp":1553527802,"path_taken":["M","?","M","M","?","E","R","E","T","E","?","?","R","M","R","BOSS","M","M","$","?","?","E","R","?","T","M","?","M","R","?","R","BOSS"],"build_version":"2019-01-23","purchased_purges":1,"victory":false,"max_hp_per_floor":[66,66,66,66,66,66,66,66,66,66,66,66,66,66,66,66,66,66,66,66,66,66,66,66,66,66,66,66,66,66,66,66,66],"card_choices":[{"not_picked":["Flechettes","Accuracy"],"picked":"Deadly Poison","floor":1},{"not_picked":["Deflect","Accuracy"],"picked":"All Out Attack","floor":3},{"not_picked":["Setup","Eviscerate","Slice"],"picked":"SKIP","floor":4},{"not_picked":["Underhanded Strike","Blade Dance"],"picked":"Backstab","floor":5},{"not_picked":["Deadly Poison","Choke"],"picked":"Backstab","floor":6},{"not_picked":["Distraction","Outmaneuver"],"picked":"PiercingWail","floor":8},{"not_picked":["Slice","All Out Attack"],"picked":"Riddle With Holes","floor":10},{"not_picked":["Acrobatics","Blade Dance"],"picked":"Venomology","floor":14},{"not_picked":["Envenom","After Image"],"picked":"Unload","floor":16},{"not_picked":["Flying Knee","Deflect"],"picked":"Quick Slash","floor":18},{"not_picked":["Eviscerate","Slice","Cloak And Dagger"],"picked":"SKIP","floor":19},{"not_picked":["Dodge and Roll","Dagger Throw"],"picked":"Acrobatics","floor":23},{"not_picked":["Calculated Gamble","Slice"],"picked":"Crippling Poison","floor":27},{"not_picked":["Dash","Venomology"],"picked":"Dodge and Roll","floor":28},{"not_picked":["Choke","Slice","Deadly Poison"],"picked":"SKIP","floor":29},{"not_picked":["Caltrops","Bane","Deflect"],"picked":"SKIP","floor":31}],"player_experience":4624180,"relics_obtained":[{"floor":6,"key":"Paper Crane"},{"floor":8,"key":"Potion Belt"},{"floor":9,"key":"Orichalcum"},{"floor":10,"key":"Bag of Marbles"},{"floor":23,"key":"Bottled Flame"},{"floor":26,"key":"Regal Pillow"}],"event_choices":[{"cards_removed":["Defend_G"],"damage_healed":0,"gold_gain":0,"player_choice":"Purged","damage_taken":0,"max_hp_gain":0,"max_hp_loss":0,"event_name":"Purifier","floor":2,"gold_loss":0},{"damage_healed":0,"gold_gain":0,"player_choice":"Ignored","damage_taken":0,"max_hp_gain":0,"max_hp_loss":0,"event_name":"Liars Game","floor":11,"gold_loss":0},{"damage_healed":0,"gold_gain":79,"player_choice":"Gained Gold","damage_taken":0,"max_hp_gain":0,"max_hp_loss":0,"event_name":"Golden Wing","floor":12,"gold_loss":0},{"damage_healed":0,"gold_gain":0,"player_choice":"Read","damage_taken":0,"max_hp_gain":0,"max_hp_loss":0,"event_name":"The Library","floor":21,"gold_loss":0,"cards_obtained":["Backflip"]},{"cards_removed":["Strike_G"],"damage_healed":0,"gold_gain":0,"player_choice":"Gave Gold","damage_taken":0,"max_hp_gain":0,"max_hp_loss":0,"event_name":"Beggar","floor":22,"gold_loss":75},{"cards_removed":["Strike_G"],"damage_healed":0,"gold_gain":0,"player_choice":"Upgrade and Remove","damage_taken":0,"max_hp_gain":0,"max_hp_loss":0,"event_name":"Designer","floor":25,"gold_loss":110,"cards_upgraded":["Backstab"]}],"is_beta":false,"boss_relics":[{"not_picked":["Velvet Choker","Runic Dome"],"picked":"HoveringKite"}],"items_purged_floors":[20],"is_endless":false,"potions_floor_spawned":[1,4,5,14,23,27,31],"killed_by":"Automaton","ascension_level":20}