{"gold_per_floor":[10,10,26,38,53,53,85,85,112,127,139,158,29,54,54,54],"floor_reached":16,"playtime":451,"items_purged":["Strike_R"],"score":228,"play_id":"3ae2c6a2-6bf7-4484-b017-5302191bef7a","local_time":"20190502001316","is_ascension_mode":true,"campfire_choices":[{"data":"True Grit","floor":6.0,"key":"SMITH"},{"data":"Blood for Blood","floor":8,"key":"SMITH"},{"data":"True Grit","floor":15,"key":"SMITH"}],"neow_cost":"NO_GOLD","seed_source_timestamp":940085222845300,"circlet_count":0,"master_deck":["AscendersBane","Strike_R","Strike_R","Defend_R","Defend_R","Defend_R","Defend_R","Bash","True Grit+1","Blood for Blood+1","Rampage","Intimidate","True Grit+1"],"special_seed":0,"relics":["Burning Blood","Potion Belt","Anchor","Bag of Preparation"],"potions_floor_usage":[7,7,16,16],"damage_taken":[{"damage":7.0,"enemies":"2 Louse","floor":1.0,"turns":4.0},{"damage":12.0,"enemies":"Jaw Worm","floor":3.0,"turns":6.0},{"damage":5.0,"enemies":"Cultist","floor":4.0,"turns":4.0},{"damage":33.0,"enemies":"Exordium Thugs","floor":5.0,"turns":7.0},{"damage":8,"enemies":"Gremlin Nob","floor":7,"turns":3},{"damage":6,"enemies":"3 Louse","floor":10,"turns":4},{"damage":1,"enemies":"Looter","floor":11,"turns":4},{"damage":10,"enemies":"Large Slime","floor":12,"turns":6},{"damage":16,"enemies":"Lagavulin","floor":14,"turns":7},{"damage":66,"enemies":"Slime Boss","floor":16,"turns":6}],"seed_played":"7797981207079073612","potions_obtained":[{"floor":3.0,"key":"AttackPotion"},{"floor":5.0,"key":"FearPotion"},{"floor":7,"key":"SpeedPotion"},{"floor":11,"key":"Energy Potion"}],"is_trial":false,"path_per_floor":["M","?","M","M","M","R","E","R","T","M","M","M","$","E","R","B"],"character_chosen":"IRONCLAD","items_purchased":["AttackPotion"],"campfire_rested":0,"item_purchase_floors":[13],"current_hp_per_floor":[67,72,66,67,40,40,38,38,38,38,43,39,39,29,29,0],"gold":54,"neow_bonus":"REMOVE_TWO","is_prod":false,"is_daily":false,"chose_seed":false,"campfire_upgraded":3,"win_rate":0,"timestamp":1556723596,"path_taken":["M","?","M","M","M","R","E","R","T","M","M","M","$","E","R","BOSS"],"build_version":"2019-01-23","purchased_purges":1,"victory":false,"max_hp_per_floor":[75,80,80,80,80,80,80,80,80,80,80,80,80,80,80,80],"card_choices":[{"not_picked":["Perfected Strike","Sentinel"],"picked":"True Grit","floor":1.0},{"not_picked":["Shockwave","Disarm"],"picked":"Blood for Blood","floor":3.0},{"not_picked":["Whirlwind","Metallicize"],"picked":"Rampage","floor":4.0},{"not_picked":["Anger","True Grit","Twin Strike"],"picked":"SKIP","floor":5.0},{"not_picked":["Rampage","True Grit","Havoc"],"picked":"SKIP","floor":7},{"not_picked":["Headbutt","Perfected Strike"],"picked":"Intimidate","floor":10},{"not_picked":["Cleave","Clothesline","True Grit"],"picked":"SKIP","floor":11},{"not_picked":["Spot Weakness","Twin Strike","Corruption"],"picked":"SKIP","floor":12},{"not_picked":["Juggernaut","Entrench"],"picked":"True Grit","floor":14}],"player_experience":4886567,"relics_obtained":[{"floor":7,"key":"Potion Belt"},{"floor":9,"key":"Anchor"},{"floor":14,"key":"Bag of Preparation"}],"event_choices":[{"damage_healed":0.0,"max_hp_gain":5.0,"max_hp_loss":0.0,"gold_gain":0.0,"event_name":"Big Fish","player_choice":"Donut","floor":2.0,"gold_loss":0.0,"damage_taken":0.0}],"is_beta":false,"boss_relics":[],"items_purged_floors":[13],"is_endless":false,"potions_floor_spawned":[3,5,7,11],"killed_by":"Slime Boss","ascension_level":20}