{"gold_per_floor":[11,30,40,51,51,51,51,10,10,44,61,61,61,78,78,157,157,171,86,98,148,183,183,194,194,266,279,314,274,6,39,39,116,116,136,358,370,388,22,22,55,55,79,79,79],"floor_reached":45,"playtime":1563,"items_purged":["Defend_B"],"score":1012,"play_id":"7d3cdc7a-2ea6-47e7-994f-f0d62455bdea","local_time":"20190712023436","is_ascension_mode":true,"campfire_choices":[{"floor":6,"key":"REST"},{"data":"Consume","floor":12,"key":"SMITH"},{"data":"Static Discharge","floor":15,"key":"SMITH"},{"data":"Defragment","floor":23,"key":"SMITH"},{"data":"Turbo","floor":25,"key":"SMITH"},{"floor":32,"key":"REST"},{"data":"Heatsinks","floor":40,"key":"SMITH"}],"neow_cost":"NO_GOLD","seed_source_timestamp":116924722155600,"circlet_count":0,"master_deck":["AscendersBane","Strike_B","Defend_B","Defend_B","Zap","Dualcast","Leap","Doom and Gloom","Static Discharge+1","Turbo+1","Skim","Redo","Consume+1","Defragment+1","Skim","Echo Form","Sunder+1","Cold Snap+1","Chill+1","Double Energy","Reboot","Force Field","Heatsinks+1","Coolheaded","Defragment","Reboot","Skim"],"relics":["Cracked Core","Meat on the Bone","Question Card","Sozu","Strawberry","Red Mask","Cables","Ancient Tea Set","Sundial","Orichalcum","Orrery","Runic Capacitor","Kunai"],"potions_floor_usage":[28],"damage_taken":[{"damage":11,"enemies":"Small Slimes","floor":1,"turns":4},{"damage":9,"enemies":"2 Louse","floor":2,"turns":2},{"damage":2,"enemies":"Jaw Worm","floor":3,"turns":3},{"damage":12,"enemies":"Looter","floor":4,"turns":3},{"damage":21,"enemies":"3 Sentries","floor":10,"turns":6},{"damage":26,"enemies":"Lots of Slimes","floor":11,"turns":3},{"damage":4,"enemies":"Large Slime","floor":14,"turns":4},{"damage":29,"enemies":"Hexaghost","floor":16,"turns":5},{"damage":17,"enemies":"Shell Parasite","floor":18,"turns":4},{"damage":4,"enemies":"Chosen","floor":20,"turns":3},{"damage":21,"enemies":"Masked Bandits","floor":22,"turns":2},{"damage":24,"enemies":"Snecko","floor":24,"turns":5},{"damage":1,"enemies":"Sentry and Sphere","floor":27,"turns":4},{"damage":13,"enemies":"Book of Stabbing","floor":28,"turns":5},{"damage":31,"enemies":"Slavers","floor":31,"turns":4},{"damage":34,"enemies":"Collector","floor":33,"turns":9},{"damage":4,"enemies":"Orb Walker","floor":35,"turns":3},{"damage":5,"enemies":"3 Shapes","floor":37,"turns":5},{"damage":21,"enemies":"Spire Growth","floor":38,"turns":5},{"damage":13,"enemies":"Nemesis","floor":41,"turns":9},{"damage":50,"enemies":"Reptomancer","floor":45,"turns":2}],"seed_played":"-8781897889176193598","potions_obtained":[{"floor":1,"key":"EssenceOfSteel"},{"floor":4,"key":"SteroidPotion"}],"is_trial":false,"path_per_floor":["M","M","M","M","?","R","?","$","T","E","M","R","?","M","R","B",null,"M","?","M","?","?","R","M","R","T","M","E","?","$","E","R","B",null,"M","?","M","M","$","R","E","$","T","?","E"],"character_chosen":"DEFECT","items_purchased":["Consume","Sundial","Runic Capacitor","Reboot"],"campfire_rested":2,"item_purchase_floors":[8,30,39,39],"current_hp_per_floor":[53,44,42,30,23,44,67,67,67,46,32,32,32,40,40,23,59,42,49,45,45,36,36,24,24,24,35,34,34,34,15,38,16,63,59,59,54,45,45,45,44,44,44,44,0],"gold":79,"neow_bonus":"TRANSFORM_TWO_CARDS","is_prod":false,"is_daily":false,"chose_seed":false,"campfire_upgraded":5,"win_rate":0,"timestamp":1562866476,"path_taken":["M","M","M","M","?","R","?","?","T","E","M","R","?","?","R","BOSS","M","?","M","?","?","R","M","R","T","M","E","?","$","E","R","BOSS","M","?","M","M","$","R","E","?","T","?","E"],"build_version":"2019-07-05","purchased_purges":1,"victory":false,"max_hp_per_floor":[71,71,71,71,71,71,71,71,71,71,71,71,71,71,71,71,71,71,78,78,78,78,78,78,78,78,78,78,78,78,78,78,78,78,78,78,78,78,78,78,78,78,78,74,74],"card_choices":[{"not_picked":["Lockon","Coolheaded"],"picked":"Static Discharge","floor":1},{"not_picked":["Hologram","Capacitor"],"picked":"Turbo","floor":2},{"not_picked":["Gash","Force Field"],"picked":"Skim","floor":3},{"not_picked":["Beam Cell","Go for the Eyes"],"picked":"Redo","floor":4},{"not_picked":["Go for the Eyes","Chaos"],"picked":"Defragment","floor":10},{"not_picked":["Beam Cell","Go for the Eyes","Streamline","Consume"],"picked":"SKIP","floor":11},{"not_picked":["Beam Cell","Compile Driver","Stack"],"picked":"Skim","floor":14},{"not_picked":["Buffer","Creative AI","Amplify"],"picked":"Echo Form","floor":16},{"not_picked":["Auto Shields","Redo","Conserve Battery"],"picked":"Sunder+1","floor":18},{"not_picked":["Rebound","Beam Cell","Conserve Battery"],"picked":"Cold Snap+1","floor":20},{"not_picked":["Steam Power","Static Discharge","Chaos"],"picked":"Chill+1","floor":22},{"not_picked":["Stack","Beam Cell","Consume","Cold Snap"],"picked":"SKIP","floor":24},{"not_picked":["Redo","Steam","Tempest","Rebound"],"picked":"SKIP","floor":27},{"not_picked":["Stack","Darkness","Beam Cell+1","Conserve Battery"],"picked":"SKIP","floor":28},{"not_picked":["BootSequence","Cold Snap","Go for the Eyes"],"picked":"Double Energy","floor":31},{"not_picked":["All For One","Seek","Core Surge"],"picked":"Reboot","floor":33},{"not_picked":["Blizzard","Gash","Thunder Strike"],"picked":"Force Field","floor":34},{"not_picked":["Defragment","Streamline","Force Field"],"picked":"Heatsinks","floor":34},{"not_picked":["Compile Driver","Turbo+1","Sweeping Beam+1"],"picked":"Coolheaded","floor":35},{"not_picked":["Multi-Cast","Barrage","Gash","Turbo"],"picked":"SKIP","floor":37},{"not_picked":["Ball Lightning","Redo","Stack"],"picked":"Defragment","floor":38},{"not_picked":["Rainbow","Barrage+1","Ball Lightning+1"],"picked":"Skim","floor":41}],"player_experience":5653419,"relics_obtained":[{"floor":9,"key":"Meat on the Bone"},{"floor":10,"key":"Question Card"},{"floor":22,"key":"Red Mask"},{"floor":26,"key":"Cables"},{"floor":28,"key":"Ancient Tea Set"},{"floor":31,"key":"Orichalcum"},{"floor":41,"key":"Kunai"}],"event_choices":[{"cards_removed":["Strike_B"],"damage_healed":0,"gold_gain":0,"player_choice":"Card Removal","damage_taken":7,"max_hp_gain":0,"max_hp_loss":0,"event_name":"Golden Wing","floor":5,"gold_loss":0},{"damage_healed":23,"gold_gain":0,"player_choice":"Banana","damage_taken":0,"max_hp_gain":0,"max_hp_loss":0,"event_name":"Big Fish","floor":7,"gold_loss":0},{"cards_removed":["Strike_B"],"damage_healed":0,"gold_gain":0,"player_choice":"Purged","damage_taken":0,"max_hp_gain":0,"max_hp_loss":0,"event_name":"Purifier","floor":13,"gold_loss":0},{"damage_healed":0,"gold_gain":0,"player_choice":"Obtained Relic","damage_taken":0,"relics_obtained":["Strawberry"],"max_hp_gain":0,"max_hp_loss":0,"event_name":"Addict","floor":19,"gold_loss":85},{"damage_healed":0,"gold_gain":50,"player_choice":"Stole From Cult","damage_taken":0,"max_hp_gain":0,"max_hp_loss":0,"event_name":"Nest","floor":21,"gold_loss":0},{"damage_healed":0,"gold_gain":0,"player_choice":"Fought Bandits","damage_taken":0,"max_hp_gain":0,"max_hp_loss":0,"event_name":"Masked Bandits","floor":22,"gold_loss":0},{"damage_healed":0,"gold_gain":0,"player_choice":"Bought 3 Potions","damage_taken":0,"max_hp_gain":0,"max_hp_loss":0,"event_name":"The Woman in Blue","floor":29,"gold_loss":0},{"damage_healed":0,"gold_gain":222,"player_choice":"Wore Mask","damage_taken":0,"max_hp_gain":0,"max_hp_loss":0,"event_name":"Tomb of Lord Red Mask","floor":36,"gold_loss":0},{"damage_healed":0,"gold_gain":0,"player_choice":"Max HP","damage_taken":0,"max_hp_gain":0,"max_hp_loss":4,"event_name":"Winding Halls","floor":44,"gold_loss":0}],"is_beta":false,"boss_relics":[{"not_picked":["Pandora\u0027s Box","Cursed Key"],"picked":"Sozu"},{"not_picked":["Busted Crown","FrozenCore"],"picked":"Orrery"}],"items_purged_floors":[39],"is_endless":false,"potions_floor_spawned":[1,4,10,22,24,27,28,33,35],"killed_by":"Reptomancer","ascension_level":20}