{"gold_per_floor":[113,127,37,37,47,47,66,66,66,66,96,152,169,189,189,189],"floor_reached":16,"playtime":371,"items_purged":[],"score":163,"play_id":"cdf0bec4-0b5a-4840-9641-484e017a711f","local_time":"20190710021946","is_ascension_mode":true,"campfire_choices":[{"data":"Bash","floor":6,"key":"SMITH"},{"data":"Pummel","floor":8,"key":"SMITH"},{"data":"Rampage","floor":10,"key":"SMITH"},{"data":"Perfected Strike","floor":15,"key":"SMITH"}],"neow_cost":"NONE","seed_source_timestamp":1603596716012179,"circlet_count":0,"master_deck":["AscendersBane","Strike_R","Strike_R","Strike_R","Strike_R","Strike_R","Defend_R","Defend_R","Defend_R","Defend_R","Bash+1","Pummel+1","Ghostly Armor","Sword Boomerang","Rampage+1","Pommel Strike","Perfected Strike+1","Wild Strike","Pommel Strike"],"relics":["Burning Blood","Smiling Mask","Question Card","Ice Cream"],"potions_floor_usage":[16],"damage_taken":[{"damage":11,"enemies":"2 Louse","floor":1,"turns":3},{"damage":0,"enemies":"Small Slimes","floor":2,"turns":3},{"damage":0,"enemies":"Cultist","floor":5,"turns":4},{"damage":16,"enemies":"Large Slime","floor":7,"turns":5},{"damage":30,"enemies":"Lagavulin","floor":11,"turns":7},{"damage":11,"enemies":"Looter","floor":13,"turns":2},{"damage":14,"enemies":"Red Slaver","floor":14,"turns":2},{"damage":36,"enemies":"Hexaghost","floor":16,"turns":9}],"seed_played":"8078588592878182396","potions_obtained":[{"floor":1,"key":"GamblersBrew"},{"floor":7,"key":"Swift Potion"}],"is_trial":false,"path_per_floor":["M","M","$","?","M","R","M","R","T","R","E","?","M","M","R","B"],"character_chosen":"IRONCLAD","items_purchased":["Sword Boomerang","Rampage"],"campfire_rested":0,"item_purchase_floors":[3,3],"current_hp_per_floor":[67,73,73,73,79,79,69,69,69,69,45,45,40,32,32,0],"gold":189,"neow_bonus":"RANDOM_COMMON_RELIC","is_prod":false,"is_daily":false,"chose_seed":false,"campfire_upgraded":4,"win_rate":0,"timestamp":1562721586,"path_taken":["M","M","$","?","M","R","M","R","T","R","E","?","M","M","R","BOSS"],"build_version":"2019-07-05","purchased_purges":0,"victory":false,"max_hp_per_floor":[80,80,80,80,80,80,80,80,80,80,80,80,80,80,80,80],"card_choices":[{"not_picked":["Havoc","Intimidate"],"picked":"Pummel","floor":1},{"not_picked":["Headbutt","Warcry"],"picked":"Ghostly Armor","floor":2},{"not_picked":["Spot Weakness","Headbutt"],"picked":"Pommel Strike","floor":5},{"not_picked":["Infernal Blade","Intimidate","Fire Breathing"],"picked":"SKIP","floor":7},{"not_picked":["Anger","Shrug It Off","Sentinel"],"picked":"Perfected Strike","floor":11},{"not_picked":["Dark Embrace","Pummel","Havoc"],"picked":"Wild Strike","floor":13},{"not_picked":["Flex","Warcry","Iron Wave"],"picked":"Pommel Strike","floor":14}],"player_experience":325268,"relics_obtained":[{"floor":9,"key":"Question Card"},{"floor":11,"key":"Ice Cream"}],"event_choices":[{"damage_healed":0,"gold_gain":0,"player_choice":"Ignored","damage_taken":0,"max_hp_gain":0,"max_hp_loss":0,"event_name":"Liars Game","floor":4,"gold_loss":0},{"damage_healed":0,"gold_gain":56,"player_choice":"Gained Gold","damage_taken":0,"max_hp_gain":0,"max_hp_loss":0,"event_name":"Golden Wing","floor":12,"gold_loss":0}],"is_beta":false,"boss_relics":[],"items_purged_floors":[],"is_endless":false,"potions_floor_spawned":[1,7,14],"killed_by":"Hexaghost","ascension_level":12}