{"gold_per_floor":[112,62,62,80,94,155,155,10,59,84,115,140,10,10,10,10],"floor_reached":16,"playtime":2485,"items_purged":[],"score":116,"play_id":"80235ea9-975e-45b4-98eb-611e1e68a602","local_time":"20190720134216","is_ascension_mode":true,"campfire_choices":[{"floor":7,"key":"RECALL"},{"floor":15,"key":"REST"}],"neow_cost":"NONE","seed_source_timestamp":846559970818500,"circlet_count":0,"master_deck":["Strike_B","Strike_B","Strike_B","Defend_B","Defend_B","Defend_B","Defend_B","Zap","Dualcast","Ball Lightning","Redo","Reboot","FTL","Thunder Strike","Blizzard","Coolheaded","Capacitor","Static Discharge"],"relics":["Cracked Core","Golden Idol","Tiny Chest","Lantern","Mummified Hand","Turnip"],"potions_floor_usage":[11,11,16,16],"damage_taken":[{"damage":1,"enemies":"Jaw Worm","floor":1,"turns":4},{"damage":6,"enemies":"2 Louse","floor":4,"turns":3},{"damage":5,"enemies":"Small Slimes","floor":5,"turns":3},{"damage":32,"enemies":"Gremlin Nob","floor":6,"turns":4},{"damage":18,"enemies":"Exordium Wildlife","floor":10,"turns":4},{"damage":6,"enemies":"Lagavulin","floor":11,"turns":5},{"damage":5,"enemies":"Looter","floor":12,"turns":2},{"damage":26,"enemies":"The Guardian","floor":16,"turns":6}],"seed_played":"3505640646367322223","potions_obtained":[{"floor":5,"key":"Poison Potion"},{"floor":6,"key":"Weak Potion"},{"floor":11,"key":"Explosive Potion"}],"is_trial":false,"path_per_floor":["M","?","?","M","M","E","R","$","T","M","E","M","$","?","R","B"],"character_chosen":"DEFECT","items_purchased":["Thunder Strike","Static Discharge","Block Potion"],"campfire_rested":1,"item_purchase_floors":[8,13,13],"current_hp_per_floor":[81,81,76,70,65,33,33,33,33,15,9,4,4,4,26,0],"gold":10,"neow_bonus":"TEN_PERCENT_HP_BONUS","is_prod":false,"is_daily":false,"chose_seed":false,"campfire_upgraded":0,"win_rate":0,"timestamp":1563648136,"path_taken":["M","?","?","M","M","E","R","?","T","M","E","M","$","?","R","BOSS"],"build_version":"2019-07-17","purchased_purges":0,"victory":false,"max_hp_per_floor":[82,82,76,76,76,76,76,76,76,76,76,76,76,76,76,76],"card_choices":[{"not_picked":["Go for the Eyes","Rebound"],"picked":"Ball Lightning","floor":1},{"not_picked":["Chaos","Steam"],"picked":"Redo","floor":4},{"not_picked":["Beam Cell","Gash"],"picked":"Reboot","floor":5},{"not_picked":["Turbo","Skim"],"picked":"FTL","floor":6},{"not_picked":["Rebound","Beam Cell"],"picked":"Blizzard","floor":10},{"not_picked":["Redo","Cold Snap"],"picked":"Coolheaded","floor":11},{"not_picked":["Gash","Ball Lightning"],"picked":"Capacitor","floor":12}],"player_experience":111456,"relics_obtained":[{"floor":6,"key":"Tiny Chest"},{"floor":9,"key":"Lantern"},{"floor":11,"key":"Mummified Hand"}],"event_choices":[{"cards_removed":["Strike_B"],"damage_healed":0,"gold_gain":0,"player_choice":"Card Removal","damage_taken":0,"max_hp_gain":0,"max_hp_loss":0,"event_name":"The Cleric","floor":2,"gold_loss":50},{"damage_healed":0,"gold_gain":0,"player_choice":"Lose Max HP","damage_taken":0,"relics_obtained":["Golden Idol"],"max_hp_gain":0,"max_hp_loss":6,"event_name":"Golden Idol","floor":3,"gold_loss":0},{"damage_healed":0,"gold_gain":0,"player_choice":"Searched \u00271\u0027 times","damage_taken":0,"relics_obtained":["Turnip"],"max_hp_gain":0,"max_hp_loss":0,"event_name":"Dead Adventurer","floor":14,"gold_loss":0}],"is_beta":false,"boss_relics":[],"items_purged_floors":[],"is_endless":false,"potions_floor_spawned":[5,6,11],"killed_by":"The Guardian","ascension_level":1}