{"gold_per_floor":[117,20,32,32,51,81,99,99,99,99,99,99,64,89,89,189,189,199,298,317,317,4,4,14,14,14,29,48,48,64,64,64,166,166,180,180,195,205,170,170,170,188,215,140,153,153,153,153,153,153],"floor_reached":51,"playtime":2921,"items_purged":["Strike_B"],"score":630,"play_id":"158941d9-07ad-4fe2-ba1a-ec3ecfc2eada","local_time":"20190111223831","is_ascension_mode":false,"campfire_choices":[{"data":"Zap","floor":8,"key":"SMITH"},{"data":"Buffer","floor":11,"key":"SMITH"},{"data":"Rip and Tear","floor":15,"key":"SMITH"},{"data":"Go for the Eyes","floor":23,"key":"SMITH"},{"data":"Consume","floor":29,"key":"SMITH"},{"floor":32,"key":"REST"},{"data":"Machine Learning","floor":40,"key":"SMITH"},{"data":"Defragment","floor":47,"key":"SMITH"},{"data":"Madness","floor":49,"key":"SMITH"}],"neow_cost":"NONE","seed_source_timestamp":175767923426710,"circlet_count":0,"master_deck":["Strike_B","Defend_B","Defend_B","Defend_B+1","Zap+1","Dualcast","Rip and Tear+1","Conserve Battery+1","Bandage Up","Genetic Algorithm","Buffer+1","Melter","Cold Snap","Cold Snap","Capacitor","Electrodynamics","Cold Snap","Go for the Eyes+1","Coolheaded","Consume+1","FTL","Machine Learning+1","Lockon","Redo","Defragment+1","Conserve Battery+1","Double Energy+1","Madness+1","Madness","Defragment+1"],"relics":["Cracked Core","Pantograph","Mummified Hand","Bronze Scales","Dodecahedron","Empty Cage","MutagenicStrength","Matryoshka","Pen Nib","Letter Opener","Lantern","Question Card","Busted Crown","War Paint"],"potions_floor_usage":[14,18,28,33,50,50,50],"damage_taken":[{"damage":0,"enemies":"Cultist","floor":1,"turns":3},{"damage":0,"enemies":"2 Louse","floor":3,"turns":3},{"damage":0,"enemies":"Jaw Worm","floor":5,"turns":3},{"damage":30,"enemies":"Gremlin Nob","floor":6,"turns":4},{"damage":10,"enemies":"Large Slime","floor":7,"turns":7},{"damage":5,"enemies":"Lagavulin","floor":14,"turns":6},{"damage":39,"enemies":"Hexaghost","floor":16,"turns":10},{"damage":0,"enemies":"3 Byrds","floor":18,"turns":3},{"damage":8,"enemies":"Shell Parasite","floor":20,"turns":4},{"damage":13,"enemies":"3 Cultists","floor":24,"turns":5},{"damage":10,"enemies":"Cultist and Chosen","floor":27,"turns":6},{"damage":5,"enemies":"Shelled Parasite and Fungi","floor":28,"turns":3},{"damage":0,"enemies":"3 Cultists","floor":30,"turns":3},{"damage":17,"enemies":"Champ","floor":33,"turns":14},{"damage":5,"enemies":"Orb Walker","floor":35,"turns":3},{"damage":8,"enemies":"3 Darklings","floor":37,"turns":4},{"damage":0,"enemies":"Maw","floor":38,"turns":8},{"damage":14,"enemies":"4 Shapes","floor":42,"turns":3},{"damage":2,"enemies":"Transient","floor":45,"turns":5},{"damage":43,"enemies":"Time Eater","floor":50,"turns":14}],"seed_played":"-6723195408073181865","potions_obtained":[{"floor":5,"key":"PowerPotion"},{"floor":7,"key":"EssenceOfSteel"},{"floor":14,"key":"Swift Potion"},{"floor":16,"key":"GamblersBrew"},{"floor":24,"key":"AttackPotion"},{"floor":27,"key":"SkillPotion"},{"floor":28,"key":"Ancient Potion"},{"floor":38,"key":"Dexterity Potion"},{"floor":41,"key":"FocusPotion"}],"is_trial":false,"path_per_floor":["M","$","M","?","M","E","M","R","T","?","R","?","?","E","R","B",null,"M","?","M","?","$","R","M","$","T","M","M","R","M","T","R","B",null,"M","$","M","M","$","R","?","M","T","$","M","?","R","?","R","B",null],"character_chosen":"DEFECT","items_purchased":["Bandage Up","Matryoshka","Coolheaded","Defragment"],"campfire_rested":1,"item_purchase_floors":[2,22,22,39],"current_hp_per_floor":[75,75,75,75,75,45,39,39,39,64,64,57,75,70,70,40,75,75,75,71,71,71,71,58,58,58,52,51,51,51,51,73,62,75,70,70,66,70,70,70,70,60,60,60,62,53,53,53,53,35],"gold":153,"neow_bonus":"TRANSFORM_CARD","is_prod":false,"is_daily":false,"chose_seed":false,"campfire_upgraded":8,"win_rate":0.0,"timestamp":1547264311,"path_taken":["M","$","?","?","M","E","?","R","T","?","R","?","?","E","R","BOSS","M","?","M","?","$","R","M","?","T","M","M","R","M","?","R","BOSS","M","$","M","M","$","R","?","M","T","?","M","?","R","?","R","BOSS"],"build_version":"2019-01-10","purchased_purges":1,"victory":true,"max_hp_per_floor":[75,75,75,75,75,75,75,75,75,75,75,75,75,75,75,75,75,75,75,75,75,75,75,75,75,75,75,75,75,75,75,75,75,75,75,75,75,75,75,75,75,75,75,75,75,75,75,75,75,75],"card_choices":[{"not_picked":["Ball Lightning","Double Energy"],"picked":"Conserve Battery","floor":1},{"not_picked":["Chill","Rip and Tear"],"picked":"Genetic Algorithm","floor":3},{"not_picked":["Sweeping Beam","Steam"],"picked":"Melter","floor":5},{"not_picked":["Fusion","BootSequence"],"picked":"Cold Snap","floor":6},{"not_picked":["FTL","Tempest"],"picked":"Cold Snap","floor":7},{"not_picked":["Reprogram","Chaos"],"picked":"Capacitor","floor":14},{"not_picked":["Rainbow","Reboot"],"picked":"Electrodynamics","floor":16},{"not_picked":["Beam Cell","Steam"],"picked":"Cold Snap","floor":18},{"not_picked":["Barrage","Cold Snap"],"picked":"Go for the Eyes","floor":20},{"not_picked":["Self Repair+1","Reprogram"],"picked":"Consume","floor":24},{"not_picked":["Go for the Eyes","Hello World+1"],"picked":"FTL","floor":27},{"not_picked":["Conserve Battery","Compile Driver","Turbo"],"picked":"SKIP","floor":28},{"not_picked":["Hologram","Go for the Eyes","Barrage"],"picked":"SKIP","floor":30},{"not_picked":["Fission","Core Surge","Meteor Strike"],"picked":"Machine Learning","floor":33},{"not_picked":["Force Field+1","Rebound"],"picked":"SKIP","floor":35},{"not_picked":["Turbo+1"],"picked":"Lockon","floor":37},{"not_picked":["Compile Driver"],"picked":"Redo","floor":38},{"not_picked":["Beam Cell"],"picked":"Conserve Battery+1","floor":42},{"not_picked":["Ball Lightning"],"picked":"Double Energy+1","floor":45}],"player_experience":66405,"relics_obtained":[{"floor":6,"key":"Pantograph"},{"floor":9,"key":"Mummified Hand"},{"floor":14,"key":"Dodecahedron"},{"floor":26,"key":"Pen Nib"},{"floor":26,"key":"Letter Opener"},{"floor":31,"key":"Lantern"},{"floor":31,"key":"Question Card"},{"floor":43,"key":"War Paint"}],"event_choices":[{"damage_healed":0,"gold_gain":0,"player_choice":"1 cards matched","damage_taken":0,"max_hp_gain":0,"max_hp_loss":0,"event_name":"Match and Keep!","floor":4,"gold_loss":0,"cards_obtained":["Buffer"]},{"damage_healed":25,"gold_gain":0,"player_choice":"Banana","damage_taken":0,"max_hp_gain":0,"max_hp_loss":0,"event_name":"Big Fish","floor":10,"gold_loss":0},{"damage_healed":0,"gold_gain":0,"player_choice":"Success","damage_taken":7,"relics_obtained":["Bronze Scales"],"max_hp_gain":0,"max_hp_loss":0,"event_name":"Scrap Ooze","floor":12,"gold_loss":0},{"damage_healed":18,"gold_gain":0,"player_choice":"Healed","damage_taken":0,"max_hp_gain":0,"max_hp_loss":0,"event_name":"The Cleric","floor":13,"gold_loss":35},{"damage_healed":0,"gold_gain":99,"player_choice":"Stole From Cult","damage_taken":0,"max_hp_gain":0,"max_hp_loss":0,"event_name":"Nest","floor":19,"gold_loss":0},{"damage_healed":0,"gold_gain":0,"player_choice":"Inject Mutagens","damage_taken":0,"relics_obtained":["MutagenicStrength"],"max_hp_gain":0,"max_hp_loss":0,"event_name":"Drug Dealer","floor":21,"gold_loss":0},{"damage_healed":0,"gold_gain":0,"player_choice":"Got Potions","damage_taken":0,"max_hp_gain":0,"max_hp_loss":0,"event_name":"Lab","floor":41,"gold_loss":0},{"damage_healed":0,"gold_gain":0,"player_choice":"Embrace Madness","damage_taken":9,"max_hp_gain":0,"max_hp_loss":0,"event_name":"Winding Halls","floor":46,"gold_loss":0,"cards_obtained":["Madness","Madness"]},{"damage_healed":0,"gold_gain":0,"player_choice":"Copied","damage_taken":0,"max_hp_gain":0,"max_hp_loss":0,"event_name":"Duplicator","floor":48,"gold_loss":0,"cards_obtained":["Defragment"]}],"is_beta":false,"boss_relics":[{"not_picked":["Cursed Key","Nuclear Battery"],"picked":"Empty Cage"},{"not_picked":["FrozenCore","Black Star"],"picked":"Busted Crown"}],"items_purged_floors":[44],"is_endless":false,"potions_floor_spawned":[5,7,14,16,24,27,28,38,45],"ascension_level":0}