{"gold_per_floor":[116,134,152,163,183,215,215,228,228,228,252,252,252],"floor_reached":13,"playtime":454,"items_purged":[],"score":174,"play_id":"d9cbdfe2-eadb-46bf-81f4-bd1022fdba92","local_time":"20190609003613","is_ascension_mode":true,"campfire_choices":[{"data":"Juggernaut","floor":7,"key":"SMITH"},{"data":"Offering","floor":10,"key":"SMITH"}],"neow_cost":"NONE","seed_source_timestamp":1133986348567800,"circlet_count":0,"master_deck":["AscendersBane","Strike_R","Strike_R","Strike_R","Strike_R","Defend_R","Defend_R","Defend_R","Defend_R","Bash","Juggernaut+1","Shrug It Off","Anger","Iron Wave","Flame Barrier","Demon Form","Offering+1","Heavy Blade"],"relics":["Burning Blood","Juzu Bracelet","Odd Mushroom"],"potions_floor_usage":[6,8,13],"damage_taken":[{"damage":12,"enemies":"Small Slimes","floor":1,"turns":4},{"damage":14,"enemies":"2 Louse","floor":2,"turns":3},{"damage":1,"enemies":"Cultist","floor":3,"turns":4},{"damage":7,"enemies":"Looter","floor":4,"turns":3},{"damage":4,"enemies":"Red Slaver","floor":5,"turns":5},{"damage":27,"enemies":"Gremlin Nob","floor":6,"turns":4},{"damage":18,"enemies":"Gremlin Gang","floor":8,"turns":5},{"damage":14,"enemies":"The Mushroom Lair","floor":11,"turns":6},{"damage":26,"enemies":"Lagavulin","floor":13,"turns":5}],"seed_played":"-2934549443906702277","potions_obtained":[{"floor":4,"key":"Swift Potion"},{"floor":5,"key":"SteroidPotion"},{"floor":8,"key":"SneckoOil"}],"is_trial":false,"path_per_floor":["M","M","M","M","M","E","R","M","T","R","?","?","E"],"character_chosen":"IRONCLAD","items_purchased":[],"campfire_rested":0,"item_purchase_floors":[],"current_hp_per_floor":[62,54,59,58,60,39,39,27,27,27,19,19,0],"gold":252,"neow_bonus":"ONE_RANDOM_RARE_CARD","is_prod":false,"is_daily":false,"chose_seed":false,"campfire_upgraded":2,"win_rate":0,"timestamp":1560008173,"path_taken":["M","M","M","M","M","E","R","M","T","R","?","?","E"],"build_version":"2019-01-23","purchased_purges":0,"victory":false,"max_hp_per_floor":[75,75,75,75,75,75,75,75,75,75,75,75,75],"card_choices":[{"not_picked":["Twin Strike","Cleave"],"picked":"Shrug It Off","floor":1},{"not_picked":["Pommel Strike","Reaper"],"picked":"Anger","floor":2},{"not_picked":["Sever Soul","Clash"],"picked":"Iron Wave","floor":3},{"not_picked":["Clash","Armaments"],"picked":"Flame Barrier","floor":4},{"not_picked":["Warcry","Clash"],"picked":"Demon Form","floor":5},{"not_picked":["Rampage","True Grit"],"picked":"Offering","floor":6},{"not_picked":["Thunderclap","Warcry"],"picked":"Heavy Blade","floor":8}],"player_experience":5299091,"relics_obtained":[{"floor":6,"key":"Juzu Bracelet"},{"floor":11,"key":"Odd Mushroom"}],"event_choices":[{"damage_healed":0,"gold_gain":0,"player_choice":"Fought Mushrooms","damage_taken":0,"max_hp_gain":0,"max_hp_loss":0,"event_name":"Mushrooms","floor":11,"gold_loss":0},{"cards_removed":["Strike_R"],"damage_healed":0,"gold_gain":0,"player_choice":"Forget","damage_taken":0,"max_hp_gain":0,"max_hp_loss":0,"event_name":"Living Wall","floor":12,"gold_loss":0}],"is_beta":false,"boss_relics":[],"items_purged_floors":[],"is_endless":false,"potions_floor_spawned":[4,5,8],"killed_by":"Lagavulin","ascension_level":20}