{"gold_per_floor":[117,3,3,3,14,39,114,148,148,148,178,194,194,144,144,249,249,263,263,282,300,300],"floor_reached":22,"playtime":825,"items_purged":["Defend_B"],"score":202,"play_id":"f22ec7b6-92bf-489e-9094-36efcc03cc4a","local_time":"20190719164632","is_ascension_mode":true,"campfire_choices":[{"floor":10,"key":"RECALL"},{"floor":13,"key":"REST"},{"data":"Lockon","floor":15,"key":"SMITH"}],"neow_cost":"NONE","seed_source_timestamp":772871194424200,"circlet_count":0,"master_deck":["Strike_B","Strike_B","Strike_B","Defend_B","Defend_B","Defend_B","Zap","Dualcast","Cold Snap","Heatsinks","Regret","Loop","Turbo","Lockon+1","Tempest","Core Surge","Redo+1","Writhe","Ball Lightning","Cold Snap"],"relics":["Cracked Core","Emotion Chip","Incense Burner","Lantern","Tiny Chest","Inserter","Centennial Puzzle"],"potions_floor_usage":[8,21],"damage_taken":[{"damage":3,"enemies":"Jaw Worm","floor":1,"turns":4},{"damage":2,"enemies":"Small Slimes","floor":5,"turns":3},{"damage":18,"enemies":"Gremlin Nob","floor":6,"turns":4},{"damage":20,"enemies":"3 Sentries","floor":8,"turns":10},{"damage":0,"enemies":"2 Louse","floor":12,"turns":1},{"damage":13,"enemies":"Slime Boss","floor":16,"turns":6},{"damage":14,"enemies":"2 Thieves","floor":18,"turns":4},{"damage":11,"enemies":"Spheric Guardian","floor":20,"turns":3},{"damage":37,"enemies":"Snake Plant","floor":21,"turns":4},{"damage":25,"enemies":"3 Cultists","floor":22,"turns":3}],"seed_played":"-8638880650631148470","potions_obtained":[{"floor":6,"key":"Dexterity Potion"},{"floor":16,"key":"FearPotion"},{"floor":20,"key":"Weak Potion"}],"is_trial":false,"path_per_floor":["M","$","?","$","M","E","?","E","T","R","?","M","R","?","R","B",null,"M","?","M","M","M"],"character_chosen":"DEFECT","items_purchased":["Heatsinks"],"campfire_rested":1,"item_purchase_floors":[2],"current_hp_per_floor":[79,79,79,79,77,59,48,28,28,28,25,25,49,49,49,36,82,68,68,57,20,0],"gold":300,"neow_bonus":"TEN_PERCENT_HP_BONUS","is_prod":false,"is_daily":false,"chose_seed":false,"campfire_upgraded":1,"win_rate":0,"timestamp":1563572792,"path_taken":["M","$","?","$","M","E","?","E","T","R","?","M","R","?","R","BOSS","M","?","M","M","M"],"build_version":"2019-07-17","purchased_purges":1,"victory":false,"max_hp_per_floor":[82,82,82,82,82,82,82,82,82,82,82,82,82,82,82,82,82,82,82,82,82,82],"card_choices":[{"not_picked":["Turbo","Aggregate"],"picked":"Cold Snap","floor":1},{"not_picked":["Gash","Stack"],"picked":"Loop","floor":5},{"not_picked":["Darkness","Streamline"],"picked":"Turbo","floor":6},{"not_picked":["Sweeping Beam","Go for the Eyes"],"picked":"Lockon","floor":8},{"not_picked":["Leap","Sweeping Beam"],"picked":"Tempest","floor":12},{"not_picked":["Hyperbeam","Fission"],"picked":"Core Surge","floor":16},{"not_picked":["Ball Lightning+1","Gash"],"picked":"Redo+1","floor":18},{"not_picked":["Conserve Battery","Go for the Eyes"],"picked":"Ball Lightning","floor":20},{"not_picked":["Rebound","Stack"],"picked":"Cold Snap","floor":21}],"player_experience":95198,"relics_obtained":[{"floor":6,"key":"Incense Burner"},{"floor":8,"key":"Lantern"}],"event_choices":[{"damage_healed":0,"gold_gain":0,"player_choice":"Box","damage_taken":0,"relics_obtained":["Emotion Chip"],"max_hp_gain":0,"max_hp_loss":0,"event_name":"Big Fish","floor":3,"gold_loss":0,"cards_obtained":["Regret"]},{"damage_healed":0,"gold_gain":75,"player_choice":"Gather Gold","damage_taken":11,"max_hp_gain":0,"max_hp_loss":0,"event_name":"World of Goop","floor":7,"gold_loss":0},{"damage_healed":0,"gold_gain":0,"player_choice":"Success","damage_taken":3,"relics_obtained":["Tiny Chest"],"max_hp_gain":0,"max_hp_loss":0,"event_name":"Scrap Ooze","floor":11,"gold_loss":0},{"cards_removed":["Strike_B"],"damage_healed":0,"gold_gain":0,"player_choice":"Card Removal","damage_taken":0,"max_hp_gain":0,"max_hp_loss":0,"event_name":"The Cleric","floor":14,"gold_loss":50},{"damage_healed":0,"gold_gain":0,"player_choice":"Opened","damage_taken":0,"relics_obtained":["Centennial Puzzle"],"max_hp_gain":0,"max_hp_loss":0,"event_name":"The Mausoleum","floor":19,"gold_loss":0,"cards_obtained":["Writhe"]}],"is_beta":false,"boss_relics":[{"not_picked":["Lizard Tail","Black Star"],"picked":"Inserter"}],"items_purged_floors":[2],"is_endless":false,"potions_floor_spawned":[6,16,20],"killed_by":"3 Cultists","ascension_level":1}