{"gold_per_floor":[12,23,41,41,58,91,91,91,116,133,58,74,90,114,114,114],"floor_reached":16,"playtime":495,"items_purged":["Defend_R"],"score":104,"play_id":"875348ce-1a9c-49c7-89f2-677bae81db7c","local_time":"20190708014302","is_ascension_mode":false,"campfire_choices":[{"data":"Bash","floor":7,"key":"SMITH"},{"data":"Defend_R","floor":15,"key":"SMITH"}],"neow_cost":"NO_GOLD","seed_source_timestamp":1428465945005905,"circlet_count":0,"master_deck":["Strike_R","Strike_R","Defend_R+1","Defend_R","Defend_R","Bash+1"],"relics":["Burning Blood","Bag of Preparation","Anchor","Happy Flower"],"potions_floor_usage":[6,12],"damage_taken":[{"damage":5,"enemies":"2 Louse","floor":1,"turns":3},{"damage":7,"enemies":"Small Slimes","floor":2,"turns":4},{"damage":3,"enemies":"Jaw Worm","floor":3,"turns":5},{"damage":10,"enemies":"Blue Slaver","floor":5,"turns":6},{"damage":4,"enemies":"Gremlin Nob","floor":6,"turns":3},{"damage":5,"enemies":"3 Louse","floor":10,"turns":4},{"damage":31,"enemies":"Exordium Thugs","floor":12,"turns":9},{"damage":2,"enemies":"Exordium Wildlife","floor":13,"turns":7},{"damage":58,"enemies":"Hexaghost","floor":16,"turns":11}],"seed_played":"-6148071429051242121","potions_obtained":[{"floor":2,"key":"AttackPotion"},{"floor":5,"key":"PowerPotion"},{"floor":6,"key":"Ancient Potion"}],"is_trial":false,"path_per_floor":["M","M","M","?","M","E","R","?","T","M","$","M","M","T","R","B"],"character_chosen":"IRONCLAD","items_purchased":[],"campfire_rested":0,"item_purchase_floors":[],"current_hp_per_floor":[80,79,80,73,69,71,71,76,76,77,77,52,56,56,56,0],"gold":114,"neow_bonus":"REMOVE_TWO","is_prod":false,"is_daily":false,"chose_seed":false,"campfire_upgraded":2,"win_rate":0,"timestamp":1562546582,"path_taken":["M","M","M","?","M","E","R","?","T","M","?","M","M","?","R","BOSS"],"build_version":"2019-07-05","purchased_purges":1,"victory":false,"max_hp_per_floor":[80,80,80,80,80,80,80,85,85,85,85,85,85,85,85,85],"card_choices":[{"not_picked":["Body Slam","Anger","Cleave"],"picked":"SKIP","floor":1},{"not_picked":["Body Slam","Cleave","Rage"],"picked":"SKIP","floor":2},{"not_picked":["Flex","Heavy Blade","Shrug It Off"],"picked":"SKIP","floor":3},{"not_picked":["Feel No Pain","Flex","Headbutt"],"picked":"SKIP","floor":5},{"not_picked":["Thunderclap","Power Through","Double Tap"],"picked":"SKIP","floor":6},{"not_picked":["Combust","Pummel","Sword Boomerang"],"picked":"SKIP","floor":10},{"not_picked":["Shrug It Off","Feel No Pain","Rage"],"picked":"SKIP","floor":12},{"not_picked":["Clash","Hemokinesis","Armaments"],"picked":"SKIP","floor":13}],"player_experience":260437,"relics_obtained":[{"floor":6,"key":"Bag of Preparation"},{"floor":9,"key":"Anchor"},{"floor":14,"key":"Happy Flower"}],"event_choices":[{"cards_removed":["Strike_R"],"damage_healed":0,"gold_gain":0,"player_choice":"Card Removal","damage_taken":7,"max_hp_gain":0,"max_hp_loss":0,"event_name":"Golden Wing","floor":4,"gold_loss":0},{"damage_healed":0,"gold_gain":0,"player_choice":"Donut","damage_taken":0,"max_hp_gain":5,"max_hp_loss":0,"event_name":"Big Fish","floor":8,"gold_loss":0}],"is_beta":false,"boss_relics":[],"items_purged_floors":[11],"is_endless":false,"potions_floor_spawned":[2,5,6],"killed_by":"Hexaghost","ascension_level":0}