{"gold_per_floor":[114,39,57,57,73,73,102,102,150,175,189,189,203,228,240,351,363,393,430,460,472],"floor_reached":21,"playtime":798,"items_purged":[],"score":407,"play_id":"3ab58bb1-fd5d-4836-a52d-0168fcb13ff8","local_time":"20190708003925","daily_mods":["Heirloom"],"is_ascension_mode":true,"campfire_choices":[{"data":"Body Slam","floor":6.0,"key":"SMITH"},{"data":"Burning Pact","floor":8.0,"key":"SMITH"},{"data":"Armaments","floor":15.0,"key":"SMITH"}],"neow_cost":"","seed_source_timestamp":435595288529600,"circlet_count":0,"master_deck":["Flying Knee","Flying Knee","Flying Knee","Bash","Conserve Battery","Conserve Battery","Conserve Battery","Conserve Battery","Dual Wield","Body Slam+1","Impervious","Burning Pact+1","Entrench","Armaments+1","Demon Form","Seeing Red"],"special_seed":0,"relics":["Burning Blood","Prayer Wheel","Regal Pillow","Omamori","Shovel","Golden Idol","MawBank","Black Star"],"potions_floor_usage":[21],"damage_taken":[{"damage":0.0,"enemies":"Cultist","floor":1.0,"turns":2.0},{"damage":0.0,"enemies":"2 Louse","floor":3.0,"turns":3.0},{"damage":0.0,"enemies":"Jaw Worm","floor":5.0,"turns":3.0},{"damage":27.0,"enemies":"Gremlin Nob","floor":7.0,"turns":4.0},{"damage":6.0,"enemies":"Lagavulin","floor":10.0,"turns":5.0},{"damage":6.0,"enemies":"Lots of Slimes","floor":11.0,"turns":4.0},{"damage":6.0,"enemies":"Exordium Thugs","floor":13.0,"turns":3.0},{"damage":54.0,"enemies":"Slime Boss","floor":16.0,"turns":13.0},{"damage":4.0,"enemies":"2 Thieves","floor":18.0,"turns":4.0},{"damage":6.0,"enemies":"Spheric Guardian","floor":19.0,"turns":4.0},{"damage":20.0,"enemies":"Snake Plant","floor":20.0,"turns":5.0},{"damage":33,"enemies":"Sentry and Sphere","floor":21,"turns":5}],"seed_played":"-8745687879738455792","potions_obtained":[{"floor":5.0,"key":"Fruit Juice"},{"floor":10.0,"key":"Fire Potion"},{"floor":11.0,"key":"Ancient Potion"},{"floor":20.0,"key":"Explosive Potion"}],"is_trial":true,"path_per_floor":["M","?","M","?","M","R","E","R","T","E","M","?","M","T","R","B",null,"M","M","M","M"],"character_chosen":"IRONCLAD","items_purchased":[],"campfire_rested":0,"item_purchase_floors":[],"current_hp_per_floor":[74,74,75,75,80,80,59,59,59,59,59,59,59,59,59,11,63,65,65,51,18],"gold":472,"neow_bonus":"","is_prod":false,"is_daily":false,"chose_seed":false,"campfire_upgraded":3,"win_rate":0,"timestamp":1562513965,"path_taken":["M","?","M","?","M","R","E","R","T","E","?","?","M","?","R","BOSS","M","?","M","M"],"build_version":"2019-07-05","purchased_purges":0,"victory":false,"max_hp_per_floor":[75,75,75,75,80,80,80,80,80,80,80,80,80,80,80,80,80,80,80,80,80],"card_choices":[{"not_picked":["True Grit","Dual Wield","Warcry"],"picked":"SKIP","floor":1.0},{"not_picked":["Dropkick","Thunderclap","Bloodletting"],"picked":"SKIP","floor":1.0},{"not_picked":["True Grit","Warcry"],"picked":"Dual Wield","floor":1.0},{"not_picked":["Dropkick","Thunderclap","Bloodletting"],"picked":"SKIP","floor":1.0},{"not_picked":["Uppercut","Sword Boomerang"],"picked":"Body Slam","floor":3.0},{"not_picked":["Headbutt","Metallicize","Sentinel"],"picked":"SKIP","floor":3.0},{"not_picked":["Sword Boomerang","Disarm"],"picked":"Impervious","floor":5.0},{"not_picked":["Twin Strike","Rupture","Wild Strike"],"picked":"SKIP","floor":5.0},{"not_picked":["Thunderclap","Flex"],"picked":"Burning Pact","floor":7.0},{"not_picked":["Body Slam","Wild Strike"],"picked":"Entrench","floor":10.0},{"not_picked":["Burning Pact","Warcry"],"picked":"Armaments","floor":11.0},{"not_picked":["Pummel","Warcry","Blood for Blood"],"picked":"SKIP","floor":11.0},{"not_picked":["Rage","Body Slam","Cleave"],"picked":"SKIP","floor":13.0},{"not_picked":["Flex","Blood for Blood","Clash"],"picked":"SKIP","floor":13.0},{"not_picked":["Immolate","Reaper"],"picked":"Demon Form","floor":16.0},{"not_picked":["Thunderclap","Clash"],"picked":"Seeing Red","floor":18.0},{"not_picked":["Clash","Perfected Strike","Sentinel"],"picked":"SKIP","floor":18.0},{"not_picked":["Heavy Blade+1","True Grit","Warcry"],"picked":"SKIP","floor":19.0},{"not_picked":["Intimidate","Feel No Pain","Disarm"],"picked":"SKIP","floor":19.0},{"not_picked":["Iron Wave","Headbutt","Clothesline"],"picked":"SKIP","floor":20.0},{"not_picked":["Hemokinesis+1","Anger+1","Cleave"],"picked":"SKIP","floor":20.0}],"player_experience":5610451,"relics_obtained":[{"floor":7.0,"key":"Regal Pillow"},{"floor":9.0,"key":"Omamori"},{"floor":10.0,"key":"Shovel"},{"floor":14.0,"key":"MawBank"}],"event_choices":[{"cards_removed":["Flying Knee"],"damage_healed":0.0,"max_hp_gain":0.0,"max_hp_loss":0.0,"gold_gain":0.0,"event_name":"The Cleric","player_choice":"Card Removal","floor":2.0,"gold_loss":75.0,"damage_taken":0.0},{"cards_removed":["Flying Knee"],"damage_healed":0.0,"max_hp_gain":0.0,"max_hp_loss":0.0,"gold_gain":0.0,"event_name":"Purifier","player_choice":"Purged","floor":4.0,"gold_loss":0.0,"damage_taken":0.0},{"damage_healed":0.0,"max_hp_gain":0.0,"max_hp_loss":0.0,"gold_gain":0.0,"event_name":"Golden Idol","player_choice":"Take Wound","floor":12.0,"gold_loss":0.0,"damage_taken":0.0,"relics_obtained":["Golden Idol"],"cards_obtained":["Injury"]}],"is_beta":false,"boss_relics":[{"not_picked":["White Beast Statue","Runic Cube"],"picked":"Black Star"}],"items_purged_floors":[],"is_endless":false,"potions_floor_spawned":[5,10,11,20],"killed_by":"Sentry and Sphere","ascension_level":20}