{"gold_per_floor":[111,126,51,69,85,85,104,104,104,82,110,110,138,150,150,221,221,233,233,233,245,245,245,264,264,264,264],"floor_reached":27,"playtime":827,"items_purged":[],"score":450,"play_id":"a3c28524-08d2-412c-8ea5-cdc416c91ed8","local_time":"20190612020639","is_ascension_mode":true,"campfire_choices":[{"data":"Poisoned Stab","floor":6,"key":"SMITH"},{"data":"Footwork","floor":8,"key":"SMITH"},{"floor":12,"key":"REST"},{"data":"Footwork","floor":15,"key":"SMITH"},{"floor":23,"key":"REST"},{"floor":25,"key":"REST"}],"neow_cost":"NONE","seed_source_timestamp":1398246161634800,"circlet_count":0,"master_deck":["AscendersBane","Defend_G","Defend_G","Defend_G","Defend_G","Strike_G","Strike_G","Strike_G","Survivor","Neutralize","Poisoned Stab+1","Footwork+1","Bane","Sucker Punch","Dodge and Roll","PiercingWail","Heel Hook","Backflip","Footwork+1","A Thousand Cuts"],"relics":["Ring of the Snake","Tingsha","Darkstone Periapt","HoveringKite","Paper Crane"],"potions_floor_usage":[13,13,16],"damage_taken":[{"damage":0,"enemies":"Jaw Worm","floor":1,"turns":5},{"damage":1,"enemies":"Small Slimes","floor":2,"turns":4},{"damage":1,"enemies":"Cultist","floor":4,"turns":4},{"damage":4,"enemies":"Looter","floor":5,"turns":4},{"damage":12,"enemies":"Exordium Wildlife","floor":7,"turns":5},{"damage":4,"enemies":"Exordium Thugs","floor":10,"turns":4},{"damage":29,"enemies":"Lagavulin","floor":11,"turns":9},{"damage":2,"enemies":"3 Sentries","floor":13,"turns":7},{"damage":8,"enemies":"Gremlin Gang","floor":14,"turns":6},{"damage":10,"enemies":"The Guardian","floor":16,"turns":18},{"damage":19,"enemies":"Shell Parasite","floor":18,"turns":6},{"damage":4,"enemies":"Spheric Guardian","floor":21,"turns":8},{"damage":18,"enemies":"Colosseum Slavers","floor":22,"turns":6},{"damage":15,"enemies":"Snecko","floor":24,"turns":9},{"damage":36,"enemies":"Gremlin Leader","floor":27,"turns":3}],"seed_played":"8864254242083294774","potions_obtained":[{"floor":5,"key":"LiquidBronze"},{"floor":7,"key":"EssenceOfSteel"},{"floor":11,"key":"PowerPotion"},{"floor":14,"key":"Weak Potion"},{"floor":21,"key":"Ancient Potion"}],"is_trial":false,"path_per_floor":["M","M","?","M","M","R","M","R","T","M","E","R","E","M","R","B",null,"M","?","?","M","?","R","M","R","T","E"],"character_chosen":"THE_SILENT","items_purchased":[],"campfire_rested":3,"item_purchase_floors":[],"current_hp_per_floor":[59,58,58,57,53,53,41,41,41,37,8,27,25,17,17,7,51,32,32,32,28,10,29,14,33,33,0],"gold":264,"neow_bonus":"REMOVE_CARD","is_prod":false,"is_daily":false,"chose_seed":false,"campfire_upgraded":3,"win_rate":0,"timestamp":1560272799,"path_taken":["M","M","?","M","M","R","M","R","T","M","E","R","E","M","R","BOSS","M","?","?","?","?","R","M","R","T","E"],"build_version":"2019-01-23","purchased_purges":0,"victory":false,"max_hp_per_floor":[66,66,66,66,66,66,66,66,66,66,66,66,66,66,66,66,66,66,66,66,66,66,66,66,66,66,66],"card_choices":[{"not_picked":["Dagger Throw","Deflect"],"picked":"Poisoned Stab","floor":1},{"not_picked":["Bane","Escape Plan"],"picked":"Footwork","floor":2},{"not_picked":["Slice","Reflex"],"picked":"Bane","floor":4},{"not_picked":["Dagger Throw","Blade Dance"],"picked":"Sucker Punch","floor":5},{"not_picked":["Skewer","Eviscerate"],"picked":"Dodge and Roll","floor":7},{"not_picked":["Quick Slash","Dagger Spray"],"picked":"PiercingWail","floor":10},{"not_picked":["Dash","Wraith Form v2"],"picked":"Heel Hook","floor":11},{"not_picked":["Poisoned Stab","Dagger Spray"],"picked":"Backflip","floor":13},{"not_picked":["Acrobatics","Dagger Throw"],"picked":"Footwork","floor":14},{"not_picked":["Wraith Form v2","Venomology"],"picked":"A Thousand Cuts","floor":16},{"not_picked":["Bane","Slice","Dodge and Roll+1"],"picked":"SKIP","floor":18},{"not_picked":["Sucker Punch","Quick Slash","Dagger Spray"],"picked":"SKIP","floor":21},{"not_picked":["Prepared","Underhanded Strike","Dodge and Roll"],"picked":"SKIP","floor":24}],"player_experience":5334128,"relics_obtained":[{"floor":11,"key":"Tingsha"},{"floor":13,"key":"Darkstone Periapt"},{"floor":26,"key":"Paper Crane"}],"event_choices":[{"cards_removed":["Defend_G"],"damage_healed":0,"gold_gain":0,"player_choice":"Card Removal","damage_taken":0,"max_hp_gain":0,"max_hp_loss":0,"event_name":"The Cleric","floor":3,"gold_loss":75},{"damage_healed":0,"gold_gain":0,"player_choice":"Ignored","damage_taken":0,"max_hp_gain":0,"max_hp_loss":0,"event_name":"Ghosts","floor":19,"gold_loss":0},{"cards_removed":["Strike_G"],"damage_healed":0,"gold_gain":0,"player_choice":"Offered Basic","damage_taken":0,"max_hp_gain":0,"max_hp_loss":0,"event_name":"Bonfire Elementals","floor":20,"gold_loss":0},{"damage_healed":0,"gold_gain":0,"player_choice":"Fight","damage_taken":0,"max_hp_gain":0,"max_hp_loss":0,"event_name":"Colosseum","floor":22,"gold_loss":0},{"damage_healed":0,"gold_gain":0,"player_choice":"Fled From Nobs","damage_taken":0,"max_hp_gain":0,"max_hp_loss":0,"event_name":"Colosseum","floor":22,"gold_loss":0}],"is_beta":false,"boss_relics":[{"not_picked":["Fusion Hammer","Ectoplasm"],"picked":"HoveringKite"}],"items_purged_floors":[],"is_endless":false,"potions_floor_spawned":[5,7,11,14,21,22],"killed_by":"Gremlin Leader","ascension_level":20}