{"gold_per_floor":[114,134,144,155,128,159,173,173,226,226,226,151,172,247,247,247],"floor_reached":16,"playtime":408,"items_purged":[],"score":208,"play_id":"a506467f-eeef-454c-863b-3a7dc73058d1","local_time":"20190528005231","is_ascension_mode":true,"campfire_choices":[{"data":"Die Die Die","floor":10,"key":"SMITH"},{"floor":15,"key":"REST"}],"neow_cost":"NONE","seed_source_timestamp":98198152580300,"circlet_count":0,"master_deck":["AscendersBane","Defend_G","Defend_G","Defend_G","Defend_G","Defend_G","Strike_G","Strike_G","Strike_G","Strike_G","Survivor","Neutralize+1","Cloak And Dagger","Dagger Throw","Escape Plan","Flying Knee","Grand Finale","Die Die Die+1","Footwork","Backflip"],"relics":["Ring of the Snake","Orichalcum","Pen Nib","Golden Idol"],"potions_floor_usage":[6,6],"damage_taken":[{"damage":1,"enemies":"Jaw Worm","floor":1,"turns":6},{"damage":2,"enemies":"2 Louse","floor":2,"turns":4},{"damage":4,"enemies":"Small Slimes","floor":3,"turns":4},{"damage":5,"enemies":"3 Louse","floor":4,"turns":3},{"damage":4,"enemies":"Exordium Thugs","floor":5,"turns":4},{"damage":16,"enemies":"Lagavulin","floor":6,"turns":5},{"damage":2,"enemies":"Looter","floor":7,"turns":3},{"damage":0,"enemies":"3 Louse","floor":13,"turns":3},{"damage":32,"enemies":"Slime Boss","floor":16,"turns":9}],"seed_played":"-2994318166525001709","potions_obtained":[{"floor":2,"key":"FearPotion"},{"floor":4,"key":"Poison Potion"},{"floor":6,"key":"LiquidBronze"},{"floor":13,"key":"LiquidBronze"}],"is_trial":false,"path_per_floor":["M","M","M","M","M","E","M","?","T","R","?","?","M","?","R","B"],"character_chosen":"THE_SILENT","items_purchased":[],"campfire_rested":1,"item_purchase_floors":[],"current_hp_per_floor":[58,56,52,47,43,27,25,30,30,30,30,30,30,19,38,6],"gold":247,"neow_bonus":"UPGRADE_CARD","is_prod":false,"is_daily":false,"chose_seed":false,"campfire_upgraded":1,"win_rate":0,"timestamp":1558972351,"path_taken":["M","M","M","M","M","E","M","?","T","R","?","?","?","?","R","BOSS"],"build_version":"2019-01-23","purchased_purges":0,"victory":false,"max_hp_per_floor":[66,66,66,66,66,66,66,71,71,71,64,64,64,64,64,64],"card_choices":[{"not_picked":["Sucker Punch","Acrobatics"],"picked":"Cloak And Dagger","floor":1},{"not_picked":["Outmaneuver","Flying Knee"],"picked":"Dagger Throw","floor":2},{"not_picked":["Caltrops","Quick Slash"],"picked":"Escape Plan","floor":3},{"not_picked":["Bane","Leg Sweep"],"picked":"Flying Knee","floor":4},{"not_picked":["Bane","Choke"],"picked":"Grand Finale","floor":5},{"not_picked":["Wraith Form v2","Sucker Punch"],"picked":"Die Die Die","floor":6},{"not_picked":["Quick Slash","Bane"],"picked":"Footwork","floor":7},{"not_picked":["Slice","Quick Slash"],"picked":"Backflip","floor":13}],"player_experience":5174014,"relics_obtained":[{"floor":6,"key":"Orichalcum"},{"floor":9,"key":"Pen Nib"}],"event_choices":[{"damage_healed":0,"gold_gain":0,"player_choice":"Donut","damage_taken":0,"max_hp_gain":5,"max_hp_loss":0,"event_name":"Big Fish","floor":8,"gold_loss":0},{"damage_healed":0,"gold_gain":0,"player_choice":"Lose Max HP","damage_taken":0,"relics_obtained":["Golden Idol"],"max_hp_gain":0,"max_hp_loss":7,"event_name":"Golden Idol","floor":11,"gold_loss":0},{"cards_removed":["Strike_G"],"damage_healed":0,"gold_gain":0,"player_choice":"Card Removal","damage_taken":0,"max_hp_gain":0,"max_hp_loss":0,"event_name":"The Cleric","floor":12,"gold_loss":75},{"damage_healed":0,"gold_gain":75,"player_choice":"Gather Gold","damage_taken":11,"max_hp_gain":0,"max_hp_loss":0,"event_name":"World of Goop","floor":14,"gold_loss":0}],"is_beta":false,"boss_relics":[],"items_purged_floors":[],"is_endless":false,"potions_floor_spawned":[2,4,6,13],"killed_by":"Slime Boss","ascension_level":20}