{"gold_per_floor":[109,128,138,156,156,156,182,182,182,18,68,68,85,114,114,114],"floor_reached":16,"playtime":377,"items_purged":["Strike_R"],"score":220,"play_id":"356be63d-e7ab-4bb6-bf57-d497611dd339","local_time":"20190328011500","is_ascension_mode":true,"campfire_choices":[{"data":"Bludgeon","floor":6.0,"key":"SMITH"},{"data":"Inflame","floor":12.0,"key":"SMITH"},{"data":"Feel No Pain","floor":15.0,"key":"SMITH"}],"neow_cost":"NONE","seed_source_timestamp":1214667816311200,"circlet_count":0,"master_deck":["AscendersBane","Strike_R","Strike_R","Strike_R","Strike_R","Defend_R","Defend_R","Defend_R","Defend_R","Bash","Brutality","Spot Weakness","Twin Strike","Inflame+1","Bludgeon+1","Reaper","Feel No Pain+1","Corruption"],"special_seed":0,"relics":["Burning Blood","Regal Pillow","Boot","The Courier"],"potions_floor_usage":[16,16],"damage_taken":[{"damage":15.0,"enemies":"Small Slimes","floor":1.0,"turns":5.0},{"damage":2.0,"enemies":"2 Louse","floor":2.0,"turns":4.0},{"damage":7.0,"enemies":"Cultist","floor":3.0,"turns":4.0},{"damage":12.0,"enemies":"Exordium Wildlife","floor":4.0,"turns":4.0},{"damage":34.0,"enemies":"Gremlin Nob","floor":7.0,"turns":4.0},{"damage":13.0,"enemies":"2 Fungi Beasts","floor":13.0,"turns":5.0},{"damage":34.0,"enemies":"3 Sentries","floor":14.0,"turns":8.0},{"damage":44,"enemies":"Slime Boss","floor":16,"turns":6}],"seed_played":"-6686994635164425859","potions_obtained":[{"floor":3.0,"key":"AttackPotion"},{"floor":7.0,"key":"SneckoOil"},{"floor":13.0,"key":"Strength Potion"},{"floor":14.0,"key":"SteroidPotion"}],"is_trial":false,"path_per_floor":["M","M","M","M","?","R","E","?","T","$","?","R","M","E","R","B"],"character_chosen":"IRONCLAD","items_purchased":["Reaper"],"campfire_rested":0,"item_purchase_floors":[10],"current_hp_per_floor":[59,63,62,56,61,61,33,33,33,33,33,33,36,41,41,0],"gold":114,"neow_bonus":"ONE_RANDOM_RARE_CARD","is_prod":false,"is_daily":false,"chose_seed":false,"campfire_upgraded":3,"win_rate":0,"timestamp":1553703300,"path_taken":["M","M","M","M","?","R","E","?","T","$","?","R","M","E","R","BOSS"],"build_version":"2019-01-23","purchased_purges":1,"victory":false,"max_hp_per_floor":[75,75,75,75,80,80,80,80,80,80,80,80,80,80,80,80],"card_choices":[{"not_picked":["Sword Boomerang","Reckless Charge"],"picked":"Spot Weakness","floor":1.0},{"not_picked":["Headbutt","Thunderclap"],"picked":"Twin Strike","floor":2.0},{"not_picked":["Bloodletting","Pommel Strike"],"picked":"Inflame","floor":3.0},{"not_picked":["Warcry","Pommel Strike"],"picked":"Bludgeon","floor":4.0},{"not_picked":["Searing Blow","Burning Pact","Twin Strike"],"picked":"SKIP","floor":7.0},{"not_picked":["Heavy Blade","Spot Weakness"],"picked":"Feel No Pain","floor":13.0},{"not_picked":["Uppercut","Hemokinesis"],"picked":"Corruption","floor":14.0}],"player_experience":4642865,"relics_obtained":[{"floor":7.0,"key":"Regal Pillow"},{"floor":9.0,"key":"Boot"},{"floor":14.0,"key":"The Courier"}],"event_choices":[{"damage_healed":0.0,"max_hp_gain":5.0,"max_hp_loss":0.0,"gold_gain":0.0,"event_name":"Big Fish","player_choice":"Donut","floor":5.0,"gold_loss":0.0,"damage_taken":0.0},{"damage_healed":0.0,"max_hp_gain":0.0,"max_hp_loss":0.0,"gold_gain":0.0,"event_name":"Liars Game","player_choice":"Ignored","floor":8.0,"gold_loss":0.0,"damage_taken":0.0},{"damage_healed":0.0,"max_hp_gain":0.0,"max_hp_loss":0.0,"gold_gain":50.0,"event_name":"Golden Shrine","player_choice":"Pray","floor":11.0,"gold_loss":0.0,"damage_taken":0.0}],"is_beta":false,"boss_relics":[],"items_purged_floors":[10],"is_endless":false,"potions_floor_spawned":[3,7,13,14],"killed_by":"Slime Boss","ascension_level":20}