{"gold_per_floor":[118,136,152,152,165,165,192,192,192,192,132],"floor_reached":11,"playtime":316,"items_purged":[],"score":146,"play_id":"07a57a9c-b00a-4117-988e-17087f8da80f","local_time":"20190401000754","is_ascension_mode":true,"campfire_choices":[{"floor":6,"key":"REST"},{"data":"Prepared","floor":8,"key":"SMITH"},{"data":"Neutralize","floor":10,"key":"SMITH"}],"neow_cost":"NONE","seed_source_timestamp":1556445603901700,"circlet_count":0,"master_deck":["AscendersBane","Defend_G","Defend_G","Defend_G","Defend_G","Defend_G","Strike_G","Strike_G","Strike_G","Strike_G","Strike_G","Survivor","Neutralize+1","Choke","Slice","Backflip","Dagger Spray","Corpse Explosion","Prepared+1"],"relics":["Ring of the Snake","Shuriken","Sundial"],"potions_floor_usage":[7,11],"damage_taken":[{"damage":1,"enemies":"2 Louse","floor":1,"turns":4},{"damage":4,"enemies":"Cultist","floor":2,"turns":3},{"damage":9,"enemies":"Jaw Worm","floor":3,"turns":6},{"damage":29,"enemies":"Large Slime","floor":5,"turns":10},{"damage":15,"enemies":"3 Sentries","floor":7,"turns":4},{"damage":28,"enemies":"Exordium Thugs","floor":11,"turns":3}],"seed_played":"-4077995149713242543","potions_obtained":[{"floor":1,"key":"PowerPotion"},{"floor":4,"key":"GamblersBrew"},{"floor":7,"key":"Dexterity Potion"}],"is_trial":false,"path_per_floor":["M","M","M","?","M","R","E","R","T","R","M"],"character_chosen":"THE_SILENT","items_purchased":[],"campfire_rested":1,"item_purchase_floors":[],"current_hp_per_floor":[58,54,45,45,16,35,20,20,20,20,0],"gold":132,"neow_bonus":"THREE_CARDS","is_prod":false,"is_daily":false,"chose_seed":false,"campfire_upgraded":2,"win_rate":0,"timestamp":1554044874,"path_taken":["M","M","M","?","?","R","E","R","T","R","M"],"build_version":"2019-01-23","purchased_purges":0,"victory":false,"max_hp_per_floor":[66,66,66,66,66,66,66,66,66,66,66],"card_choices":[{"not_picked":["Poisoned Stab","Dagger Throw"],"picked":"Choke","floor":0},{"not_picked":["Distraction","Underhanded Strike"],"picked":"Slice","floor":1},{"not_picked":["Dagger Throw","PiercingWail"],"picked":"Backflip","floor":2},{"not_picked":["Acrobatics","Concentrate"],"picked":"Dagger Spray","floor":3},{"not_picked":["PiercingWail","Bane"],"picked":"Corpse Explosion","floor":5},{"not_picked":["Concentrate","Dagger Spray"],"picked":"Prepared","floor":7}],"player_experience":4670417,"relics_obtained":[{"floor":7,"key":"Shuriken"},{"floor":9,"key":"Sundial"}],"event_choices":[{"damage_healed":0,"gold_gain":0,"player_choice":"Got Potions","damage_taken":0,"max_hp_gain":0,"max_hp_loss":0,"event_name":"Lab","floor":4,"gold_loss":0}],"is_beta":false,"boss_relics":[],"items_purged_floors":[],"is_endless":false,"potions_floor_spawned":[1,7],"killed_by":"Exordium Thugs","ascension_level":20}