{"gold_per_floor":[111,121,135,152,0,0,16,26,26,26,39,39,70,83,83,83],"floor_reached":16,"playtime":445,"items_purged":["Strike_G"],"score":212,"play_id":"372b2f5e-8f1b-4f9d-ab8e-cb8a01ac686b","local_time":"20190516012624","is_ascension_mode":true,"campfire_choices":[{"data":"Dark Embrace","floor":6,"key":"SMITH"},{"data":"Armaments","floor":10,"key":"SMITH"},{"data":"Havoc","floor":12,"key":"SMITH"},{"data":"Bludgeon","floor":15,"key":"SMITH"}],"neow_cost":"","seed_source_timestamp":890509753697600,"circlet_count":0,"master_deck":["Burst","Defend_G","Defend_G","Defend_G","Defend_G","Strike_G","Strike_G","Strike_G","Strike_G","Double Tap","Amplify","Uppercut","Clothesline","Carnage","Dark Embrace+1","Seeing Red","Havoc+1","Armaments+1","Bludgeon+1","Iron Wave"],"special_seed":0,"relics":["Burning Blood","Meat on the Bone","Blood Vial"],"potions_floor_usage":[7,16,16],"damage_taken":[{"damage":45.0,"enemies":"Cultist","floor":1.0,"turns":7.0},{"damage":6.0,"enemies":"2 Louse","floor":2.0,"turns":3.0},{"damage":1.0,"enemies":"Small Slimes","floor":3.0,"turns":3.0},{"damage":11.0,"enemies":"Looter","floor":4.0,"turns":4.0},{"damage":0,"enemies":"Gremlin Gang","floor":7,"turns":4},{"damage":20,"enemies":"Exordium Thugs","floor":8,"turns":5},{"damage":1,"enemies":"Looter","floor":11,"turns":3},{"damage":5,"enemies":"Lagavulin","floor":13,"turns":6},{"damage":4,"enemies":"Large Slime","floor":14,"turns":5},{"damage":62,"enemies":"Slime Boss","floor":16,"turns":6}],"seed_played":"-9142994972251809292","potions_obtained":[{"floor":2.0,"key":"Explosive Potion"},{"floor":3.0,"key":"Dexterity Potion"},{"floor":13,"key":"Explosive Potion"}],"is_trial":true,"path_per_floor":["M","M","M","M","$","R","M","M","T","R","M","R","E","M","R","B"],"character_chosen":"IRONCLAD","items_purchased":["Seeing Red"],"campfire_rested":0,"item_purchase_floors":[5],"current_hp_per_floor":[29,29,34,29,29,29,35,21,21,21,38,38,51,55,55,0],"gold":83,"neow_bonus":"","is_prod":false,"is_daily":false,"chose_seed":false,"campfire_upgraded":4,"win_rate":0,"timestamp":1557937584,"path_taken":["M","M","M","M","$","R","?","M","T","R","M","R","E","M","R","BOSS"],"build_version":"2019-01-23","purchased_purges":1,"victory":false,"max_hp_per_floor":[75,75,75,75,75,75,75,75,75,75,75,75,75,75,75,75],"card_choices":[{"not_picked":["Havoc","Combust"],"picked":"Uppercut","floor":1.0},{"not_picked":["Heavy Blade","Bloodletting"],"picked":"Clothesline","floor":2.0},{"not_picked":["True Grit","Iron Wave"],"picked":"Carnage","floor":3.0},{"not_picked":["Pommel Strike","True Grit"],"picked":"Dark Embrace","floor":4.0},{"not_picked":["Cleave","Thunderclap"],"picked":"Havoc","floor":7},{"not_picked":["Heavy Blade","Havoc"],"picked":"Armaments","floor":8},{"not_picked":["Dropkick","Iron Wave","Clothesline"],"picked":"SKIP","floor":11},{"not_picked":["Flame Barrier","Dual Wield"],"picked":"Bludgeon","floor":13},{"not_picked":["Fire Breathing","Hemokinesis"],"picked":"Iron Wave","floor":14}],"player_experience":5042562,"relics_obtained":[{"floor":9,"key":"Meat on the Bone"},{"floor":13,"key":"Blood Vial"}],"event_choices":[],"is_beta":false,"boss_relics":[],"items_purged_floors":[5],"is_endless":false,"potions_floor_spawned":[2,3,13],"killed_by":"Slime Boss","ascension_level":20}