{"gold_per_floor":[10,25,25,42,7,7,19,39,39,58,71,71,71,71],"floor_reached":14,"playtime":474,"items_purged":[],"score":113,"play_id":"f96f09f1-4c11-4472-8a2d-35d403d9eeaa","local_time":"20190720143020","is_ascension_mode":true,"campfire_choices":[{"floor":6,"key":"RECALL"}],"neow_cost":"NO_GOLD","seed_source_timestamp":851453805168300,"circlet_count":0,"master_deck":["Strike_B","Strike_B","Strike_B","Strike_B","Defend_B","Defend_B","Defend_B","Defend_B","Zap","Dualcast","Creative AI","Rebound","Genetic Algorithm","Regret","Defragment","Chaos","White Noise","Double Energy","Self Repair"],"relics":["Cracked Core","Blood Vial","Strawberry","Pear"],"potions_floor_usage":[12,14,14],"damage_taken":[{"damage":1,"enemies":"Cultist","floor":1,"turns":3},{"damage":13,"enemies":"Jaw Worm","floor":2,"turns":4},{"damage":13,"enemies":"2 Louse","floor":4,"turns":5},{"damage":30,"enemies":"Large Slime","floor":7,"turns":6},{"damage":28,"enemies":"Blue Slaver","floor":8,"turns":6},{"damage":0,"enemies":"Lots of Slimes","floor":10,"turns":1},{"damage":18,"enemies":"Large Slime","floor":11,"turns":5},{"damage":19,"enemies":"3 Sentries","floor":14,"turns":2}],"seed_played":"669514000634289728","potions_obtained":[{"floor":2,"key":"FearPotion"},{"floor":7,"key":"PowerPotion"},{"floor":8,"key":"Ancient Potion"},{"floor":10,"key":"AttackPotion"},{"floor":11,"key":"Fruit Juice"}],"is_trial":false,"path_per_floor":["M","M","?","M","?","R","M","M","T","M","M","$","?","E"],"character_chosen":"DEFECT","items_purchased":[],"campfire_rested":0,"item_purchase_floors":[],"current_hp_per_floor":[74,61,61,50,68,68,40,14,21,23,7,12,15,0],"gold":71,"neow_bonus":"THREE_RARE_CARDS","is_prod":false,"is_daily":false,"chose_seed":false,"campfire_upgraded":0,"win_rate":0,"timestamp":1563651020,"path_taken":["M","?","?","M","?","R","M","M","T","M","M","$","?","E"],"build_version":"2019-07-17","purchased_purges":0,"victory":false,"max_hp_per_floor":[75,75,75,75,75,75,75,75,82,82,82,87,97,97],"card_choices":[{"not_picked":["Hyperbeam","Fission"],"picked":"Creative AI","floor":0},{"not_picked":["Sweeping Beam","Gash"],"picked":"Rebound","floor":1},{"not_picked":["Ball Lightning","Scrape"],"picked":"Genetic Algorithm","floor":2},{"not_picked":["Chill","FTL"],"picked":"Defragment","floor":4},{"not_picked":["Go for the Eyes","Stack"],"picked":"Chaos","floor":7},{"not_picked":["Ball Lightning","Compile Driver"],"picked":"White Noise","floor":8},{"not_picked":["Stack","Steam"],"picked":"Double Energy","floor":10},{"not_picked":["Darkness","Turbo"],"picked":"Self Repair","floor":11}],"player_experience":116292,"relics_obtained":[{"floor":9,"key":"Strawberry"}],"event_choices":[{"damage_healed":0,"gold_gain":0,"player_choice":"Box","damage_taken":0,"relics_obtained":["Blood Vial"],"max_hp_gain":0,"max_hp_loss":0,"event_name":"Big Fish","floor":3,"gold_loss":0,"cards_obtained":["Regret"]},{"damage_healed":18,"gold_gain":0,"player_choice":"Healed","damage_taken":0,"max_hp_gain":0,"max_hp_loss":0,"event_name":"The Cleric","floor":5,"gold_loss":35},{"damage_healed":0,"gold_gain":0,"player_choice":"Success","damage_taken":7,"relics_obtained":["Pear"],"max_hp_gain":0,"max_hp_loss":0,"event_name":"Scrap Ooze","floor":13,"gold_loss":0}],"is_beta":false,"boss_relics":[],"items_purged_floors":[],"is_endless":false,"potions_floor_spawned":[2,7,8,10,11],"killed_by":"3 Sentries","ascension_level":1}