{"gold_per_floor":[113,39,59,74,94,129,129,144,144,155,155,171,171,246,246,342,342,358,371,71,71,11,11,46,46,120,120,120,138,165,179,179,276,276,294,305,320,338,338,338,370,415,415,415,415,427,427,437,437,437],"floor_reached":51,"playtime":2934,"items_purged":["Shame"],"score":744,"play_id":"37a1dcb3-1b13-47db-8a60-ecb74e0beb37","local_time":"20190728143223","is_ascension_mode":false,"campfire_choices":[{"floor":7,"key":"REST"},{"data":"Well Laid Plans","floor":11,"key":"SMITH"},{"floor":15,"key":"REST"},{"floor":23,"key":"REST"},{"data":"Footwork","floor":27,"key":"SMITH"},{"floor":32,"key":"REST"},{"floor":40,"key":"REST"},{"floor":44,"key":"REST"},{"data":"Envenom","floor":45,"key":"SMITH"},{"data":"Burst","floor":47,"key":"SMITH"},{"floor":49,"key":"REST"}],"neow_cost":"NONE","seed_source_timestamp":101863123933600,"circlet_count":0,"master_deck":["Strike_G","Strike_G","Strike_G+1","Strike_G","Defend_G","Defend_G+1","Defend_G","Defend_G","Defend_G+1","Survivor+1","Neutralize","Slice","PiercingWail","Footwork+1","Footwork","Dagger Spray+1","Flying Knee+1","Well Laid Plans+1","Riddle With Holes+1","Burst+1","Crippling Poison+1","Terror","Choke+1","Slice+1","Dodge and Roll","Backstab+1","Envenom+1","Finisher+1","Predator+1","Deflect+1","Dramatic Entrance+1","Heel Hook+1","PiercingWail","Caltrops+1","Parasite"],"relics":["Ring of the Snake","WingedGreaves","Molten Egg 2","The Courier","Philosopher\u0027s Stone","Singing Bowl","Ninja Scroll","Matryoshka","Bag of Marbles","Bottled Flame","Pear","Lizard Tail","Tingsha","Thread and Needle","War Paint","Frozen Egg 2"],"potions_floor_usage":[6,24,33,42,50,50,50],"damage_taken":[{"damage":1,"enemies":"2 Louse","floor":1,"turns":2},{"damage":1,"enemies":"Cultist","floor":3,"turns":4},{"damage":0,"enemies":"Small Slimes","floor":4,"turns":3},{"damage":0,"enemies":"Blue Slaver","floor":5,"turns":5},{"damage":27,"enemies":"Lagavulin","floor":6,"turns":16},{"damage":0,"enemies":"3 Louse","floor":8,"turns":3},{"damage":0,"enemies":"Looter","floor":10,"turns":4},{"damage":8,"enemies":"Gremlin Gang","floor":12,"turns":5},{"damage":24,"enemies":"The Guardian","floor":16,"turns":16},{"damage":27,"enemies":"Spheric Guardian","floor":18,"turns":5},{"damage":6,"enemies":"Shell Parasite","floor":19,"turns":5},{"damage":8,"enemies":"Slavers","floor":24,"turns":4},{"damage":11,"enemies":"Centurion and Healer","floor":29,"turns":5},{"damage":21,"enemies":"Gremlin Leader","floor":30,"turns":4},{"damage":5,"enemies":"Sentry and Sphere","floor":31,"turns":4},{"damage":43,"enemies":"Champ","floor":33,"turns":15},{"damage":12,"enemies":"3 Shapes","floor":35,"turns":2},{"damage":15,"enemies":"3 Darklings","floor":36,"turns":6},{"damage":8,"enemies":"Jaw Worm Horde","floor":37,"turns":3},{"damage":12,"enemies":"Maw","floor":38,"turns":6},{"damage":18,"enemies":"Nemesis","floor":41,"turns":6},{"damage":10,"enemies":"2 Orb Walkers","floor":42,"turns":3},{"damage":14,"enemies":"4 Shapes","floor":46,"turns":3},{"damage":13,"enemies":"Writhing Mass","floor":48,"turns":5},{"damage":129,"enemies":"Time Eater","floor":50,"turns":17}],"seed_played":"5932225389450235988","potions_obtained":[{"floor":4,"key":"LiquidBronze"},{"floor":6,"key":"Dexterity Potion"},{"floor":10,"key":"EntropicBrew"},{"floor":16,"key":"Block Potion"},{"floor":29,"key":"GhostInAJar"},{"floor":30,"key":"AttackPotion"},{"floor":33,"key":"GhostInAJar"},{"floor":42,"key":"Regen Potion"}],"is_trial":false,"path_per_floor":["M","?","M","M","M","E","R","M","T","M","R","M","?","?","R","B",null,"M","M","$","?","$","R","E","?","T","R","?","M","E","M","R","B",null,"M","M","M","M","?","R","E","?","T","R","R","M","R","M","R","B",null],"character_chosen":"THE_SILENT","items_purchased":["Terror","Singing Bowl","Choke+1"],"campfire_rested":7,"item_purchase_floors":[20,20,20],"current_hp_per_floor":[76,76,75,75,75,48,71,71,71,71,71,63,48,37,60,36,77,50,44,44,44,44,67,59,59,59,59,59,50,39,36,63,20,91,81,66,58,46,43,71,53,43,43,71,71,57,57,46,75,48],"gold":437,"neow_bonus":"TEN_PERCENT_HP_BONUS","is_prod":false,"is_daily":false,"chose_seed":false,"campfire_upgraded":4,"win_rate":0,"timestamp":1564338743,"path_taken":["M","?","M","M","M","E","R","M","T","M","R","?","?","?","R","BOSS","M","M","$","?","$","R","E","?","T","R","?","M","E","?","R","BOSS","M","?","M","?","?","R","E","?","T","R","R","M","R","M","R","BOSS"],"build_version":"2019-07-17","purchased_purges":1,"victory":true,"max_hp_per_floor":[77,77,77,77,77,77,77,77,77,77,77,77,77,77,77,77,77,77,77,77,77,77,77,77,77,77,77,77,79,89,91,91,91,91,93,93,93,93,95,95,95,95,95,95,95,95,95,97,97,97],"card_choices":[{"not_picked":["Outmaneuver","Masterful Stab"],"picked":"Slice","floor":1},{"not_picked":["Flying Knee","Backflip"],"picked":"PiercingWail","floor":3},{"not_picked":["Acrobatics","Outmaneuver"],"picked":"Footwork","floor":4},{"not_picked":["Deadly Poison","Underhanded Strike"],"picked":"Footwork","floor":5},{"not_picked":["Grand Finale","Corpse Explosion"],"picked":"Dagger Spray","floor":6},{"not_picked":["Deadly Poison","Dodge and Roll"],"picked":"Flying Knee+1","floor":8},{"not_picked":["Backflip","Deadly Poison"],"picked":"Well Laid Plans","floor":10},{"not_picked":["Dagger Throw+1","Flying Knee+1"],"picked":"Riddle With Holes+1","floor":12},{"not_picked":["Adrenaline","Grand Finale+1"],"picked":"Burst","floor":16},{"not_picked":["Prepared+1","Backflip"],"picked":"Crippling Poison+1","floor":18},{"not_picked":["PiercingWail","Acrobatics","Dagger Spray+1"],"picked":"SKIP","floor":19},{"not_picked":["Underhanded Strike+1","Setup"],"picked":"Slice+1","floor":24},{"not_picked":["Sucker Punch+1","Prepared","Tactician"],"picked":"Singing Bowl","floor":29},{"not_picked":["Backflip","Bane+1"],"picked":"Backstab+1","floor":30},{"not_picked":["Dagger Throw+1","Prepared+1","PiercingWail"],"picked":"Singing Bowl","floor":31},{"not_picked":["Bullet Time","Corpse Explosion"],"picked":"Envenom","floor":33},{"not_picked":["Terror+1","Noxious Fumes","Accuracy+1"],"picked":"Singing Bowl","floor":35},{"not_picked":["Bane+1","Setup+1"],"picked":"Finisher+1","floor":36},{"not_picked":["Blur+1","Dagger Throw+1"],"picked":"Predator+1","floor":37},{"not_picked":["Prepared+1","Flying Knee+1"],"picked":"Deflect+1","floor":38},{"not_picked":["Mind Blast+1","Secret Technique"],"picked":"Dramatic Entrance+1","floor":39},{"not_picked":["HandOfGreed+1","Deep Breath","Purity"],"picked":"Singing Bowl","floor":39},{"not_picked":["Flying Knee+1","Outmaneuver+1"],"picked":"Heel Hook+1","floor":41},{"not_picked":["Acrobatics","Tactician"],"picked":"PiercingWail","floor":42},{"not_picked":["Dodge and Roll+1","Bane+1"],"picked":"Caltrops+1","floor":46},{"not_picked":["Finisher+1","Escape Plan+1","Outmaneuver+1"],"picked":"Singing Bowl","floor":48}],"player_experience":183287,"relics_obtained":[{"floor":6,"key":"Molten Egg 2"},{"floor":9,"key":"The Courier"},{"floor":24,"key":"Matryoshka"},{"floor":26,"key":"Bag of Marbles"},{"floor":26,"key":"Bottled Flame"},{"floor":30,"key":"Pear"},{"floor":41,"key":"Tingsha"},{"floor":42,"key":"Thread and Needle"},{"floor":43,"key":"War Paint"},{"floor":43,"key":"Frozen Egg 2"}],"event_choices":[{"damage_healed":0,"gold_gain":0,"player_choice":"Paid Gold","damage_taken":0,"relics_obtained":["WingedGreaves"],"max_hp_gain":0,"max_hp_loss":0,"event_name":"WeMeetAgain","floor":2,"gold_loss":74},{"damage_healed":0,"gold_gain":0,"player_choice":"Entered Light","damage_taken":15,"max_hp_gain":0,"max_hp_loss":0,"event_name":"Shining Light","floor":13,"gold_loss":0,"cards_upgraded":["Defend_G","Strike_G"]},{"damage_healed":0,"gold_gain":75,"player_choice":"Gather Gold","damage_taken":11,"max_hp_gain":0,"max_hp_loss":0,"event_name":"World of Goop","floor":14,"gold_loss":0},{"damage_healed":0,"gold_gain":0,"player_choice":"Stole Relic","damage_taken":0,"relics_obtained":["Ninja Scroll"],"max_hp_gain":0,"max_hp_loss":0,"event_name":"Addict","floor":21,"gold_loss":0,"cards_obtained":["Shame"]},{"damage_healed":0,"gold_gain":0,"player_choice":"Read","damage_taken":0,"max_hp_gain":0,"max_hp_loss":0,"event_name":"The Library","floor":25,"gold_loss":0,"cards_obtained":["Dodge and Roll"]},{"cards_removed":["Strike_G"],"damage_healed":0,"gold_gain":0,"player_choice":"Purged","damage_taken":0,"max_hp_gain":0,"max_hp_loss":0,"event_name":"Purifier","floor":28,"gold_loss":0},{"damage_healed":0,"gold_gain":0,"player_choice":"Memory 2","damage_taken":5,"max_hp_gain":0,"max_hp_loss":0,"event_name":"SensoryStone","floor":39,"gold_loss":0},{"damage_healed":0,"gold_gain":0,"player_choice":"Fight","damage_taken":0,"max_hp_gain":0,"max_hp_loss":0,"event_name":"Mysterious Sphere","floor":42,"gold_loss":0}],"is_beta":false,"boss_relics":[{"not_picked":["Snecko Eye","Ring of the Serpent"],"picked":"Philosopher\u0027s Stone"},{"not_picked":["HoveringKite","Runic Dome"],"picked":"Lizard Tail"}],"items_purged_floors":[22],"is_endless":false,"potions_floor_spawned":[4,6,10,16,29,30,31,33,36,37,41,42],"ascension_level":0}