{"gold_per_floor":[112,112,15,28,40,40,70,70,142,173,18,46,57,75,75,147,147,165,180,230,244,144,174,194,194,218,218,230,230,14,30,30,30],"floor_reached":33,"playtime":1272,"items_purged":["Strike_G","Distraction","Dagger Throw"],"score":624,"play_id":"726281bf-51f2-4205-904d-d1e9592246ea","local_time":"20190509024143","is_ascension_mode":true,"campfire_choices":[{"data":"Terror","floor":6,"key":"SMITH"},{"data":"Slice","floor":8,"key":"SMITH"},{"floor":15,"key":"DIG"},{"floor":25,"key":"REST"},{"data":"Wraith Form v2","floor":29,"key":"SMITH"},{"floor":32,"key":"DIG"}],"neow_cost":"TEN_PERCENT_HP_LOSS","seed_source_timestamp":289510101214300,"circlet_count":0,"master_deck":["AscendersBane","Survivor","Neutralize","Adrenaline","Slice+1","Dash","Poisoned Stab","Terror+1","PiercingWail","Dodge and Roll","Wraith Form v2+1","Backstab","Backflip","Malaise","Finisher","Envenom","PiercingWail","Noxious Fumes","Endless Agony","Masterful Stab","Deflect","PiercingWail","Calculated Gamble","Well Laid Plans","Bane+1","Leg Sweep"],"relics":["Ring of the Snake","Ancient Tea Set","Mummified Hand","Darkstone Periapt","Shovel","Dodecahedron","Pandora\u0027s Box","Smiling Mask","Vajra","Oddly Smooth Stone","Meat on the Bone"],"potions_floor_usage":[7,10,16,23,24],"damage_taken":[{"damage":3,"enemies":"Small Slimes","floor":1,"turns":4},{"damage":0,"enemies":"Jaw Worm","floor":4,"turns":2},{"damage":0,"enemies":"Cultist","floor":5,"turns":2},{"damage":1,"enemies":"Gremlin Nob","floor":7,"turns":3},{"damage":7,"enemies":"3 Sentries","floor":10,"turns":9},{"damage":0,"enemies":"Gremlin Nob","floor":12,"turns":3},{"damage":0,"enemies":"2 Fungi Beasts","floor":13,"turns":3},{"damage":0,"enemies":"Blue Slaver","floor":14,"turns":4},{"damage":19,"enemies":"The Guardian","floor":16,"turns":15},{"damage":8,"enemies":"3 Byrds","floor":18,"turns":6},{"damage":0,"enemies":"Spheric Guardian","floor":19,"turns":4},{"damage":1,"enemies":"Snake Plant","floor":21,"turns":3},{"damage":8,"enemies":"Slavers","floor":23,"turns":6},{"damage":23,"enemies":"Snecko","floor":24,"turns":8},{"damage":8,"enemies":"3 Cultists","floor":28,"turns":6},{"damage":1,"enemies":"Cultist and Chosen","floor":31,"turns":5},{"damage":24,"enemies":"Champ","floor":33,"turns":3}],"seed_played":"-8400048207781997225","potions_obtained":[{"floor":4,"key":"Weak Potion"},{"floor":5,"key":"SteroidPotion"},{"floor":7,"key":"Dexterity Potion"},{"floor":16,"key":"Strength Potion"},{"floor":23,"key":"Energy Potion"},{"floor":28,"key":"FearPotion"}],"is_trial":false,"path_per_floor":["M","?","$","M","M","R","E","R","T","E","$","E","M","M","R","B",null,"M","M","?","M","$","E","M","R","T","?","M","R","$","M","R","B"],"character_chosen":"THE_SILENT","items_purchased":["Dash","Poisoned Stab","Backstab","Oddly Smooth Stone"],"campfire_rested":1,"item_purchase_floors":[3,3,11,30],"current_hp_per_floor":[56,49,49,49,49,49,48,48,48,41,41,41,41,41,41,22,51,43,43,43,42,42,34,11,29,29,29,21,21,21,20,20,0],"gold":30,"neow_bonus":"THREE_RARE_CARDS","is_prod":false,"is_daily":false,"chose_seed":false,"campfire_upgraded":3,"win_rate":0,"timestamp":1557337303,"path_taken":["M","?","$","M","M","R","E","R","T","E","?","E","M","M","R","BOSS","M","?","?","M","$","E","M","R","T","?","?","R","$","M","R","BOSS"],"build_version":"2019-01-23","purchased_purges":3,"victory":false,"max_hp_per_floor":[60,60,60,60,60,60,60,60,60,60,60,60,60,60,60,60,60,60,60,60,60,60,60,60,60,60,60,60,60,60,60,60,60],"card_choices":[{"not_picked":["Night Terror","After Image"],"picked":"Adrenaline","floor":0},{"not_picked":["PiercingWail","Outmaneuver"],"picked":"Slice","floor":1},{"not_picked":["Reflex","Well Laid Plans"],"picked":"Terror","floor":4},{"not_picked":["Slice","Blade Dance"],"picked":"PiercingWail","floor":5},{"not_picked":["Flechettes","Eviscerate"],"picked":"Dodge and Roll","floor":7},{"not_picked":["Masterful Stab","PiercingWail"],"picked":"Wraith Form v2","floor":10},{"not_picked":["Terror","Blade Dance","Endless Agony"],"picked":"SKIP","floor":12},{"not_picked":["Distraction","Prepared"],"picked":"Backflip","floor":13},{"not_picked":["Outmaneuver","Finisher","Underhanded Strike"],"picked":"SKIP","floor":14},{"not_picked":["Venomology","Phantasmal Killer"],"picked":"Malaise","floor":16},{"not_picked":["Prepared","Flying Knee"],"picked":"Deflect","floor":18},{"not_picked":["Poisoned Stab","Cloak And Dagger"],"picked":"PiercingWail","floor":19},{"not_picked":["Dagger Spray","Backflip","Slice"],"picked":"SKIP","floor":21},{"not_picked":["Deadly Poison","Unload"],"picked":"Calculated Gamble","floor":23},{"not_picked":["Predator","Heel Hook"],"picked":"Well Laid Plans","floor":24},{"not_picked":["Dagger Spray","Blur"],"picked":"Bane+1","floor":28},{"not_picked":["Blade Dance","Dagger Throw"],"picked":"Leg Sweep","floor":31}],"player_experience":4957995,"relics_obtained":[{"floor":7,"key":"Ancient Tea Set"},{"floor":9,"key":"Mummified Hand"},{"floor":10,"key":"Darkstone Periapt"},{"floor":12,"key":"Shovel"},{"floor":15,"key":"Dodecahedron"},{"floor":23,"key":"Smiling Mask"},{"floor":26,"key":"Vajra"},{"floor":32,"key":"Meat on the Bone"}],"event_choices":[{"cards_removed":["Defend_G"],"damage_healed":0,"gold_gain":0,"player_choice":"Card Removal","damage_taken":7,"max_hp_gain":0,"max_hp_loss":0,"event_name":"Golden Wing","floor":2,"gold_loss":0},{"damage_healed":0,"gold_gain":50,"player_choice":"Stole From Cult","damage_taken":0,"max_hp_gain":0,"max_hp_loss":0,"event_name":"Nest","floor":20,"gold_loss":0},{"damage_healed":0,"gold_gain":0,"player_choice":"Ignored","damage_taken":0,"max_hp_gain":0,"max_hp_loss":0,"event_name":"Ghosts","floor":27,"gold_loss":0}],"is_beta":false,"boss_relics":[{"not_picked":["Sozu","Ectoplasm"],"picked":"Pandora\u0027s Box"}],"items_purged_floors":[11,22,30],"is_endless":false,"potions_floor_spawned":[4,5,7,16,23,28],"killed_by":"Champ","ascension_level":20}