{"gold_per_floor":[114,128,203,203,32,61,61,91,170,180,18,53,53,63,63,134,134,149,7,7,20,20,20,52,69,92,92,105,105,105,133,133,211,211,228,228,328,65,81,109,109,122,122,122,139,149,162,162,162,162,162],"floor_reached":51,"playtime":2152,"items_purged":[],"score":1866,"play_id":"6b0570ec-3b12-4677-bc9a-286a6ad4bbd6","local_time":"20190720060909","is_ascension_mode":true,"campfire_choices":[{"floor":7,"key":"REST"},{"data":"Demon Form","floor":13,"key":"SMITH"},{"floor":15,"key":"REST"},{"data":"Bash","floor":23,"key":"SMITH"},{"floor":27,"key":"REST"},{"floor":29,"key":"REST"},{"floor":32,"key":"REST"},{"floor":49,"key":"REST"}],"neow_cost":"","seed_source_timestamp":2475987298291938,"circlet_count":0,"master_deck":["AscendersBane","Strike_R+1","Strike_R+1","Strike_R+1","Strike_R+1","Defend_R+1","Defend_R+1","Defend_R+1","Defend_R+1","Bash+1","Perfected Strike+1","Shrug It Off","Twin Strike","Seeing Red","Spot Weakness+1","Demon Form+1","Pommel Strike","Reaper","Flame Barrier+1","Armaments+1","RitualDagger","Flex+1","Pommel Strike","Battle Trance+1","Offering+1","Flame Barrier+1","Secret Technique+1","Enlightenment+1","Trip+1","Perfected Strike","Shrug It Off+1","Bandage Up+1","Flex+1","Ghostly Armor+1","Wild Strike","Seeing Red+1","Wild Strike","Exhume+1"],"relics":["Burning Blood","Lee\u0027s Waffle","Pen Nib","Strawberry","Gremlin Horn","Juzu Bracelet","Toxic Egg 2","Mercury Hourglass","Bottled Flame","Anchor","Pear","Lizard Tail","Smiling Mask","Ancient Tea Set","Centennial Puzzle","Mark of Pain","Calipers","Tiny Chest","Question Card","Shuriken"],"potions_floor_usage":[6,16,24,25,31,33,33,47,47,50,50],"damage_taken":[{"damage":1,"enemies":"Cultist","floor":1,"turns":3},{"damage":7,"enemies":"Jaw Worm","floor":2,"turns":2},{"damage":35,"enemies":"Lagavulin","floor":6,"turns":6},{"damage":15,"enemies":"3 Sentries","floor":8,"turns":7},{"damage":3,"enemies":"Small Slimes","floor":10,"turns":3},{"damage":20,"enemies":"Lagavulin","floor":12,"turns":6},{"damage":1,"enemies":"Exordium Wildlife","floor":14,"turns":3},{"damage":68,"enemies":"Hexaghost","floor":16,"turns":9},{"damage":17,"enemies":"3 Byrds","floor":18,"turns":5},{"damage":22,"enemies":"Chosen","floor":21,"turns":6},{"damage":65,"enemies":"Book of Stabbing","floor":24,"turns":6},{"damage":6,"enemies":"Snake Plant","floor":25,"turns":2},{"damage":20,"enemies":"Chosen and Byrds","floor":28,"turns":7},{"damage":28,"enemies":"Slavers","floor":31,"turns":3},{"damage":85,"enemies":"Collector","floor":33,"turns":8},{"damage":8,"enemies":"3 Darklings","floor":35,"turns":3},{"damage":6,"enemies":"Mind Bloom Boss Battle","floor":37,"turns":4},{"damage":0,"enemies":"Orb Walker","floor":39,"turns":2},{"damage":31,"enemies":"Reptomancer","floor":40,"turns":4},{"damage":23,"enemies":"Writhing Mass","floor":42,"turns":7},{"damage":17,"enemies":"Sphere and 2 Shapes","floor":45,"turns":5},{"damage":6,"enemies":"4 Shapes","floor":46,"turns":3},{"damage":60,"enemies":"Writhing Mass","floor":47,"turns":7},{"damage":82,"enemies":"Donu and Deca","floor":50,"turns":10},{"damage":65,"enemies":"Awakened One","floor":51,"turns":9}],"seed_played":"7327272603255924999","potions_obtained":[{"floor":1,"key":"Poison Potion"},{"floor":2,"key":"Strength Potion"},{"floor":10,"key":"SteroidPotion"},{"floor":24,"key":"Fire Potion"},{"floor":28,"key":"Poison Potion"},{"floor":31,"key":"SkillPotion"},{"floor":33,"key":"SkillPotion"},{"floor":35,"key":"BloodPotion"},{"floor":46,"key":"EntropicBrew"}],"is_trial":false,"path_per_floor":["M","M","?","?","$","E","R","E","T","M","$","E","R","M","R","B",null,"M","$","?","M","?","R","E","M","T","R","M","R","?","E","R","B",null,"M","?","?","$","M","E","?","M","T","?","M","M","M","?","R","B","B"],"character_chosen":"IRONCLAD","items_purchased":["Lee\u0027s Waffle","Perfected Strike","Shrug It Off","Pen Nib","Juzu Bracelet","Anchor","Armaments+1","Ancient Potion","Tiny Chest","Shrug It Off+1","Bandage Up+1"],"campfire_rested":6,"item_purchase_floors":[0,0,0,0,5,11,19,19,38,38,38],"current_hp_per_floor":[89,88,77,72,72,43,69,60,60,63,63,59,59,64,93,31,82,83,83,77,61,61,61,9,9,9,38,27,56,42,34,63,55,88,86,76,87,87,99,80,80,87,87,87,82,99,77,77,99,45,0],"gold":162,"neow_bonus":"","is_prod":false,"is_daily":false,"chose_seed":false,"campfire_upgraded":2,"win_rate":0,"timestamp":1563595749,"path_taken":["M","?","?","?","$","E","R","E","T","M","?","E","R","M","R","BOSS","M","$","?","M","?","R","E","M","T","R","M","R","?","E","R","BOSS","M","?","?","$","M","E","?","M","T","?","M","M","M","?","R","BOSS","BOSS"],"build_version":"2019-07-17","purchased_purges":0,"victory":false,"max_hp_per_floor":[89,89,89,89,89,89,89,89,89,89,89,99,99,99,99,99,99,99,99,99,99,99,99,99,99,99,99,99,99,99,99,99,99,99,99,99,99,99,99,99,99,99,99,99,99,99,99,99,99,99,99],"card_choices":[{"not_picked":["Searing Blow","Fire Breathing"],"picked":"Twin Strike","floor":1},{"not_picked":["True Grit","Second Wind"],"picked":"Seeing Red","floor":2},{"not_picked":["Fire Breathing","Searing Blow","Sword Boomerang"],"picked":"SKIP","floor":6},{"not_picked":["Wild Strike","Rampage"],"picked":"Spot Weakness+1","floor":8},{"not_picked":["Anger","Heavy Blade","Pummel"],"picked":"SKIP","floor":10},{"not_picked":["Body Slam","Cleave"],"picked":"Demon Form","floor":12},{"not_picked":["Twin Strike","Power Through+1"],"picked":"Pommel Strike","floor":14},{"not_picked":["Brutality","Barricade"],"picked":"Reaper","floor":16},{"not_picked":["Sentinel+1","True Grit+1"],"picked":"Flame Barrier+1","floor":18},{"not_picked":["Flex+1","Warcry+1","Sword Boomerang"],"picked":"SKIP","floor":21},{"not_picked":["Burning Pact+1","Thunderclap"],"picked":"Flex+1","floor":24},{"not_picked":["Sword Boomerang","Clothesline"],"picked":"Pommel Strike","floor":25},{"not_picked":["Iron Wave","Evolve"],"picked":"Battle Trance+1","floor":28},{"not_picked":["Warcry+1","Havoc+1","Rampage"],"picked":"SKIP","floor":31},{"not_picked":["Brutality","Dark Embrace"],"picked":"Offering+1","floor":33},{"not_picked":["Clothesline+1","Cleave"],"picked":"Flame Barrier+1","floor":35},{"not_picked":["Purity+1","Transmutation+1"],"picked":"Secret Technique+1","floor":36},{"not_picked":["Bandage Up+1","PanicButton+1"],"picked":"Enlightenment+1","floor":36},{"not_picked":["Purity+1","Deep Breath+1"],"picked":"Trip+1","floor":36},{"not_picked":["Armaments+1","Havoc+1"],"picked":"Perfected Strike","floor":37},{"not_picked":["Sword Boomerang+1","Sentinel+1"],"picked":"Flex+1","floor":39},{"not_picked":["Cleave","Anger+1"],"picked":"Ghostly Armor+1","floor":40},{"not_picked":["Hemokinesis","Inflame","Flex+1"],"picked":"Wild Strike","floor":42},{"not_picked":["Warcry+1","True Grit+1","Shrug It Off+1"],"picked":"Seeing Red+1","floor":45},{"not_picked":["Clothesline","Inflame","Body Slam+1"],"picked":"Wild Strike","floor":46},{"not_picked":["Ghostly Armor+1","Iron Wave","Battle Trance+1"],"picked":"Exhume+1","floor":47}],"player_experience":519519,"relics_obtained":[{"floor":6,"key":"Toxic Egg 2"},{"floor":8,"key":"Mercury Hourglass"},{"floor":9,"key":"Bottled Flame"},{"floor":12,"key":"Pear"},{"floor":24,"key":"Smiling Mask"},{"floor":26,"key":"Ancient Tea Set"},{"floor":31,"key":"Centennial Puzzle"},{"floor":37,"key":"Calipers"},{"floor":40,"key":"Question Card"},{"floor":43,"key":"Shuriken"}],"event_choices":[{"damage_healed":0,"gold_gain":75,"player_choice":"Gather Gold","damage_taken":11,"max_hp_gain":0,"max_hp_loss":0,"event_name":"World of Goop","floor":3,"gold_loss":0},{"damage_healed":0,"gold_gain":0,"player_choice":"Success","damage_taken":5,"relics_obtained":["Gremlin Horn"],"max_hp_gain":0,"max_hp_loss":0,"event_name":"Scrap Ooze","floor":4,"gold_loss":0},{"damage_healed":0,"gold_gain":0,"player_choice":"Joined the Cult","damage_taken":6,"max_hp_gain":0,"max_hp_loss":0,"event_name":"Nest","floor":20,"gold_loss":0,"cards_obtained":["RitualDagger"]},{"damage_healed":0,"gold_gain":0,"player_choice":"Simplicity","damage_taken":0,"max_hp_gain":0,"max_hp_loss":0,"event_name":"Back to Basics","floor":22,"gold_loss":0,"cards_upgraded":["Strike_R","Strike_R","Strike_R","Strike_R","Strike_R","Defend_R","Defend_R","Defend_R","Defend_R"]},{"damage_healed":0,"gold_gain":0,"player_choice":"Damaged","damage_taken":14,"max_hp_gain":0,"max_hp_loss":0,"event_name":"Wheel of Change","floor":30,"gold_loss":0},{"damage_healed":0,"gold_gain":0,"player_choice":"Memory 3","damage_taken":10,"max_hp_gain":0,"max_hp_loss":0,"event_name":"SensoryStone","floor":36,"gold_loss":0},{"damage_healed":0,"gold_gain":0,"player_choice":"Fight","damage_taken":0,"max_hp_gain":0,"max_hp_loss":0,"event_name":"MindBloom","floor":37,"gold_loss":0},{"damage_healed":0,"gold_gain":0,"player_choice":"Ignored","damage_taken":0,"max_hp_gain":0,"max_hp_loss":0,"event_name":"Transmorgrifier","floor":41,"gold_loss":0},{"cards_removed":["Strike_R"],"damage_healed":0,"gold_gain":0,"player_choice":"Removed Attack","damage_taken":0,"max_hp_gain":0,"max_hp_loss":0,"event_name":"Falling","floor":44,"gold_loss":0},{"damage_healed":0,"gold_gain":0,"player_choice":"Forge","damage_taken":0,"max_hp_gain":0,"max_hp_loss":0,"event_name":"Accursed Blacksmith","floor":48,"gold_loss":0,"cards_upgraded":["Perfected Strike"]}],"is_beta":false,"boss_relics":[{"not_picked":["Runic Dome","Empty Cage"],"picked":"Lizard Tail"},{"not_picked":["Philosopher\u0027s Stone","Eternal Feather"],"picked":"Mark of Pain"}],"items_purged_floors":[],"is_endless":false,"potions_floor_spawned":[1,2,10,24,28,31,33,35,39,42,46],"killed_by":"Awakened One","ascension_level":20}