{"gold_per_floor":[112,187,202,215,127,127,156,167,167,183,198,198,209,86,86,191,191,202,221,221,153,173,190,190,215,215,40,40,58,58,58,58,153,153,173,173,173,187,137,137,149,149,174,174,174,174,128,140,140,140],"floor_reached":51,"playtime":1307,"items_purged":[],"score":722,"play_id":"730091c8-7702-4c32-81c4-968354fe79f8","local_time":"20190703204132","is_ascension_mode":false,"campfire_choices":[{"data":"Perfected Strike","floor":6,"key":"SMITH"},{"data":"Perfected Strike","floor":12,"key":"SMITH"},{"floor":15,"key":"REST"},{"floor":24,"key":"REST"},{"floor":28,"key":"REST"},{"floor":30,"key":"REST"},{"data":"Demon Form","floor":32,"key":"SMITH"},{"data":"Demon Form","floor":40,"key":"SMITH"},{"floor":45,"key":"REST"},{"floor":49,"key":"REST"}],"neow_cost":"NONE","seed_source_timestamp":1063951936441457,"circlet_count":0,"master_deck":["Strike_R","Strike_R","Strike_R","Strike_R","Strike_R","Defend_R","Defend_R","Defend_R","Defend_R","Bash","Perfected Strike+1","Perfected Strike+1","Demon Form+1","Pommel Strike","Pommel Strike+1","Whirlwind","Perfected Strike","Blood for Blood+1","Blood for Blood+1","Mayhem","Demon Form+1","Wild Strike","Clothesline+1","Perfected Strike","Madness","Madness","Perfected Strike","Twin Strike+1"],"relics":["Snecko Eye"],"potions_floor_usage":[18,19,25,29,33,50,50],"damage_taken":[{"damage":0,"enemies":"2 Louse","floor":1,"turns":3},{"damage":3,"enemies":"Cultist","floor":3,"turns":5},{"damage":0,"enemies":"Small Slimes","floor":4,"turns":2},{"damage":20,"enemies":"3 Sentries","floor":7,"turns":8},{"damage":0,"enemies":"Blue Slaver","floor":8,"turns":2},{"damage":5,"enemies":"Large Slime","floor":10,"turns":4},{"damage":0,"enemies":"3 Louse","floor":11,"turns":2},{"damage":0,"enemies":"Looter","floor":13,"turns":3},{"damage":0,"enemies":"Slime Boss","floor":16,"turns":5},{"damage":28,"enemies":"3 Byrds","floor":18,"turns":5},{"damage":10,"enemies":"Spheric Guardian","floor":19,"turns":3},{"damage":16,"enemies":"Snake Plant","floor":22,"turns":3},{"damage":22,"enemies":"Sentry and Sphere","floor":23,"turns":4},{"damage":0,"enemies":"Masked Bandits","floor":25,"turns":2},{"damage":18,"enemies":"Shelled Parasite and Fungi","floor":29,"turns":2},{"damage":23,"enemies":"Champ","floor":33,"turns":5},{"damage":20,"enemies":"Orb Walker","floor":35,"turns":3},{"damage":9,"enemies":"3 Shapes","floor":38,"turns":3},{"damage":31,"enemies":"Sphere and 2 Shapes","floor":41,"turns":4},{"damage":26,"enemies":"3 Darklings","floor":48,"turns":4},{"damage":14,"enemies":"Time Eater","floor":50,"turns":5}],"seed_played":"-1162285669403324514","potions_obtained":[{"floor":1,"key":"GamblersBrew"},{"floor":7,"key":"SteroidPotion"},{"floor":8,"key":"Dexterity Potion"},{"floor":10,"key":"SpeedPotion"},{"floor":13,"key":"SkillPotion"},{"floor":18,"key":"BloodPotion"},{"floor":25,"key":"Fire Potion"},{"floor":33,"key":"Ancient Potion"},{"floor":41,"key":"SpeedPotion"}],"is_trial":false,"path_per_floor":["M","?","M","M","$","R","E","M","T","M","M","R","M","$","R","B",null,"M","M","?","$","M","M","R","?","T","$","R","M","R","?","R","B",null,"M","?","?","M","$","R","M","$","T","?","R","?","$","M","R","B",null],"character_chosen":"IRONCLAD","items_purchased":["Enlightenment","Ancient Potion","SkillPotion","Whirlwind","Mayhem","Perfected Strike","Perfected Strike"],"campfire_rested":6,"item_purchase_floors":[5,14,14,21,27,39,47],"current_hp_per_floor":[80,72,69,69,69,69,49,49,49,44,44,44,44,44,68,68,80,52,62,47,47,31,9,34,34,34,34,59,41,66,66,66,43,85,65,55,55,46,46,46,15,15,15,15,40,29,29,3,28,14],"gold":140,"neow_bonus":"BOSS_RELIC","is_prod":false,"is_daily":false,"chose_seed":false,"campfire_upgraded":4,"win_rate":0,"timestamp":1562182892,"path_taken":["M","?","M","M","$","R","E","?","T","M","?","R","M","?","R","BOSS","M","M","?","$","M","M","R","?","T","$","R","M","R","?","R","BOSS","M","?","?","M","$","R","M","$","T","?","R","?","?","M","R","BOSS"],"build_version":"2019-07-01","purchased_purges":0,"victory":true,"max_hp_per_floor":[80,80,80,80,80,80,80,80,80,80,80,80,80,80,80,80,80,80,80,85,85,85,85,85,85,85,85,85,85,85,85,85,85,85,85,85,85,85,85,85,85,85,85,85,85,85,85,85,85,85],"card_choices":[{"not_picked":["Infernal Blade","Burning Pact","Shrug It Off"],"picked":"SKIP","floor":1},{"not_picked":["Dropkick","Twin Strike"],"picked":"Perfected Strike","floor":3},{"not_picked":["Havoc","Sword Boomerang","Metallicize"],"picked":"SKIP","floor":4},{"not_picked":["Heavy Blade","Sword Boomerang","Havoc"],"picked":"SKIP","floor":7},{"not_picked":["Rampage","True Grit","Heavy Blade"],"picked":"SKIP","floor":8},{"not_picked":["Twin Strike","Flex","Warcry"],"picked":"SKIP","floor":10},{"not_picked":["True Grit","Entrench"],"picked":"Perfected Strike","floor":11},{"not_picked":["Ghostly Armor","Rage","Thunderclap"],"picked":"SKIP","floor":13},{"not_picked":["Reaper","Exhume"],"picked":"Demon Form","floor":16},{"not_picked":["Headbutt+1","True Grit+1"],"picked":"Pommel Strike","floor":18},{"not_picked":["Carnage+1","Rupture"],"picked":"Pommel Strike+1","floor":19},{"not_picked":["Anger+1","Warcry"],"picked":"Perfected Strike","floor":22},{"not_picked":["Headbutt+1","Twin Strike"],"picked":"Blood for Blood+1","floor":23},{"not_picked":["Pommel Strike","Twin Strike"],"picked":"Blood for Blood+1","floor":25},{"not_picked":["Inflame+1","Metallicize","Dual Wield"],"picked":"SKIP","floor":29},{"not_picked":["Barricade","Immolate"],"picked":"Demon Form","floor":33},{"not_picked":["Shrug It Off+1","Headbutt+1"],"picked":"Wild Strike","floor":35},{"not_picked":["Armaments","Carnage+1"],"picked":"Clothesline+1","floor":38},{"not_picked":["True Grit+1","Evolve","Thunderclap+1"],"picked":"SKIP","floor":41},{"not_picked":["Spot Weakness","Shrug It Off+1"],"picked":"Twin Strike+1","floor":48}],"player_experience":103353,"relics_obtained":[],"event_choices":[{"damage_healed":0,"gold_gain":75,"player_choice":"Touch","damage_taken":8,"max_hp_gain":0,"max_hp_loss":0,"event_name":"FaceTrader","floor":2,"gold_loss":0},{"damage_healed":0,"gold_gain":0,"player_choice":"Shed Blood","damage_taken":20,"max_hp_gain":5,"max_hp_loss":0,"event_name":"Forgotten Altar","floor":20,"gold_loss":0},{"damage_healed":0,"gold_gain":0,"player_choice":"Fought Bandits","damage_taken":0,"max_hp_gain":0,"max_hp_loss":0,"event_name":"Masked Bandits","floor":25,"gold_loss":0},{"damage_healed":0,"gold_gain":0,"player_choice":"Ignored","damage_taken":0,"max_hp_gain":0,"max_hp_loss":0,"event_name":"Vampires","floor":31,"gold_loss":0},{"damage_healed":0,"gold_gain":0,"player_choice":"Memory 3","damage_taken":10,"max_hp_gain":0,"max_hp_loss":0,"event_name":"SensoryStone","floor":36,"gold_loss":0},{"damage_healed":0,"gold_gain":0,"player_choice":"Ignored","damage_taken":0,"max_hp_gain":0,"max_hp_loss":0,"event_name":"Tomb of Lord Red Mask","floor":37,"gold_loss":0},{"cards_removed":["Enlightenment"],"damage_healed":0,"gold_gain":0,"player_choice":"Removed Skill","damage_taken":0,"max_hp_gain":0,"max_hp_loss":0,"event_name":"Falling","floor":44,"gold_loss":0},{"damage_healed":0,"gold_gain":0,"player_choice":"Embrace Madness","damage_taken":11,"max_hp_gain":0,"max_hp_loss":0,"event_name":"Winding Halls","floor":46,"gold_loss":0,"cards_obtained":["Madness","Madness"]}],"is_beta":false,"boss_relics":[{"not_picked":["Eternal Feather","Orrery","Ectoplasm"]},{"not_picked":["White Beast Statue","Runic Cube","Runic Pyramid"]}],"items_purged_floors":[],"is_endless":false,"potions_floor_spawned":[1,7,8,10,13,18,25,33,41],"ascension_level":0}