{"gold_per_floor":[118,136,136,152,152,195,195,233,315,315],"floor_reached":10,"playtime":588,"items_purged":[],"score":80,"play_id":"d9d3709a-9241-4e0c-9b77-28a9ea320405","local_time":"20190120091000","is_ascension_mode":true,"campfire_choices":[{"floor":7,"key":"REST"}],"neow_cost":"TEN_PERCENT_HP_LOSS","seed_source_timestamp":88970366575203,"circlet_count":0,"master_deck":["Defend_G","Defend_G","Defend_G","Defend_G","Defend_G","Strike_G","Strike_G","Strike_G","Strike_G","Strike_G","Survivor","Neutralize","Corpse Explosion","Dodge and Roll","Poisoned Stab","Dodge and Roll","Caltrops","All Out Attack+1"],"relics":["Ring of the Snake","Golden Idol","Molten Egg 2","Bronze Scales","Tiny Chest"],"potions_floor_usage":[],"damage_taken":[{"damage":1,"enemies":"Cultist","floor":1,"turns":5},{"damage":0,"enemies":"Small Slimes","floor":2,"turns":4},{"damage":3,"enemies":"Jaw Worm","floor":4,"turns":5},{"damage":27,"enemies":"Lagavulin","floor":6,"turns":10},{"damage":30,"enemies":"Gremlin Nob","floor":8,"turns":5},{"damage":13,"enemies":"3 Sentries","floor":10,"turns":2}],"seed_played":"7570949797995224927","potions_obtained":[{"floor":2,"key":"Fire Potion"},{"floor":8,"key":"Dexterity Potion"}],"is_trial":false,"path_per_floor":["M","M","?","M","$","E","R","E","T","E"],"character_chosen":"THE_SILENT","items_purchased":[],"campfire_rested":1,"item_purchase_floors":[],"current_hp_per_floor":[62,62,47,44,44,17,35,5,5,0],"gold":315,"neow_bonus":"THREE_RARE_CARDS","is_prod":false,"is_daily":false,"chose_seed":false,"campfire_upgraded":0,"win_rate":0,"timestamp":1547993400,"path_taken":["M","M","?","M","$","E","R","E","T","E"],"build_version":"2019-01-17v2","purchased_purges":0,"victory":false,"max_hp_per_floor":[63,63,63,63,63,63,63,63,63,63],"card_choices":[{"not_picked":["Storm of Steel","Venomology"],"picked":"Corpse Explosion","floor":0},{"not_picked":["Eviscerate","Bane"],"picked":"Dodge and Roll","floor":1},{"not_picked":["Underhanded Strike","Masterful Stab"],"picked":"Poisoned Stab","floor":2},{"not_picked":["Flying Knee","Tactician"],"picked":"Dodge and Roll","floor":4},{"not_picked":["Calculated Gamble","Flying Knee"],"picked":"Caltrops","floor":6},{"not_picked":["Masterful Stab+1","After Image"],"picked":"All Out Attack+1","floor":8}],"player_experience":74693,"relics_obtained":[{"floor":6,"key":"Molten Egg 2"},{"floor":8,"key":"Bronze Scales"},{"floor":9,"key":"Tiny Chest"}],"event_choices":[{"damage_healed":0,"gold_gain":0,"player_choice":"Take Damage","damage_taken":15,"relics_obtained":["Golden Idol"],"max_hp_gain":0,"max_hp_loss":0,"event_name":"Golden Idol","floor":3,"gold_loss":0}],"is_beta":false,"boss_relics":[],"items_purged_floors":[],"is_endless":false,"potions_floor_spawned":[2,8],"killed_by":"3 Sentries","ascension_level":1}