{"gold_per_floor":[20,20,31,49,68,68,102,102,126,159,172,70,70,90,90,192,192,212,229,329,5,17,52,52,52,52,52,65,82,113,131,131,235,235,249,300,300,400,101,130,130,156,156,171,181,181,195,195,195,195],"floor_reached":51,"playtime":4769,"items_purged":["Writhe"],"score":1180,"play_id":"6908a1bc-e500-4711-8406-4a9080d31ef3","local_time":"20190720113412","is_ascension_mode":true,"campfire_choices":[{"data":"Neutralize","floor":6.0,"key":"SMITH"},{"data":"Quick Slash","floor":8.0,"key":"SMITH"},{"data":"Footwork","floor":15.0,"key":"SMITH"},{"floor":25.0,"key":"REST"},{"floor":32,"key":"RECALL"},{"data":"1","floor":41,"key":"LIFT"},{"floor":46,"key":"REST"},{"data":"2","floor":49,"key":"LIFT"}],"neow_cost":"NO_GOLD","seed_source_timestamp":64731038928500,"circlet_count":0,"master_deck":["Strike_G","Strike_G","Strike_G","Strike_G","Defend_G","Defend_G","Defend_G","Defend_G","Defend_G","Survivor","Neutralize+1","Corpse Explosion","Quick Slash+1","Slice","Poisoned Stab","Backflip","Leg Sweep","Adrenaline","Footwork+1","Dodge and Roll","Backflip","Malaise","Well Laid Plans+1","Caltrops","Dodge and Roll","Deflect","Crippling Poison+1","Caltrops","Bullet Time","Backflip","Deadly Poison","Bouncing Flask","Backflip","Skewer+1","Outmaneuver","Blur","Footwork","Deadly Poison+1","PiercingWail","Cloak And Dagger+1"],"special_seed":0,"relics":["Ring of the Snake","CultistMask","Centennial Puzzle","Blood Vial","PreservedInsect","Oddly Smooth Stone","Fusion Hammer","Bottled Tornado","Bird Faced Urn","Anchor","Bronze Scales","Prayer Wheel","Orrery","Thread and Needle","Girya","Snake Skull","Vajra","Ancient Tea Set","Calipers"],"potions_floor_usage":[33,36,50],"damage_taken":[{"damage":0.0,"enemies":"2 Louse","floor":1.0,"turns":2.0},{"damage":0.0,"enemies":"Cultist","floor":3.0,"turns":4.0},{"damage":10.0,"enemies":"Small Slimes","floor":4.0,"turns":3.0},{"damage":1.0,"enemies":"3 Louse","floor":5.0,"turns":2.0},{"damage":7.0,"enemies":"Gremlin Nob","floor":7.0,"turns":3.0},{"damage":10.0,"enemies":"3 Sentries","floor":10.0,"turns":2.0},{"damage":1.0,"enemies":"Exordium Thugs","floor":11.0,"turns":5.0},{"damage":0.0,"enemies":"Exordium Wildlife","floor":14.0,"turns":3.0},{"damage":14.0,"enemies":"Slime Boss","floor":16.0,"turns":16.0},{"damage":1.0,"enemies":"Spheric Guardian","floor":18.0,"turns":5.0},{"damage":11.0,"enemies":"2 Thieves","floor":19.0,"turns":4.0},{"damage":0.0,"enemies":"Snake Plant","floor":22.0,"turns":5.0},{"damage":14.0,"enemies":"Slavers","floor":23.0,"turns":4.0},{"damage":0.0,"enemies":"3 Cultists","floor":28.0,"turns":3.0},{"damage":0.0,"enemies":"Cultist and Chosen","floor":29.0,"turns":6.0},{"damage":0,"enemies":"Gremlin Leader","floor":30,"turns":5},{"damage":0,"enemies":"Centurion and Healer","floor":31,"turns":6},{"damage":30,"enemies":"Collector","floor":33,"turns":12},{"damage":4,"enemies":"Orb Walker","floor":35,"turns":7},{"damage":41,"enemies":"2 Orb Walkers","floor":36,"turns":6},{"damage":1,"enemies":"Mind Bloom Boss Battle","floor":38,"turns":5},{"damage":7,"enemies":"Nemesis","floor":40,"turns":7},{"damage":33,"enemies":"Reptomancer","floor":42,"turns":9},{"damage":12,"enemies":"3 Darklings","floor":44,"turns":3},{"damage":0,"enemies":"Sphere and 2 Shapes","floor":45,"turns":5},{"damage":0,"enemies":"Maw","floor":47,"turns":7},{"damage":0,"enemies":"Awakened One","floor":50,"turns":20}],"seed_played":"-8906834660642147461","potions_obtained":[{"floor":5.0,"key":"SteroidPotion"},{"floor":11.0,"key":"SkillPotion"},{"floor":16.0,"key":"Strength Potion"},{"floor":19.0,"key":"GhostInAJar"},{"floor":30,"key":"Regen Potion"},{"floor":31,"key":"Strength Potion"},{"floor":33,"key":"PowerPotion"},{"floor":38,"key":"GhostInAJar"},{"floor":45,"key":"Swift Potion"}],"is_trial":false,"path_per_floor":["M","?","M","M","M","R","E","R","T","E","M","$","?","M","R","B",null,"M","M","?","$","M","E","T","R","T","?","M","M","E","M","R","B",null,"M","?","?","?","$","E","R","E","T","M","M","R","M","?","R","B",null],"character_chosen":"THE_SILENT","items_purchased":["SteroidPotion","Dodge and Roll","Bottled Tornado","Caltrops","Snake Skull","Footwork"],"campfire_rested":2,"item_purchase_floors":[12,12,21,21,39,39],"current_hp_per_floor":[63,63,63,53,52,52,45,45,45,37,38,38,35,37,37,25,59,60,51,51,51,53,41,41,62,62,49,57,63,71,75,75,45,75,75,40,59,68,68,73,73,50,50,44,54,75,75,75,75,75],"gold":195,"neow_bonus":"THREE_RARE_CARDS","is_prod":false,"is_daily":false,"chose_seed":false,"campfire_upgraded":3,"win_rate":0,"timestamp":1563636852,"path_taken":["M","?","M","?","M","R","E","R","T","E","M","$","?","M","R","BOSS","M","M","?","?","?","E","?","R","T","?","M","M","E","M","R","BOSS","M","?","?","?","$","E","R","E","T","?","M","R","M","?","R","BOSS"],"build_version":"2019-07-17","purchased_purges":1,"victory":true,"max_hp_per_floor":[70,70,70,70,70,70,70,70,70,70,70,70,70,70,70,70,70,70,70,70,70,70,70,70,70,70,75,75,75,75,75,75,75,75,75,75,75,75,75,75,75,75,75,75,75,75,75,75,75,75],"card_choices":[{"not_picked":["Bullet Time","Doppelganger"],"picked":"Corpse Explosion","floor":0.0},{"not_picked":["Bane","Backflip"],"picked":"Quick Slash","floor":1.0},{"not_picked":["Blur","Prepared"],"picked":"Slice","floor":3.0},{"not_picked":["Quick Slash","Flechettes"],"picked":"Poisoned Stab","floor":4.0},{"not_picked":["Poisoned Stab","Blade Dance"],"picked":"Backflip","floor":5.0},{"not_picked":["Terror","Dagger Spray"],"picked":"Leg Sweep","floor":7.0},{"not_picked":["Calculated Gamble","Blade Dance"],"picked":"Adrenaline","floor":10.0},{"not_picked":["Sucker Punch","Backflip"],"picked":"Footwork","floor":11.0},{"not_picked":["Slice","Quick Slash"],"picked":"Backflip","floor":14.0},{"not_picked":["Grand Finale","Wraith Form v2"],"picked":"Malaise","floor":16.0},{"not_picked":["Acrobatics","Setup","Outmaneuver+1"],"picked":"SKIP","floor":18.0},{"not_picked":["Bouncing Flask","Masterful Stab"],"picked":"Well Laid Plans+1","floor":19.0},{"not_picked":["Slice","Bane"],"picked":"Dodge and Roll","floor":22.0},{"not_picked":["Cloak And Dagger","Acrobatics","Flying Knee"],"picked":"SKIP","floor":23.0},{"not_picked":["Distraction","Choke"],"picked":"Deflect","floor":28.0},{"not_picked":["PiercingWail","Flechettes"],"picked":"Crippling Poison+1","floor":29.0},{"not_picked":["Bullet Time","Acrobatics"],"picked":"Caltrops","floor":30},{"not_picked":["Slice","Flying Knee","Riddle With Holes"],"picked":"SKIP","floor":31},{"not_picked":["Cloak And Dagger","Infinite Blades","Concentrate+1"],"picked":"SKIP","floor":31},{"not_picked":["Die Die Die","Tools of the Trade"],"picked":"Bullet Time","floor":33},{"not_picked":["Outmaneuver","Bane"],"picked":"Backflip","floor":34},{"not_picked":["Cloak And Dagger","Poisoned Stab"],"picked":"Deadly Poison","floor":34},{"not_picked":["Infinite Blades","Acrobatics+1"],"picked":"Bouncing Flask","floor":34},{"not_picked":["Blade Dance","Bane"],"picked":"Backflip","floor":34},{"not_picked":["Concentrate","Well Laid Plans"],"picked":"Skewer+1","floor":34},{"not_picked":["Expertise","Eviscerate"],"picked":"Outmaneuver","floor":35},{"not_picked":["Flechettes","Slice","Caltrops"],"picked":"SKIP","floor":35},{"not_picked":["Underhanded Strike+1","Flying Knee+1"],"picked":"Blur","floor":38},{"not_picked":["Cloak And Dagger+1","Backstab+1","Distraction"],"picked":"SKIP","floor":40},{"not_picked":["Slice+1","Sucker Punch+1"],"picked":"Deadly Poison+1","floor":42},{"not_picked":["Bullet Time","Dagger Throw+1"],"picked":"PiercingWail","floor":44},{"not_picked":["Blade Dance+1","Dagger Spray+1","Backflip"],"picked":"SKIP","floor":44},{"not_picked":["Deflect","Quick Slash","Unload"],"picked":"SKIP","floor":45},{"not_picked":["Quick Slash+1","Finisher","Deflect"],"picked":"SKIP","floor":45},{"not_picked":["Acrobatics+1","Reflex+1"],"picked":"Cloak And Dagger+1","floor":47},{"not_picked":["Masterful Stab","Slice","Underhanded Strike+1"],"picked":"SKIP","floor":47}],"player_experience":275314,"relics_obtained":[{"floor":7.0,"key":"Centennial Puzzle"},{"floor":9.0,"key":"Blood Vial"},{"floor":10.0,"key":"PreservedInsect"},{"floor":23.0,"key":"Bird Faced Urn"},{"floor":24.0,"key":"Anchor"},{"floor":26.0,"key":"Bronze Scales"},{"floor":30,"key":"Prayer Wheel"},{"floor":36,"key":"Thread and Needle"},{"floor":38,"key":"Girya"},{"floor":40,"key":"Vajra"},{"floor":42,"key":"Ancient Tea Set"},{"floor":43,"key":"Calipers"}],"event_choices":[{"damage_healed":0.0,"max_hp_gain":0.0,"max_hp_loss":0.0,"gold_gain":0.0,"event_name":"FaceTrader","player_choice":"Trade","floor":2.0,"gold_loss":0.0,"damage_taken":0.0,"relics_obtained":["CultistMask"]},{"damage_healed":0.0,"max_hp_gain":0.0,"max_hp_loss":0.0,"gold_gain":0.0,"event_name":"Scrap Ooze","player_choice":"Success","floor":13.0,"gold_loss":0.0,"damage_taken":3.0,"relics_obtained":["Oddly Smooth Stone"]},{"damage_healed":0.0,"max_hp_gain":0.0,"max_hp_loss":0.0,"gold_gain":100.0,"event_name":"Golden Shrine","player_choice":"Pray","floor":20.0,"gold_loss":0.0,"damage_taken":0.0},{"damage_healed":0.0,"max_hp_gain":5.0,"max_hp_loss":0.0,"gold_gain":0.0,"event_name":"Forgotten Altar","player_choice":"Shed Blood","floor":27.0,"gold_loss":0.0,"damage_taken":18.0},{"damage_healed":0,"gold_gain":0,"player_choice":"Fight","damage_taken":0,"max_hp_gain":0,"max_hp_loss":0,"event_name":"Mysterious Sphere","floor":36,"gold_loss":0},{"damage_healed":19,"gold_gain":0,"player_choice":"Writhe","damage_taken":0,"max_hp_gain":0,"max_hp_loss":0,"event_name":"Winding Halls","floor":37,"gold_loss":0,"cards_obtained":["Writhe"]},{"damage_healed":0,"gold_gain":0,"player_choice":"Fight","damage_taken":0,"max_hp_gain":0,"max_hp_loss":0,"event_name":"MindBloom","floor":38,"gold_loss":0},{"cards_removed":["Strike_G"],"damage_healed":0,"gold_gain":0,"player_choice":"Removed Attack","damage_taken":0,"max_hp_gain":0,"max_hp_loss":0,"event_name":"Falling","floor":48,"gold_loss":0}],"is_beta":false,"boss_relics":[{"not_picked":["Lizard Tail","Tiny House"],"picked":"Fusion Hammer"},{"not_picked":["Calling Bell","Coffee Dripper"],"picked":"Orrery"}],"items_purged_floors":[39],"is_endless":false,"potions_floor_spawned":[5,11,16,19,30,31,33,38,45],"ascension_level":8}