{"gold_per_floor":[109,128,141,159,177,177,196,196,196,229,229,260,275,319,319,413,413,431,346,371,183,183,183,32,70,70,70,80,105,115,144,144,221,221,237,247,247,267,285,318,318,349,349,349,369,389,389,389,389,389,389,389,389,47,82,82],"floor_reached":57,"playtime":2762,"items_purged":["Strike_B","Strike_B"],"score":2948,"play_id":"230a77c2-2c6f-4015-b38e-1caf2b6c012d","local_time":"20190709023308","is_ascension_mode":true,"campfire_choices":[{"data":"Beam Cell","floor":6,"key":"SMITH"},{"data":"Hyperbeam","floor":8,"key":"SMITH"},{"data":"Conserve Battery","floor":15,"key":"SMITH"},{"floor":23,"key":"RECALL"},{"data":"Coolheaded","floor":32,"key":"SMITH"},{"data":"Darkness","floor":41,"key":"SMITH"},{"floor":44,"key":"REST"},{"data":"Defend_B","floor":49,"key":"SMITH"},{"data":"Defend_B","floor":53,"key":"SMITH"}],"neow_cost":"TEN_PERCENT_HP_LOSS","seed_source_timestamp":529325836678500,"circlet_count":0,"master_deck":["AscendersBane","Strike_B","Defend_B+1","Defend_B+1","Defend_B","Zap","Dualcast","Darkness+1","FTL","Undo","Echo Form+1","Coolheaded+1","Conserve Battery+1","Biased Cognition+1","Electrodynamics+1","Fusion","Defragment+1","Coolheaded+1","Defragment+1","Glacier+1","Meteor Strike","Recycle+1","BootSequence+1","Heatsinks+1","Hologram+1","Meteor Strike","Coolheaded+1","Capacitor+1","Compile Driver","Glacier+1","Capacitor+1","All For One","Static Discharge+1","Hologram+1","Consume+1","Echo Form+1"],"relics":["Cracked Core","Frozen Egg 2","DataDisk","Bloody Idol","Meat on the Bone","Gremlin Horn","Snecko Eye","Toxic Egg 2","Bag of Marbles","Ancient Tea Set","Orichalcum","Orrery","Strawberry","Du-Vu Doll","Pen Nib","Happy Flower","Boot"],"potions_floor_usage":[5,10,33,40,46,56],"damage_taken":[{"damage":0,"enemies":"2 Louse","floor":1,"turns":1},{"damage":7,"enemies":"Small Slimes","floor":2,"turns":3},{"damage":2,"enemies":"Cultist","floor":3,"turns":4},{"damage":7,"enemies":"Looter","floor":4,"turns":3},{"damage":8,"enemies":"3 Louse","floor":5,"turns":5},{"damage":11,"enemies":"Red Slaver","floor":7,"turns":4},{"damage":5,"enemies":"3 Sentries","floor":10,"turns":3},{"damage":11,"enemies":"Gremlin Nob","floor":12,"turns":3},{"damage":3,"enemies":"Blue Slaver","floor":13,"turns":4},{"damage":5,"enemies":"3 Sentries","floor":14,"turns":3},{"damage":13,"enemies":"The Guardian","floor":16,"turns":8},{"damage":6,"enemies":"Shell Parasite","floor":18,"turns":4},{"damage":18,"enemies":"2 Thieves","floor":20,"turns":3},{"damage":2,"enemies":"Gremlin Leader","floor":25,"turns":5},{"damage":0,"enemies":"3 Cultists","floor":28,"turns":3},{"damage":0,"enemies":"Snecko","floor":30,"turns":3},{"damage":0,"enemies":"Slavers","floor":31,"turns":1},{"damage":19,"enemies":"Collector","floor":33,"turns":8},{"damage":0,"enemies":"Orb Walker","floor":35,"turns":2},{"damage":0,"enemies":"3 Shapes","floor":36,"turns":2},{"damage":0,"enemies":"Spire Growth","floor":38,"turns":4},{"damage":0,"enemies":"Maw","floor":39,"turns":6},{"damage":55,"enemies":"Reptomancer","floor":40,"turns":5},{"damage":22,"enemies":"Nemesis","floor":42,"turns":5},{"damage":0,"enemies":"Jaw Worm Horde","floor":45,"turns":1},{"damage":1,"enemies":"Transient","floor":46,"turns":6},{"damage":8,"enemies":"Donu and Deca","floor":50,"turns":8},{"damage":0,"enemies":"Awakened One","floor":51,"turns":7},{"damage":27,"enemies":"Shield and Spear","floor":55,"turns":5},{"damage":30,"enemies":"The Heart","floor":56,"turns":7}],"seed_played":"-5074586438888940400","potions_obtained":[{"floor":1,"key":"LiquidBronze"},{"floor":4,"key":"Regen Potion"},{"floor":5,"key":"PowerPotion"},{"floor":12,"key":"SpeedPotion"},{"floor":31,"key":"Energy Potion"},{"floor":38,"key":"SkillPotion"},{"floor":42,"key":"SkillPotion"},{"floor":48,"key":"Ancient Potion"}],"is_trial":false,"path_per_floor":["M","M","M","M","M","R","M","R","T","E","?","E","M","E","R","B",null,"M","?","M","$","?","R","$","E","T","?","M","T","M","E","R","B",null,"M","M","?","M","M","E","R","E","T","R","M","M","?","?","R","B","B",null,"R","$","E","B",null],"character_chosen":"DEFECT","items_purchased":["Coolheaded+1","Defragment+1","Meteor Strike","Consume+1","Happy Flower"],"campfire_rested":1,"item_purchase_floors":[21,21,24,54,54],"current_hp_per_floor":[64,57,55,48,54,54,43,43,43,38,38,27,36,31,31,30,51,45,45,39,39,39,39,39,37,37,37,42,47,52,57,57,43,54,58,58,68,68,68,37,37,32,32,54,59,63,63,63,63,55,55,70,70,70,48,30],"gold":82,"neow_bonus":"REMOVE_TWO","is_prod":false,"is_daily":false,"chose_seed":false,"campfire_upgraded":7,"win_rate":0,"timestamp":1562607188,"path_taken":["M","M","M","M","M","R","M","R","T","E","?","E","M","E","R","BOSS","M","?","M","$","?","R","$","E","T","?","M","?","M","E","R","BOSS","M","M","?","?","M","E","R","E","T","R","M","M","?","?","R","BOSS","BOSS","R","$","E","BOSS"],"build_version":"2019-07-05","purchased_purges":2,"victory":true,"max_hp_per_floor":[64,64,64,64,64,64,64,64,64,64,58,58,58,58,58,58,58,58,58,58,58,58,58,58,58,58,58,58,58,58,58,58,58,58,58,58,68,68,68,75,75,75,75,75,75,75,75,75,75,75,75,75,75,75,75,75],"card_choices":[{"not_picked":["Conserve Battery","Turbo"],"picked":"Darkness","floor":1},{"not_picked":["Aggregate","Steam Power","Stack"],"picked":"SKIP","floor":2},{"not_picked":["White Noise","Melter"],"picked":"FTL","floor":3},{"not_picked":["Conserve Battery","Consume"],"picked":"Undo","floor":4},{"not_picked":["Recycle","Capacitor"],"picked":"Beam Cell","floor":5},{"not_picked":["Go for the Eyes","Stack"],"picked":"Hyperbeam","floor":7},{"not_picked":["Leap","Barrage"],"picked":"Echo Form+1","floor":10},{"not_picked":["Compile Driver","Scrape"],"picked":"Coolheaded","floor":12},{"not_picked":["Stack","Darkness"],"picked":"Conserve Battery","floor":13},{"not_picked":["Turbo","Leap"],"picked":"Biased Cognition+1","floor":14},{"not_picked":["Creative AI+1","Multi-Cast"],"picked":"Electrodynamics+1","floor":16},{"not_picked":["Beam Cell+1","Leap"],"picked":"Fusion","floor":18},{"not_picked":["Conserve Battery+1","Go for the Eyes+1"],"picked":"Defragment+1","floor":20},{"not_picked":["Reinforced Body+1","Seek+1"],"picked":"Recycle+1","floor":25},{"not_picked":["Streamline","Turbo+1"],"picked":"BootSequence+1","floor":28},{"not_picked":["Turbo+1","Rebound"],"picked":"Heatsinks+1","floor":30},{"not_picked":["Compile Driver","Beam Cell"],"picked":"Hologram+1","floor":31},{"not_picked":["Reboot+1","Amplify+1"],"picked":"Meteor Strike","floor":33},{"not_picked":["Ball Lightning","Turbo+1"],"picked":"Coolheaded+1","floor":34},{"not_picked":["FTL","Lockon"],"picked":"Capacitor+1","floor":34},{"not_picked":["Ball Lightning","Gash"],"picked":"Compile Driver","floor":34},{"not_picked":["Coolheaded+1","Electrodynamics+1"],"picked":"Glacier+1","floor":35},{"not_picked":["Aggregate+1","Leap+1"],"picked":"Capacitor+1","floor":36},{"not_picked":["FTL","Sweeping Beam+1","Steam+1"],"picked":"SKIP","floor":38},{"not_picked":["Coolheaded+1","Rip and Tear","Turbo+1"],"picked":"SKIP","floor":39},{"not_picked":["Coolheaded+1","Turbo+1"],"picked":"All For One","floor":40},{"not_picked":["Barrage","Sweeping Beam+1","Doom and Gloom"],"picked":"SKIP","floor":42},{"not_picked":["Barrage","Sweeping Beam+1","Doom and Gloom"],"picked":"SKIP","floor":42},{"not_picked":["Turbo+1","Static Discharge+1","Rebound"],"picked":"SKIP","floor":45},{"not_picked":["Turbo+1","Rebound"],"picked":"Static Discharge+1","floor":45},{"not_picked":["Coolheaded+1","Cold Snap+1"],"picked":"Hologram+1","floor":46},{"not_picked":["Ball Lightning+1","Force Field+1"],"picked":"Echo Form+1","floor":55}],"player_experience":5625198,"relics_obtained":[{"floor":9,"key":"Frozen Egg 2"},{"floor":10,"key":"DataDisk"},{"floor":12,"key":"Meat on the Bone"},{"floor":14,"key":"Gremlin Horn"},{"floor":25,"key":"Bag of Marbles"},{"floor":29,"key":"Ancient Tea Set"},{"floor":31,"key":"Orichalcum"},{"floor":40,"key":"Strawberry"},{"floor":42,"key":"Du-Vu Doll"},{"floor":43,"key":"Pen Nib"},{"floor":55,"key":"Boot"}],"event_choices":[{"damage_healed":0,"gold_gain":0,"player_choice":"Lose Max HP","damage_taken":0,"relics_obtained":["Golden Idol"],"max_hp_gain":0,"max_hp_loss":6,"event_name":"Golden Idol","floor":11,"gold_loss":0},{"damage_healed":0,"gold_gain":0,"player_choice":"Obtained Relic","damage_taken":0,"relics_obtained":["Toxic Egg 2"],"max_hp_gain":0,"max_hp_loss":0,"event_name":"Addict","floor":19,"gold_loss":85},{"damage_healed":0,"gold_gain":0,"player_choice":"Read","damage_taken":0,"max_hp_gain":0,"max_hp_loss":0,"event_name":"The Library","floor":22,"gold_loss":0,"cards_obtained":["Glacier"]},{"damage_healed":0,"gold_gain":0,"player_choice":"Gave Idol","damage_taken":0,"relics_obtained":["Bloody Idol"],"max_hp_gain":0,"max_hp_loss":0,"event_name":"Forgotten Altar","floor":27,"relics_lost":["Golden Idol"],"gold_loss":0},{"cards_removed":["Hyperbeam"],"damage_healed":0,"gold_gain":0,"player_choice":"Offered Rare","damage_taken":0,"max_hp_gain":10,"max_hp_loss":0,"event_name":"Bonfire Elementals","floor":37,"gold_loss":0},{"cards_removed":["Beam Cell"],"damage_healed":0,"gold_gain":0,"player_choice":"Removed Attack","damage_taken":0,"max_hp_gain":0,"max_hp_loss":0,"event_name":"Falling","floor":47,"gold_loss":0},{"damage_healed":0,"gold_gain":0,"player_choice":"Got Potions","damage_taken":0,"max_hp_gain":0,"max_hp_loss":0,"event_name":"Lab","floor":48,"gold_loss":0}],"is_beta":false,"boss_relics":[{"not_picked":["Inserter","White Beast Statue"],"picked":"Snecko Eye"},{"not_picked":["Runic Dome","Empty Cage"],"picked":"Orrery"}],"items_purged_floors":[21,54],"is_endless":false,"potions_floor_spawned":[1,4,5,12,13,16,18,25,31,38,39,42],"ascension_level":20}