{"gold_per_floor":[113,113,38,38,52,52,81,41,68,68,86,86,86],"floor_reached":13,"playtime":322,"items_purged":["Defend_R"],"score":85,"play_id":"d4413d8c-9f88-4996-84f9-7fe827585e52","local_time":"20190724120319","is_ascension_mode":true,"campfire_choices":[{"floor":6,"key":"RECALL"},{"data":"Searing Blow","floor":12,"key":"SMITH"}],"neow_cost":"NONE","seed_source_timestamp":1188385339431900,"circlet_count":0,"master_deck":["Strike_R","Strike_R","Strike_R","Strike_R","Strike_R","Defend_R","Defend_R","Defend_R","Bash","Searing Blow+1","Regret","Entrench","Entrench","Spot Weakness"],"relics":["Burning Blood","Letter Opener","Dodecahedron","Red Skull"],"potions_floor_usage":[13,13],"damage_taken":[{"damage":6,"enemies":"Jaw Worm","floor":1,"turns":5},{"damage":0,"enemies":"2 Louse","floor":5,"turns":2},{"damage":74,"enemies":"Lagavulin","floor":7,"turns":8},{"damage":6,"enemies":"Cultist","floor":11,"turns":4},{"damage":21,"enemies":"3 Sentries","floor":13,"turns":2}],"seed_played":"1728563329875589387","potions_obtained":[{"floor":8,"key":"SneckoOil"},{"floor":8,"key":"SmokeBomb"},{"floor":8,"key":"Weak Potion"},{"floor":11,"key":"LiquidBronze"}],"is_trial":false,"path_per_floor":["M","?","$","?","M","R","E","?","T","$","M","R","E"],"character_chosen":"IRONCLAD","items_purchased":[],"campfire_rested":0,"item_purchase_floors":[],"current_hp_per_floor":[88,88,88,88,88,88,20,20,20,20,20,20,0],"gold":86,"neow_bonus":"TEN_PERCENT_HP_BONUS","is_prod":false,"is_daily":false,"chose_seed":false,"campfire_upgraded":1,"win_rate":0,"timestamp":1563987799,"path_taken":["M","?","$","?","M","R","E","?","T","$","M","R","E"],"build_version":"2019-07-17","purchased_purges":1,"victory":false,"max_hp_per_floor":[88,88,88,88,88,88,88,88,88,88,88,88,88],"card_choices":[{"not_picked":["Clothesline","Thunderclap"],"picked":"Searing Blow","floor":1},{"not_picked":["Clothesline","Dual Wield"],"picked":"Entrench","floor":5},{"not_picked":["Thunderclap","Cleave"],"picked":"Entrench","floor":7},{"not_picked":["Reckless Charge","Rampage"],"picked":"Spot Weakness","floor":11}],"player_experience":154766,"relics_obtained":[{"floor":7,"key":"Dodecahedron"},{"floor":9,"key":"Red Skull"}],"event_choices":[{"damage_healed":0,"gold_gain":0,"player_choice":"Box","damage_taken":0,"relics_obtained":["Letter Opener"],"max_hp_gain":0,"max_hp_loss":0,"event_name":"Big Fish","floor":2,"gold_loss":0,"cards_obtained":["Regret"]},{"damage_healed":0,"gold_gain":0,"player_choice":"Leave","damage_taken":0,"max_hp_gain":0,"max_hp_loss":0,"event_name":"The Cleric","floor":4,"gold_loss":0},{"damage_healed":0,"gold_gain":0,"player_choice":"Bought 3 Potions","damage_taken":0,"max_hp_gain":0,"max_hp_loss":0,"event_name":"The Woman in Blue","floor":8,"gold_loss":0}],"is_beta":false,"boss_relics":[],"items_purged_floors":[3],"is_endless":false,"potions_floor_spawned":[11],"killed_by":"3 Sentries","ascension_level":1}