{"gold_per_floor":[112,112,262,28,46,46,77,77,77,77,77,104,29,40,40,118,118,135,35,50,50,10,10,10,10,10,10,21,36,36],"floor_reached":30,"playtime":572,"items_purged":["Doubt","Strike_R"],"score":562,"play_id":"fd8ee161-f095-4690-9a28-b82ee2098829","local_time":"20190324022306","is_ascension_mode":true,"campfire_choices":[{"data":"Armaments","floor":6,"key":"SMITH"},{"data":"Purity","floor":8,"key":"SMITH"},{"data":"Bash","floor":11,"key":"SMITH"},{"data":"Demon Form","floor":15,"key":"SMITH"},{"data":"Body Slam","floor":23,"key":"SMITH"},{"floor":27,"key":"REST"}],"neow_cost":"NONE","seed_source_timestamp":873079357279100,"circlet_count":0,"master_deck":["AscendersBane","Strike_R","Strike_R","Strike_R+1","Defend_R","Defend_R","Defend_R+1","Defend_R","Bash+1","Anger","Armaments+1","Purity+1","Demon Form+1","Body Slam+1","Bludgeon","Pummel"],"relics":["Burning Blood","NeowsBlessing","StoneCalendar","Lantern","Question Card","Bag of Marbles","Runic Dome","Letter Opener"],"potions_floor_usage":[16,24,25],"damage_taken":[{"damage":0,"enemies":"Small Slimes","floor":1,"turns":1},{"damage":0,"enemies":"2 Louse","floor":5,"turns":2},{"damage":0,"enemies":"3 Sentries","floor":7,"turns":2},{"damage":11,"enemies":"Lagavulin","floor":12,"turns":8},{"damage":7,"enemies":"Cultist","floor":14,"turns":4},{"damage":23,"enemies":"The Guardian","floor":16,"turns":9},{"damage":14,"enemies":"2 Thieves","floor":18,"turns":4},{"damage":25,"enemies":"Chosen","floor":20,"turns":4},{"damage":0,"enemies":"Shelled Parasite and Fungi","floor":24,"turns":1},{"damage":31,"enemies":"Book of Stabbing","floor":25,"turns":4},{"damage":30,"enemies":"Snake Plant","floor":28,"turns":3},{"damage":15,"enemies":"Snecko","floor":29,"turns":4},{"damage":8,"enemies":"Chosen and Byrds","floor":30,"turns":2}],"seed_played":"3222390516755034146","potions_obtained":[{"floor":5,"key":"Block Potion"},{"floor":14,"key":"SmokeBomb"},{"floor":18,"key":"SpeedPotion"},{"floor":22,"key":"SmokeBomb"}],"is_trial":false,"path_per_floor":["M","?","?","$","M","R","E","R","T","?","R","E","?","M","R","B",null,"M","$","M","?","?","R","M","E","T","R","M","M","M"],"character_chosen":"IRONCLAD","items_purchased":["Armaments","Purity"],"campfire_rested":1,"item_purchase_floors":[4,4],"current_hp_per_floor":[74,69,69,69,75,75,75,75,75,52,52,47,47,46,46,29,64,56,56,37,37,37,37,43,18,18,40,16,7,0],"gold":36,"neow_bonus":"THREE_ENEMY_KILL","is_prod":false,"is_daily":false,"chose_seed":false,"campfire_upgraded":5,"win_rate":0,"timestamp":1553361786,"path_taken":["M","?","?","$","M","R","E","R","T","?","R","E","?","M","R","BOSS","M","$","M","?","?","R","M","E","T","R","M","?","M"],"build_version":"2019-01-23","purchased_purges":2,"victory":false,"max_hp_per_floor":[75,75,75,75,75,75,75,75,75,75,75,75,75,75,75,75,75,75,75,75,75,75,75,75,75,75,75,75,75,75],"card_choices":[{"not_picked":["Armaments","Pommel Strike"],"picked":"Anger","floor":1},{"not_picked":["Rupture","Warcry","Armaments"],"picked":"SKIP","floor":5},{"not_picked":["Sword Boomerang","Perfected Strike","Ghostly Armor"],"picked":"SKIP","floor":7},{"not_picked":["Exhume","Twin Strike","Flex"],"picked":"Demon Form","floor":12},{"not_picked":["Sword Boomerang","Second Wind","Havoc"],"picked":"Body Slam","floor":14},{"not_picked":["Limit Break","Fiend Fire","Brutality"],"picked":"Bludgeon","floor":16},{"not_picked":["True Grit","Perfected Strike+1","Dropkick","Rage"],"picked":"SKIP","floor":18},{"not_picked":["Combust","Flex","Sever Soul","Body Slam"],"picked":"SKIP","floor":20},{"not_picked":["Flame Barrier","Thunderclap","Rupture","Flex"],"picked":"SKIP","floor":28},{"not_picked":["Cleave","Headbutt","Juggernaut"],"picked":"Pummel","floor":29}],"player_experience":4606277,"relics_obtained":[{"floor":7,"key":"Lantern"},{"floor":9,"key":"Question Card"},{"floor":12,"key":"Bag of Marbles"},{"floor":26,"key":"Letter Opener"}],"event_choices":[{"damage_healed":0,"gold_gain":0,"player_choice":"Success","damage_taken":5,"relics_obtained":["StoneCalendar"],"max_hp_gain":0,"max_hp_loss":0,"event_name":"Scrap Ooze","floor":2,"gold_loss":0},{"damage_healed":0,"gold_gain":150,"player_choice":"AGREE","damage_taken":0,"max_hp_gain":0,"max_hp_loss":0,"event_name":"Liars Game","floor":3,"gold_loss":0,"cards_obtained":["Doubt"]},{"damage_healed":0,"gold_gain":0,"player_choice":"Entered Light","damage_taken":23,"max_hp_gain":0,"max_hp_loss":0,"event_name":"Shining Light","floor":10,"gold_loss":0,"cards_upgraded":["Defend_R","Strike_R"]},{"cards_removed":["Strike_R"],"damage_healed":0,"gold_gain":0,"player_choice":"Card Removal","damage_taken":0,"max_hp_gain":0,"max_hp_loss":0,"event_name":"The Cleric","floor":13,"gold_loss":75},{"damage_healed":0,"gold_gain":0,"player_choice":"Ignored","damage_taken":0,"max_hp_gain":0,"max_hp_loss":0,"event_name":"Vampires","floor":21,"gold_loss":0},{"damage_healed":0,"gold_gain":0,"player_choice":"Bought 3 Potions","damage_taken":0,"max_hp_gain":0,"max_hp_loss":0,"event_name":"The Woman in Blue","floor":22,"gold_loss":0}],"is_beta":false,"boss_relics":[{"not_picked":["Calling Bell","Fusion Hammer"],"picked":"Runic Dome"}],"items_purged_floors":[4,19],"is_endless":false,"potions_floor_spawned":[5,14,18,25],"killed_by":"Chosen and Byrds","ascension_level":20}