{"gold_per_floor":[119,129,129,129,7,34,34,59,59,91,191,191,203,258,258,258],"floor_reached":16,"playtime":398,"items_purged":["Regret"],"score":226,"play_id":"0c80e167-9689-4ad2-9f85-c9a058fde46d","local_time":"20190711013033","is_ascension_mode":true,"campfire_choices":[{"data":"Armaments","floor":7,"key":"SMITH"},{"data":"Feel No Pain","floor":12,"key":"SMITH"},{"floor":15,"key":"REST"}],"neow_cost":"NONE","seed_source_timestamp":1687008578467551,"circlet_count":0,"master_deck":["AscendersBane","Strike_R","Strike_R","Strike_R","Strike_R","Strike_R","Defend_R","Defend_R","Defend_R","Defend_R","Bash","Armaments+1","Whirlwind","Feel No Pain+1","Warcry","Flame Barrier","Sword Boomerang+1","Reckless Charge+1","Twin Strike+1"],"special_seed":0,"relics":["Burning Blood","NeowsBlessing","Boot","The Courier","Shuriken","Blue Candle","Molten Egg 2","Anchor","Oddly Smooth Stone"],"potions_floor_usage":[10,14,14],"damage_taken":[{"damage":0.0,"enemies":"Small Slimes","floor":1.0,"turns":1.0},{"damage":0,"enemies":"Jaw Worm","floor":2,"turns":1},{"damage":0,"enemies":"Lagavulin","floor":6,"turns":1},{"damage":22,"enemies":"3 Sentries","floor":8,"turns":8},{"damage":45,"enemies":"Gremlin Nob","floor":10,"turns":5},{"damage":1,"enemies":"Cultist","floor":13,"turns":3},{"damage":25,"enemies":"Lagavulin Event","floor":14,"turns":5},{"damage":39,"enemies":"Hexaghost","floor":16,"turns":11}],"seed_played":"2795671150381365128","potions_obtained":[{"floor":1,"key":"Strength Potion"},{"floor":10,"key":"Ancient Potion"},{"floor":13,"key":"AttackPotion"}],"is_trial":false,"path_per_floor":["M","M","?","?","$","E","R","E","T","E","?","R","M","?","R","B"],"character_chosen":"IRONCLAD","items_purchased":["Feel No Pain"],"campfire_rested":1,"item_purchase_floors":[5],"current_hp_per_floor":[78,80,80,77,77,80,80,64,64,25,25,25,30,11,35,0],"gold":258,"neow_bonus":"THREE_ENEMY_KILL","is_prod":false,"is_daily":false,"chose_seed":false,"campfire_upgraded":2,"win_rate":0,"timestamp":1562805033,"path_taken":["M","M","?","?","$","E","R","E","T","E","?","R","?","?","R","BOSS"],"build_version":"2019-07-05","purchased_purges":1,"victory":false,"max_hp_per_floor":[80,80,80,80,80,80,80,80,80,80,80,80,80,80,80,80],"card_choices":[{"not_picked":["Power Through","Warcry"],"picked":"Armaments","floor":1},{"not_picked":["Metallicize","Infernal Blade"],"picked":"Whirlwind","floor":2},{"not_picked":["Inflame","Searing Blow"],"picked":"Warcry","floor":6},{"not_picked":["Berserk","Headbutt"],"picked":"Flame Barrier","floor":8},{"not_picked":["Thunderclap+1","Flex"],"picked":"Sword Boomerang+1","floor":10},{"not_picked":["Double Tap","Headbutt+1"],"picked":"Reckless Charge+1","floor":13},{"not_picked":["Dropkick+1","Carnage+1"],"picked":"Twin Strike+1","floor":14}],"player_experience":341528,"relics_obtained":[{"floor":6,"key":"Shuriken"},{"floor":8,"key":"Blue Candle"},{"floor":9,"key":"Molten Egg 2"},{"floor":10,"key":"Anchor"},{"floor":14,"key":"Oddly Smooth Stone"}],"event_choices":[{"damage_healed":0,"gold_gain":0,"player_choice":"Box","damage_taken":0,"relics_obtained":["Boot"],"max_hp_gain":0,"max_hp_loss":0,"event_name":"Big Fish","floor":3,"gold_loss":0,"cards_obtained":["Regret"]},{"damage_healed":0,"gold_gain":0,"player_choice":"Success","damage_taken":3,"relics_obtained":["The Courier"],"max_hp_gain":0,"max_hp_loss":0,"event_name":"Scrap Ooze","floor":4,"gold_loss":0},{"damage_healed":0,"gold_gain":100,"player_choice":"Pray","damage_taken":0,"max_hp_gain":0,"max_hp_loss":0,"event_name":"Golden Shrine","floor":11,"gold_loss":0},{"damage_healed":0,"gold_gain":0,"player_choice":"Searched \u00271\u0027 times","damage_taken":0,"max_hp_gain":0,"max_hp_loss":0,"event_name":"Dead Adventurer","floor":14,"gold_loss":0}],"is_beta":false,"boss_relics":[],"items_purged_floors":[5],"is_endless":false,"potions_floor_spawned":[1,10,13],"killed_by":"Hexaghost","ascension_level":12}