{"gold_per_floor":[119,79,98,117,129,129,161,161,161,161,4,4,18,30,30,103,103,121,137,137,147,147,147,160,177,223,223,97,97,129,146,146,217,217,230,14,14,24,34,90,90],"floor_reached":41,"playtime":1404,"items_purged":["Sweeping Beam","Defend_B+1"],"score":990,"play_id":"e6c16280-d7eb-473c-b911-9ca63b24fb46","local_time":"20190626005221","is_ascension_mode":true,"campfire_choices":[{"data":"Ball Lightning","floor":6,"key":"SMITH"},{"data":"Fission","floor":8,"key":"SMITH"},{"data":"Dualcast","floor":15,"key":"SMITH"},{"data":"Defragment","floor":23,"key":"SMITH"},{"data":"Turbo","floor":27,"key":"SMITH"},{"data":"Defragment","floor":29,"key":"SMITH"},{"floor":32,"key":"REST"}],"neow_cost":"NONE","seed_source_timestamp":626206641326100,"circlet_count":0,"master_deck":["AscendersBane","Defend_B+1","Defend_B+1","Defend_B+1","Zap","Dualcast+1","Ball Lightning+1","Compile Driver","Cold Snap","Fission+1","Turbo+1","Ball Lightning","Coolheaded","Echo Form","Meteor Strike+1","Sweeping Beam+1","BootSequence+1","Defragment+1","Go for the Eyes+1","Lockon+1","Fission+1","Coolheaded","Defragment+1","Machine Learning","Tempest","Buffer+1","Loop+1"],"relics":["Cracked Core","Omamori","Anchor","Strawberry","DataDisk","Astrolabe","Smiling Mask","Molten Egg 2","Coffee Dripper","PreservedInsect","Tiny Chest"],"potions_floor_usage":[7,7,7,19,25,30,33,39],"damage_taken":[{"damage":10,"enemies":"Small Slimes","floor":1,"turns":4},{"damage":1,"enemies":"Cultist","floor":3,"turns":3},{"damage":1,"enemies":"2 Louse","floor":4,"turns":2},{"damage":7,"enemies":"Large Slime","floor":5,"turns":5},{"damage":16,"enemies":"Lagavulin","floor":7,"turns":6},{"damage":0,"enemies":"Gremlin Gang","floor":13,"turns":2},{"damage":0,"enemies":"Lots of Slimes","floor":14,"turns":2},{"damage":23,"enemies":"The Guardian","floor":16,"turns":14},{"damage":10,"enemies":"2 Thieves","floor":18,"turns":3},{"damage":0,"enemies":"Chosen","floor":19,"turns":3},{"damage":3,"enemies":"Centurion and Healer","floor":21,"turns":5},{"damage":4,"enemies":"Snake Plant","floor":24,"turns":4},{"damage":0,"enemies":"Cultist and Chosen","floor":25,"turns":4},{"damage":0,"enemies":"Gremlin Leader","floor":30,"turns":5},{"damage":15,"enemies":"Snecko","floor":31,"turns":6},{"damage":10,"enemies":"Automaton","floor":33,"turns":9},{"damage":0,"enemies":"Orb Walker","floor":35,"turns":3},{"damage":14,"enemies":"3 Darklings","floor":38,"turns":4},{"damage":14,"enemies":"Spire Growth","floor":39,"turns":3},{"damage":0,"enemies":"Nemesis","floor":40,"turns":7},{"damage":64,"enemies":"4 Shapes","floor":41,"turns":3}],"seed_played":"6896991898822156230","potions_obtained":[{"floor":2,"key":"SkillPotion"},{"floor":2,"key":"PowerPotion"},{"floor":4,"key":"Block Potion"},{"floor":5,"key":"EntropicBrew"},{"floor":14,"key":"Energy Potion"},{"floor":16,"key":"Block Potion"},{"floor":21,"key":"GamblersBrew"},{"floor":25,"key":"SkillPotion"},{"floor":35,"key":"Energy Potion"}],"is_trial":false,"path_per_floor":["M","?","M","M","M","R","E","R","T","?","$","?","M","M","R","B",null,"M","M","?","M","?","R","M","M","T","R","$","R","E","M","R","B",null,"M","$","?","M","M","E","M"],"character_chosen":"DEFECT","items_purchased":["DataDisk","Defragment","PreservedInsect"],"campfire_rested":1,"item_purchase_floors":[11,28,36],"current_hp_per_floor":[54,54,53,52,45,45,29,29,36,36,36,36,36,36,36,13,62,52,52,52,49,49,49,45,45,45,45,45,45,45,30,53,43,69,69,69,69,55,41,41,0],"gold":90,"neow_bonus":"RANDOM_COMMON_RELIC","is_prod":false,"is_daily":false,"chose_seed":false,"campfire_upgraded":6,"win_rate":0,"timestamp":1561477941,"path_taken":["M","?","?","M","M","R","E","R","T","?","$","?","?","M","R","BOSS","M","?","?","M","?","R","M","?","T","R","?","R","E","?","R","BOSS","M","$","?","?","M","E","M"],"build_version":"2019-01-23","purchased_purges":2,"victory":false,"max_hp_per_floor":[71,71,71,71,71,71,71,71,78,78,78,78,78,78,78,78,78,78,78,78,78,78,78,78,78,78,78,78,78,78,78,78,78,78,78,78,78,78,78,78,78],"card_choices":[{"not_picked":["Reprogram","Stack"],"picked":"Sweeping Beam","floor":1},{"not_picked":["Chill","Gash"],"picked":"Ball Lightning","floor":3},{"not_picked":["Steam","Turbo"],"picked":"Compile Driver","floor":4},{"not_picked":["Leap","Go for the Eyes"],"picked":"Cold Snap","floor":5},{"not_picked":["Melter","Ball Lightning"],"picked":"Fission","floor":7},{"not_picked":["Chaos","Sweeping Beam"],"picked":"Ball Lightning","floor":13},{"not_picked":["Sweeping Beam","Consume"],"picked":"Coolheaded","floor":14},{"not_picked":["Multi-Cast","Rainbow"],"picked":"Echo Form","floor":16},{"not_picked":["Lockon","Stack"],"picked":"Defragment","floor":18},{"not_picked":["BootSequence","Genetic Algorithm"],"picked":"Go for the Eyes+1","floor":19},{"not_picked":["Double Energy","Compile Driver"],"picked":"Lockon+1","floor":21},{"not_picked":["Stack","Turbo"],"picked":"Coolheaded","floor":24},{"not_picked":["Compile Driver","Streamline+1","Conserve Battery"],"picked":"SKIP","floor":25},{"not_picked":["Stack","Turbo"],"picked":"Machine Learning","floor":30},{"not_picked":["Ball Lightning+1","Turbo"],"picked":"Tempest","floor":31},{"not_picked":["Amplify","Machine Learning"],"picked":"Buffer","floor":33},{"not_picked":["Redo+1","Rebound+1","Turbo"],"picked":"SKIP","floor":35},{"not_picked":["Stack+1","Redo"],"picked":"Loop+1","floor":38},{"not_picked":["Melter+1","Cold Snap+1","Stack"],"picked":"SKIP","floor":39},{"not_picked":["Stack+1","Melter+1","Streamline+1"],"picked":"SKIP","floor":40}],"player_experience":5488005,"relics_obtained":[{"floor":7,"key":"Anchor"},{"floor":9,"key":"Strawberry"},{"floor":26,"key":"Smiling Mask"},{"floor":30,"key":"Molten Egg 2"},{"floor":40,"key":"Tiny Chest"}],"event_choices":[{"damage_healed":0,"gold_gain":0,"player_choice":"Bought 3 Potions","damage_taken":0,"max_hp_gain":0,"max_hp_loss":0,"event_name":"The Woman in Blue","floor":2,"gold_loss":0},{"damage_healed":0,"gold_gain":0,"cards_transformed":["Strike_B"],"player_choice":"Change","damage_taken":0,"max_hp_gain":0,"max_hp_loss":0,"event_name":"Living Wall","floor":10,"gold_loss":0,"cards_obtained":["Turbo"]},{"damage_healed":0,"gold_gain":0,"player_choice":"Cursed","damage_taken":0,"max_hp_gain":0,"max_hp_loss":0,"event_name":"Wheel of Change","floor":12,"gold_loss":0,"cards_obtained":["Decay"]},{"damage_healed":0,"gold_gain":0,"player_choice":"Simplicity","damage_taken":0,"max_hp_gain":0,"max_hp_loss":0,"event_name":"Back to Basics","floor":20,"gold_loss":0,"cards_upgraded":["Defend_B","Defend_B","Defend_B","Defend_B"]},{"damage_healed":0,"gold_gain":0,"player_choice":"Copied","damage_taken":0,"max_hp_gain":0,"max_hp_loss":0,"event_name":"Duplicator","floor":22,"gold_loss":0,"cards_obtained":["Fission"]},{"damage_healed":0,"gold_gain":0,"player_choice":"Upgraded","damage_taken":0,"max_hp_gain":0,"max_hp_loss":0,"event_name":"Upgrade Shrine","floor":37,"gold_loss":0,"cards_upgraded":["Buffer"]}],"is_beta":false,"boss_relics":[{"not_picked":["Empty Cage","Runic Dome"],"picked":"Astrolabe"},{"not_picked":["Sozu","Black Star"],"picked":"Coffee Dripper"}],"items_purged_floors":[28,36],"is_endless":false,"potions_floor_spawned":[4,5,14,16,21,24,25,35],"killed_by":"4 Shapes","ascension_level":20}