{"gold_per_floor":[110,35,52,68,84,84,116,147,159,171,183,195,207,239,251,335,347,372,384,396,423,94,94],"floor_reached":23,"playtime":683,"items_purged":[],"score":567,"play_id":"8221fa32-0629-44af-93c1-e39e4570ab71","local_time":"20190719205151","is_ascension_mode":true,"campfire_choices":[{"floor":6,"key":"REST"},{"data":"Apotheosis","floor":10,"key":"SMITH"},{"floor":12,"key":"RECALL"},{"floor":15,"key":"REST"}],"neow_cost":"","seed_source_timestamp":2444020781725804,"circlet_count":0,"master_deck":["AscendersBane","Strike_R","Strike_R","Strike_R","Strike_R","Defend_R","Defend_R","Defend_R","Defend_R","Bash","Apotheosis+1","Iron Wave","Infernal Blade","Offering","Rage","Twin Strike","Pommel Strike","Ghostly Armor","Twin Strike","Spot Weakness","Demon Form","Sword Boomerang","Battle Trance","Ghostly Armor","Shrug It Off","Whirlwind","Whirlwind","Offering"],"relics":["Burning Blood","Gremlin Horn","MawBank","Orrery","Membership Card"],"potions_floor_usage":[7,21,23],"damage_taken":[{"damage":0,"enemies":"Cultist","floor":1,"turns":4},{"damage":6,"enemies":"Small Slimes","floor":3,"turns":1},{"damage":8,"enemies":"Jaw Worm","floor":4,"turns":2},{"damage":13,"enemies":"Red Slaver","floor":5,"turns":3},{"damage":10,"enemies":"Lagavulin","floor":7,"turns":6},{"damage":6,"enemies":"Blue Slaver","floor":8,"turns":3},{"damage":17,"enemies":"Large Slime","floor":14,"turns":4},{"damage":30,"enemies":"The Guardian","floor":16,"turns":11},{"damage":15,"enemies":"Chosen","floor":18,"turns":4},{"damage":14,"enemies":"Shell Parasite","floor":21,"turns":5},{"damage":47,"enemies":"Book of Stabbing","floor":23,"turns":5}],"seed_played":"3057224740396754552","potions_obtained":[{"floor":3,"key":"Weak Potion"},{"floor":4,"key":"AttackPotion"},{"floor":8,"key":"Ancient Potion"},{"floor":16,"key":"Regen Potion"}],"is_trial":false,"path_per_floor":["M","$","M","M","M","R","E","M","T","R","?","R","?","M","R","B",null,"M","?","?","M","$","E"],"character_chosen":"IRONCLAD","items_purchased":["Apotheosis","Gremlin Horn","PowerPotion","Iron Wave","Offering","Membership Card","Offering","Fire Potion"],"campfire_rested":2,"item_purchase_floors":[0,0,0,0,2,22,22,22],"current_hp_per_floor":[47,47,47,45,38,60,56,56,56,56,56,56,56,45,67,43,67,58,58,37,41,41,0],"gold":94,"neow_bonus":"","is_prod":false,"is_daily":false,"chose_seed":false,"campfire_upgraded":1,"win_rate":0,"timestamp":1563562311,"path_taken":["M","$","M","M","?","R","E","M","T","R","?","R","?","?","R","BOSS","M","?","?","M","$","E"],"build_version":"2019-07-17","purchased_purges":0,"victory":false,"max_hp_per_floor":[75,75,75,75,75,75,75,75,75,75,75,75,75,75,75,75,75,75,75,80,80,80,80],"card_choices":[{"not_picked":["Body Slam","Dropkick"],"picked":"Infernal Blade","floor":1},{"not_picked":["Sentinel","Intimidate"],"picked":"Rage","floor":3},{"not_picked":["Pummel","Body Slam"],"picked":"Twin Strike","floor":4},{"not_picked":["Warcry","Blood for Blood"],"picked":"Pommel Strike","floor":5},{"not_picked":["Warcry","Cleave"],"picked":"Ghostly Armor","floor":7},{"not_picked":["Dropkick","Heavy Blade"],"picked":"Twin Strike","floor":8},{"not_picked":["Combust","Iron Wave"],"picked":"Spot Weakness","floor":14},{"not_picked":["Bludgeon","Fiend Fire"],"picked":"Demon Form","floor":16},{"not_picked":["Flex","Iron Wave"],"picked":"Sword Boomerang","floor":17},{"not_picked":["Anger","Thunderclap"],"picked":"Battle Trance","floor":17},{"not_picked":["Bloodletting","Rampage"],"picked":"Ghostly Armor","floor":17},{"not_picked":["Dropkick","Uppercut"],"picked":"Shrug It Off","floor":17},{"not_picked":["Pummel","Body Slam","Disarm"],"picked":"SKIP","floor":18},{"not_picked":["Clash","Body Slam"],"picked":"Whirlwind","floor":21}],"player_experience":488285,"relics_obtained":[{"floor":7,"key":"MawBank"}],"event_choices":[{"damage_healed":0,"gold_gain":0,"player_choice":"Ignored","damage_taken":0,"max_hp_gain":0,"max_hp_loss":0,"event_name":"Liars Game","floor":11,"gold_loss":0},{"cards_removed":["Strike_R"],"damage_healed":0,"gold_gain":0,"player_choice":"Purged","damage_taken":0,"max_hp_gain":0,"max_hp_loss":0,"event_name":"Purifier","floor":13,"gold_loss":0},{"damage_healed":0,"gold_gain":0,"player_choice":"Read","damage_taken":0,"max_hp_gain":0,"max_hp_loss":0,"event_name":"The Library","floor":19,"gold_loss":0,"cards_obtained":["Whirlwind"]},{"damage_healed":0,"gold_gain":0,"player_choice":"Shed Blood","damage_taken":26,"max_hp_gain":5,"max_hp_loss":0,"event_name":"Forgotten Altar","floor":20,"gold_loss":0}],"is_beta":false,"boss_relics":[{"not_picked":["Lizard Tail","White Beast Statue"],"picked":"Orrery"}],"items_purged_floors":[],"is_endless":false,"potions_floor_spawned":[3,4,8,16,18],"killed_by":"Book of Stabbing","ascension_level":19}