{"gold_per_floor":[210,228,228,247,260,260,271,281,306,326,352,365,290,301,301,372,372,388,401,415,330,346,376,376,401,470,470,499,519,536,563,563,635,635,652,671,125,143,193,222,222,251,251,283,301,329,346,381,381,381,381,381,381,23,50,50],"floor_reached":57,"playtime":2097,"items_purged":["Clash","Bash"],"score":3380,"play_id":"53ec381b-8f85-4d80-ae2b-8986623dc8a3","local_time":"20190427014456","is_ascension_mode":true,"campfire_choices":[{"data":"Perfected Strike","floor":6,"key":"SMITH"},{"data":"Perfected Strike","floor":15,"key":"SMITH"},{"data":"Perfected Strike","floor":24,"key":"SMITH"},{"floor":27,"key":"REST"},{"data":"Uppercut","floor":32,"key":"SMITH"},{"data":"Uppercut","floor":41,"key":"SMITH"},{"floor":49,"key":"RECALL"},{"data":"Evolve","floor":53,"key":"SMITH"}],"neow_cost":"NONE","seed_source_timestamp":511940424866500,"circlet_count":0,"master_deck":["AscendersBane","Strike_R+1","Strike_R+1","Strike_R","Strike_R","Strike_R","Defend_R+1","Defend_R","Defend_R","Defend_R","Perfected Strike+1","Perfected Strike+1","Battle Trance+1","Shrug It Off","Seeing Red","Twin Strike","Perfected Strike+1","Headbutt","Exhume+1","Clothesline","Perfected Strike+1","Pommel Strike+1","Corruption","Twin Strike","Twin Strike","Uppercut+1","Evolve+1","Twin Strike+1","Dark Embrace","Shockwave+1","Feel No Pain+1","Shrug It Off+1","Master of Strategy+1","Sentinel+1","Uppercut+1","Twin Strike+1","Pommel Strike","Twin Strike","Ghostly Armor+1","Seeing Red+1","Perfected Strike","Panacea+1","Armaments+1","The Bomb+1","Havoc+1"],"relics":["Burning Blood","Red Skull","Toxic Egg 2","Snecko Eye","Regal Pillow","PreservedInsect","War Paint","Dodecahedron","Magic Flower","Gambling Chip","Eternal Feather","Membership Card","Pocketwatch","Blood Vial","Bottled Flame","Dream Catcher","Bag of Preparation","Whetstone","Mummified Hand","Vajra"],"potions_floor_usage":[11,23,23,33,56,56],"damage_taken":[{"damage":1,"enemies":"2 Louse","floor":1,"turns":3},{"damage":19,"enemies":"Jaw Worm","floor":2,"turns":4},{"damage":1,"enemies":"Cultist","floor":4,"turns":3},{"damage":11,"enemies":"Blue Slaver","floor":5,"turns":4},{"damage":6,"enemies":"Looter","floor":7,"turns":2},{"damage":9,"enemies":"3 Louse","floor":8,"turns":4},{"damage":18,"enemies":"Lots of Slimes","floor":10,"turns":4},{"damage":12,"enemies":"Lagavulin","floor":11,"turns":4},{"damage":3,"enemies":"Looter","floor":12,"turns":2},{"damage":14,"enemies":"Red Slaver","floor":14,"turns":2},{"damage":15,"enemies":"Hexaghost","floor":16,"turns":8},{"damage":21,"enemies":"Shell Parasite","floor":18,"turns":2},{"damage":22,"enemies":"2 Thieves","floor":19,"turns":3},{"damage":0,"enemies":"Centurion and Healer","floor":20,"turns":3},{"damage":6,"enemies":"3 Cultists","floor":22,"turns":3},{"damage":3,"enemies":"Slavers","floor":23,"turns":3},{"damage":24,"enemies":"Book of Stabbing","floor":25,"turns":2},{"damage":5,"enemies":"Gremlin Leader","floor":28,"turns":2},{"damage":0,"enemies":"Chosen and Byrds","floor":29,"turns":3},{"damage":0,"enemies":"Sentry and Sphere","floor":30,"turns":2},{"damage":2,"enemies":"Slavers","floor":31,"turns":2},{"damage":53,"enemies":"Collector","floor":33,"turns":4},{"damage":0,"enemies":"Orb Walker","floor":35,"turns":2},{"damage":0,"enemies":"3 Darklings","floor":36,"turns":2},{"damage":0,"enemies":"Maw","floor":38,"turns":4},{"damage":0,"enemies":"Reptomancer","floor":40,"turns":2},{"damage":0,"enemies":"Giant Head","floor":42,"turns":2},{"damage":0,"enemies":"Nemesis","floor":44,"turns":1},{"damage":19,"enemies":"Writhing Mass","floor":45,"turns":2},{"damage":0,"enemies":"Reptomancer","floor":46,"turns":3},{"damage":9,"enemies":"Sphere and 2 Shapes","floor":47,"turns":3},{"damage":0,"enemies":"Giant Head","floor":48,"turns":1},{"damage":15,"enemies":"Time Eater","floor":50,"turns":5},{"damage":30,"enemies":"Donu and Deca","floor":51,"turns":6},{"damage":15,"enemies":"Shield and Spear","floor":55,"turns":3},{"damage":68,"enemies":"The Heart","floor":56,"turns":6}],"seed_played":"-8303373411336153890","potions_obtained":[{"floor":2,"key":"Block Potion"},{"floor":7,"key":"FearPotion"},{"floor":11,"key":"Fire Potion"},{"floor":16,"key":"FearPotion"},{"floor":23,"key":"Weak Potion"},{"floor":28,"key":"Ancient Potion"},{"floor":33,"key":"Swift Potion"},{"floor":45,"key":"GamblersBrew"}],"is_trial":false,"path_per_floor":["M","M","?","M","M","R","M","M","T","M","E","M","?","M","R","B",null,"M","M","M","?","M","E","R","E","T","R","E","M","M","E","R","B",null,"M","M","$","M","?","E","R","E","T","E","M","E","M","E","R","B","B",null,"R","$","E","B",null],"character_chosen":"IRONCLAD","items_purchased":["Membership Card","Pocketwatch","Shrug It Off+1","Master of Strategy+1","Panacea+1","Armaments+1","Mummified Hand","The Bomb+1"],"campfire_rested":1,"item_purchase_floors":[37,37,37,37,54,54,54,54],"current_hp_per_floor":[73,60,60,65,60,60,60,57,57,45,39,42,42,34,34,25,63,48,32,38,38,38,41,41,23,23,60,61,70,75,75,75,31,64,73,75,75,75,75,75,75,75,75,75,65,75,75,75,75,69,51,69,75,75,69,13],"gold":50,"neow_bonus":"HUNDRED_GOLD","is_prod":false,"is_daily":false,"chose_seed":false,"campfire_upgraded":6,"win_rate":0,"timestamp":1556297096,"path_taken":["M","M","?","M","M","R","M","M","T","M","E","M","?","M","R","BOSS","M","M","M","?","M","E","R","E","T","R","E","M","M","E","R","BOSS","M","M","$","M","?","E","R","E","T","E","M","E","?","E","R","BOSS","BOSS","R","$","E","BOSS"],"build_version":"2019-01-23","purchased_purges":2,"victory":true,"max_hp_per_floor":[75,75,75,75,75,75,75,75,75,75,75,75,75,75,75,75,75,75,75,75,75,75,75,75,75,75,75,75,75,75,75,75,75,75,75,75,75,75,75,75,75,75,75,75,75,75,75,75,75,75,75,75,75,75,75,75],"card_choices":[{"not_picked":["Thunderclap","Warcry"],"picked":"Cleave","floor":1},{"not_picked":["Pummel","Rupture"],"picked":"Perfected Strike","floor":2},{"not_picked":["Reckless Charge","Fire Breathing"],"picked":"Clash","floor":4},{"not_picked":["Immolate","Anger"],"picked":"Perfected Strike","floor":5},{"not_picked":["Headbutt","True Grit"],"picked":"Battle Trance","floor":7},{"not_picked":["Disarm","Fire Breathing"],"picked":"Shrug It Off","floor":8},{"not_picked":["Shockwave","Iron Wave"],"picked":"Seeing Red","floor":10},{"not_picked":["Iron Wave","Headbutt"],"picked":"Twin Strike","floor":11},{"not_picked":["Hemokinesis","Body Slam"],"picked":"Perfected Strike","floor":12},{"not_picked":["Iron Wave","Burning Pact+1"],"picked":"Headbutt","floor":14},{"not_picked":["Demon Form","Immolate"],"picked":"Exhume+1","floor":16},{"not_picked":["Sever Soul","Sword Boomerang"],"picked":"Clothesline","floor":18},{"not_picked":["Hemokinesis","Anger"],"picked":"Perfected Strike","floor":19},{"not_picked":["Limit Break+1","Headbutt"],"picked":"Pommel Strike+1","floor":20},{"not_picked":["Warcry+1","Pommel Strike"],"picked":"Corruption","floor":22},{"not_picked":["Cleave+1","Brutality"],"picked":"Twin Strike","floor":23},{"not_picked":["Flex+1","Sever Soul","Thunderclap"],"picked":"SKIP","floor":25},{"not_picked":["Iron Wave","Armaments+1"],"picked":"Twin Strike","floor":28},{"not_picked":["Evolve+1","Sword Boomerang+1"],"picked":"Uppercut","floor":29},{"not_picked":["Dropkick","Sever Soul"],"picked":"Evolve","floor":30},{"not_picked":["Evolve","Ghostly Armor+1"],"picked":"Twin Strike+1","floor":31},{"not_picked":["Fiend Fire","Juggernaut"],"picked":"Dark Embrace","floor":33},{"not_picked":["Twin Strike","Cleave+1"],"picked":"Shockwave+1","floor":35},{"not_picked":["Cleave+1","True Grit+1"],"picked":"Feel No Pain+1","floor":36},{"not_picked":["Wild Strike+1","Intimidate+1"],"picked":"Sentinel+1","floor":38},{"not_picked":["Armaments+1","Demon Form"],"picked":"Uppercut","floor":40},{"not_picked":["Spot Weakness+1","Pummel"],"picked":"Twin Strike+1","floor":42},{"not_picked":["Iron Wave+1","Thunderclap+1"],"picked":"Pommel Strike","floor":44},{"not_picked":["Clothesline","Blood for Blood"],"picked":"Twin Strike","floor":45},{"not_picked":["Juggernaut","Clothesline"],"picked":"Ghostly Armor+1","floor":46},{"not_picked":["Combust+1","Dropkick+1"],"picked":"Seeing Red+1","floor":47},{"not_picked":["Clothesline","Havoc+1"],"picked":"Perfected Strike","floor":48},{"not_picked":["Evolve+1","Hemokinesis"],"picked":"Havoc+1","floor":55}],"player_experience":4853797,"relics_obtained":[{"floor":9,"key":"Red Skull"},{"floor":11,"key":"Toxic Egg 2"},{"floor":23,"key":"PreservedInsect"},{"floor":25,"key":"War Paint"},{"floor":26,"key":"Dodecahedron"},{"floor":28,"key":"Magic Flower"},{"floor":31,"key":"Gambling Chip"},{"floor":40,"key":"Blood Vial"},{"floor":42,"key":"Bottled Flame"},{"floor":44,"key":"Dream Catcher"},{"floor":46,"key":"Bag of Preparation"},{"floor":48,"key":"Whetstone"},{"floor":55,"key":"Vajra"}],"event_choices":[{"damage_healed":0,"gold_gain":0,"player_choice":"Grow","damage_taken":0,"max_hp_gain":0,"max_hp_loss":0,"event_name":"Living Wall","floor":3,"gold_loss":0,"cards_upgraded":["Perfected Strike"]},{"cards_removed":["Cleave"],"damage_healed":0,"gold_gain":0,"player_choice":"Card Removal","damage_taken":0,"max_hp_gain":0,"max_hp_loss":0,"event_name":"The Cleric","floor":13,"gold_loss":75},{"damage_healed":0,"gold_gain":0,"player_choice":"Obtained Relic","damage_taken":0,"relics_obtained":["Regal Pillow"],"max_hp_gain":0,"max_hp_loss":0,"event_name":"Addict","floor":21,"gold_loss":85},{"damage_healed":0,"gold_gain":50,"player_choice":"Pray","damage_taken":0,"max_hp_gain":0,"max_hp_loss":0,"event_name":"Golden Shrine","floor":39,"gold_loss":0}],"is_beta":false,"boss_relics":[{"not_picked":["Sozu","Mark of Pain"],"picked":"Snecko Eye"},{"not_picked":["Tiny House","Empty Cage"],"picked":"Eternal Feather"}],"items_purged_floors":[37,54],"is_endless":false,"potions_floor_spawned":[2,7,8,11,16,19,22,23,28,33,38,42,44,45,48],"ascension_level":20}