{"gold_per_floor":[111,125,85,97,117,117,146,146,220,220,249,249,39,53,53,130,130,147,160,160,160,173,206,206,222,267,267,294,77,87,103,103,180,180,198,216,216,226,226,254,254,75,99,130,130,162,162,37,37,37,37,37,37,37,63,63],"floor_reached":57,"playtime":2562,"items_purged":["Strike_B","Defend_B","Defend_B"],"score":3026,"play_id":"7210ec0e-5758-4326-96cc-803747b5169c","local_time":"20190708023322","is_ascension_mode":true,"campfire_choices":[{"data":"Defragment","floor":6.0,"key":"SMITH"},{"data":"Sunder","floor":8.0,"key":"SMITH"},{"data":"Melter","floor":10.0,"key":"SMITH"},{"data":"Go for the Eyes","floor":15.0,"key":"SMITH"},{"floor":24.0,"key":"REST"},{"floor":27.0,"key":"REST"},{"floor":32.0,"key":"RECALL"},{"floor":41.0,"key":"REST"},{"floor":45,"key":"DIG"},{"floor":47,"key":"DIG"},{"floor":49,"key":"DIG"},{"floor":53,"key":"DIG"}],"neow_cost":"PERCENT_DAMAGE","seed_source_timestamp":443068766811700,"circlet_count":0,"master_deck":["AscendersBane","Zap","Dualcast","Undo","Cold Snap","Defragment+1","Sunder+1","Melter+1","Coolheaded","Lockon","Go for the Eyes+1","Hologram","Rainbow","Barrage+1","Seek","Coolheaded","Consume+1","Creative AI","Fission","Chaos+1","Self Repair","Go for the Eyes+1","Barrage+1","Compile Driver+1","Master of Strategy","Apotheosis","Panacea","Defragment","Force Field+1","Seek+1"],"special_seed":0,"relics":["Cracked Core","StoneCalendar","Symbiotic Virus","Boot","Fusion Hammer","Oddly Smooth Stone","Centennial Puzzle","Incense Burner","Runic Capacitor","Orrery","Toxic Egg 2","Ancient Tea Set","Shovel","Orichalcum","Shuriken","Ornamental Fan","Bottled Tornado","Pear","DataDisk"],"potions_floor_usage":[44,51],"damage_taken":[{"damage":9.0,"enemies":"2 Louse","floor":1.0,"turns":2.0},{"damage":0.0,"enemies":"Cultist","floor":2.0,"turns":3.0},{"damage":0.0,"enemies":"Small Slimes","floor":4.0,"turns":2.0},{"damage":6.0,"enemies":"Looter","floor":5.0,"turns":3.0},{"damage":9.0,"enemies":"Gremlin Nob","floor":7.0,"turns":3.0},{"damage":2.0,"enemies":"Lagavulin","floor":11.0,"turns":5.0},{"damage":3.0,"enemies":"Lots of Slimes","floor":14.0,"turns":4.0},{"damage":2.0,"enemies":"Hexaghost","floor":16.0,"turns":7.0},{"damage":2.0,"enemies":"2 Thieves","floor":18.0,"turns":2.0},{"damage":4.0,"enemies":"3 Byrds","floor":19.0,"turns":3.0},{"damage":0.0,"enemies":"Snecko","floor":22.0,"turns":3.0},{"damage":31.0,"enemies":"Slavers","floor":23.0,"turns":4.0},{"damage":0.0,"enemies":"Centurion and Healer","floor":25.0,"turns":6.0},{"damage":1.0,"enemies":"Gremlin Leader","floor":28.0,"turns":5.0},{"damage":16.0,"enemies":"Shelled Parasite and Fungi","floor":30.0,"turns":4.0},{"damage":0.0,"enemies":"Snecko","floor":31.0,"turns":6.0},{"damage":14.0,"enemies":"Collector","floor":33.0,"turns":7.0},{"damage":0.0,"enemies":"3 Shapes","floor":35.0,"turns":4.0},{"damage":15.0,"enemies":"3 Darklings","floor":36.0,"turns":7.0},{"damage":9.0,"enemies":"Jaw Worm Horde","floor":38.0,"turns":4.0},{"damage":0.0,"enemies":"Nemesis","floor":40.0,"turns":5.0},{"damage":26,"enemies":"Reptomancer","floor":44,"turns":5},{"damage":0,"enemies":"Nemesis","floor":46,"turns":5},{"damage":0,"enemies":"Awakened One","floor":50,"turns":18},{"damage":0,"enemies":"Time Eater","floor":51,"turns":23},{"damage":17,"enemies":"Shield and Spear","floor":55,"turns":11},{"damage":50,"enemies":"The Heart","floor":56,"turns":10}],"seed_played":"-5849599223673021611","potions_obtained":[{"floor":1.0,"key":"Fire Potion"},{"floor":3.0,"key":"Fire Potion"},{"floor":23.0,"key":"Poison Potion"},{"floor":28.0,"key":"GamblersBrew"},{"floor":36.0,"key":"FocusPotion"},{"floor":44,"key":"EssenceOfSteel"}],"is_trial":false,"path_per_floor":["M","M","?","M","M","R","E","R","T","R","E","T","$","M","R","B",null,"M","M","?","?","M","E","R","M","T","R","E","$","M","M","R","B",null,"M","M","?","M","?","E","R","$","T","E","R","E","R","$","R","B","B",null,"R","$","E","B",null],"character_chosen":"DEFECT","items_purchased":["Lockon","Go for the Eyes","Runic Capacitor","Force Field+1"],"campfire_rested":3,"item_purchase_floors":[13,13,29,42],"current_hp_per_floor":[37,37,37,37,31,31,22,22,22,22,20,20,20,17,17,15,57,55,51,65,65,65,34,55,55,55,71,70,70,54,54,54,40,63,70,62,62,60,50,50,71,71,71,55,55,55,55,55,55,65,71,71,81,81,74,24],"gold":63,"neow_bonus":"REMOVE_TWO","is_prod":false,"is_daily":false,"chose_seed":false,"campfire_upgraded":4,"win_rate":0,"timestamp":1562520802,"path_taken":["M","M","?","?","M","R","E","R","T","R","E","?","$","M","R","BOSS","M","M","?","?","M","E","R","M","T","R","E","$","M","M","R","BOSS","M","M","?","?","?","E","R","$","T","E","R","E","R","$","R","BOSS","BOSS","R","$","E","BOSS"],"build_version":"2019-07-05","purchased_purges":3,"victory":true,"max_hp_per_floor":[71,71,71,71,71,71,71,71,71,71,71,71,71,71,71,71,71,71,71,71,71,71,71,71,71,71,71,71,71,71,71,71,71,71,71,71,71,71,71,71,71,71,71,71,71,71,71,71,71,71,71,71,81,81,81,81],"card_choices":[{"not_picked":["Reinforced Body","Blizzard"],"picked":"Undo","floor":1.0},{"not_picked":["Skim","Steam"],"picked":"Cold Snap","floor":2.0},{"not_picked":["Sweeping Beam","Rip and Tear"],"picked":"Defragment","floor":4.0},{"not_picked":["Sweeping Beam","Barrage"],"picked":"Sunder","floor":5.0},{"not_picked":["Cold Snap","Coolheaded"],"picked":"Melter","floor":7.0},{"not_picked":["Consume","Streamline"],"picked":"Coolheaded","floor":11.0},{"not_picked":["Leap","Sweeping Beam"],"picked":"Hologram","floor":14.0},{"not_picked":["Hyperbeam","Biased Cognition"],"picked":"Rainbow","floor":16.0},{"not_picked":["Tempest+1","Conserve Battery"],"picked":"Barrage+1","floor":18.0},{"not_picked":["Lockon","Go for the Eyes","Consume"],"picked":"SKIP","floor":19.0},{"not_picked":["Darkness","Sunder","Lockon"],"picked":"SKIP","floor":22.0},{"not_picked":["Compile Driver","Blizzard"],"picked":"Consume+1","floor":23.0},{"not_picked":["Lockon","Go for the Eyes","Sweeping Beam"],"picked":"SKIP","floor":25.0},{"not_picked":["Cold Snap","Beam Cell"],"picked":"Creative AI","floor":28.0},{"not_picked":["Ball Lightning+1","Rebound","Redo"],"picked":"SKIP","floor":30.0},{"not_picked":["Redo","Leap","Melter"],"picked":"SKIP","floor":31.0},{"not_picked":["Machine Learning","Creative AI"],"picked":"Fission","floor":33.0},{"not_picked":["Double Energy+1","Hologram"],"picked":"Chaos+1","floor":34.0},{"not_picked":["Go for the Eyes+1","Turbo"],"picked":"Self Repair","floor":34.0},{"not_picked":["Genetic Algorithm","Heatsinks"],"picked":"Go for the Eyes+1","floor":35.0},{"not_picked":["Reinforced Body","Ball Lightning"],"picked":"Barrage+1","floor":36.0},{"not_picked":["Rebound","Fusion"],"picked":"Compile Driver+1","floor":38.0},{"not_picked":["Good Instincts","Sadistic Nature"],"picked":"Master of Strategy","floor":39.0},{"not_picked":["Flash of Steel","Mind Blast"],"picked":"Apotheosis","floor":39.0},{"not_picked":["PanicButton","Dramatic Entrance"],"picked":"Panacea","floor":39.0},{"not_picked":["Cold Snap","Rip and Tear+1"],"picked":"Defragment","floor":40.0},{"not_picked":["Reprogram+1","Coolheaded+1"],"picked":"Seek+1","floor":44},{"not_picked":["BootSequence+1","Reprogram+1","Compile Driver"],"picked":"SKIP","floor":46},{"not_picked":["Gash","Scrape+1","Go for the Eyes+1"],"picked":"SKIP","floor":55}],"player_experience":5615177,"relics_obtained":[{"floor":7.0,"key":"StoneCalendar"},{"floor":9.0,"key":"Symbiotic Virus"},{"floor":11.0,"key":"Boot"},{"floor":23.0,"key":"Oddly Smooth Stone"},{"floor":26.0,"key":"Centennial Puzzle"},{"floor":28.0,"key":"Incense Burner"},{"floor":40.0,"key":"Toxic Egg 2"},{"floor":43.0,"key":"Ancient Tea Set"},{"floor":44,"key":"Shovel"},{"floor":45,"key":"Orichalcum"},{"floor":46,"key":"Shuriken"},{"floor":47,"key":"Ornamental Fan"},{"floor":49,"key":"Bottled Tornado"},{"floor":53,"key":"Pear"},{"floor":55,"key":"DataDisk"}],"event_choices":[{"damage_healed":0.0,"max_hp_gain":0.0,"max_hp_loss":0.0,"gold_gain":0.0,"event_name":"The Woman in Blue","player_choice":"Bought 3 Potions","floor":3.0,"gold_loss":0.0,"damage_taken":0.0},{"damage_healed":14.0,"max_hp_gain":0.0,"max_hp_loss":0.0,"gold_gain":0.0,"event_name":"The Library","player_choice":"Heal","floor":20.0,"gold_loss":0.0,"damage_taken":0.0},{"damage_healed":0.0,"max_hp_gain":0.0,"max_hp_loss":0.0,"gold_gain":0.0,"cards_transformed":["Defend_B","Strike_B"],"event_name":"Drug Dealer","player_choice":"Became Test Subject","floor":21.0,"gold_loss":0.0,"damage_taken":0.0,"cards_obtained":["Seek","Coolheaded"]},{"cards_removed":["Strike_B"],"damage_healed":0.0,"max_hp_gain":0.0,"max_hp_loss":0.0,"gold_gain":0.0,"event_name":"Purifier","player_choice":"Purged","floor":37.0,"gold_loss":0.0,"damage_taken":0.0},{"damage_healed":0.0,"max_hp_gain":0.0,"max_hp_loss":0.0,"gold_gain":0.0,"event_name":"SensoryStone","player_choice":"Memory 3","floor":39.0,"gold_loss":0.0,"damage_taken":10.0}],"is_beta":false,"boss_relics":[{"not_picked":["Sozu","Inserter"],"picked":"Fusion Hammer"},{"not_picked":["Runic Pyramid","Empty Cage"],"picked":"Orrery"}],"items_purged_floors":[13,42,48],"is_endless":false,"potions_floor_spawned":[1,4,5,23,28,33,36,44],"ascension_level":20}