{"gold_per_floor":[119,44,44,44,44,87,87,87],"floor_reached":8,"playtime":371,"items_purged":["Strike_B"],"score":68,"play_id":"7aaf7920-c43d-4ace-93e2-e9e7b6014e61","local_time":"20190716122954","is_ascension_mode":true,"campfire_choices":[],"neow_cost":"NONE","seed_source_timestamp":65890393249500,"circlet_count":0,"master_deck":["Strike_B+1","Strike_B+1","Defend_B","Defend_B","Defend_B","Defend_B","Zap","Dualcast","Gash","FTL"],"relics":["Cracked Core","Golden Idol","Girya"],"potions_floor_usage":[6,8],"damage_taken":[{"damage":2,"enemies":"Jaw Worm","floor":1,"turns":5},{"damage":20,"enemies":"Lagavulin","floor":6,"turns":5},{"damage":43,"enemies":"3 Sentries","floor":8,"turns":8}],"seed_played":"1073519173756837589","potions_obtained":[{"floor":0,"key":"Dexterity Potion"},{"floor":0,"key":"FairyPotion"},{"floor":0,"key":"AttackPotion"}],"is_trial":false,"path_per_floor":["M","$","?","?","?","E","?","E"],"character_chosen":"DEFECT","items_purchased":[],"campfire_rested":0,"item_purchase_floors":[],"current_hp_per_floor":[66,66,63,63,49,29,22,0],"gold":87,"neow_bonus":"THREE_SMALL_POTIONS","is_prod":false,"is_daily":false,"chose_seed":false,"campfire_upgraded":0,"win_rate":0,"timestamp":1563294594,"path_taken":["M","$","?","?","?","E","?","E"],"build_version":"2019-07-05","purchased_purges":1,"victory":false,"max_hp_per_floor":[75,75,75,69,69,69,69,69],"card_choices":[{"not_picked":["Turbo","Glacier"],"picked":"Gash","floor":1},{"not_picked":["White Noise","Lockon"],"picked":"FTL","floor":6}],"player_experience":229855,"relics_obtained":[{"floor":6,"key":"Girya"}],"event_choices":[{"damage_healed":0,"gold_gain":0,"player_choice":"Fled","damage_taken":3,"max_hp_gain":0,"max_hp_loss":0,"event_name":"Scrap Ooze","floor":3,"gold_loss":0},{"damage_healed":0,"gold_gain":0,"player_choice":"Lose Max HP","damage_taken":0,"relics_obtained":["Golden Idol"],"max_hp_gain":0,"max_hp_loss":6,"event_name":"Golden Idol","floor":4,"gold_loss":0},{"damage_healed":0,"gold_gain":0,"player_choice":"Entered Light","damage_taken":14,"max_hp_gain":0,"max_hp_loss":0,"event_name":"Shining Light","floor":5,"gold_loss":0,"cards_upgraded":["Strike_B","Strike_B"]},{"cards_removed":["Strike_B"],"damage_healed":0,"gold_gain":0,"player_choice":"Card Removal","damage_taken":7,"max_hp_gain":0,"max_hp_loss":0,"event_name":"Golden Wing","floor":7,"gold_loss":0}],"is_beta":false,"boss_relics":[],"items_purged_floors":[2],"is_endless":false,"potions_floor_spawned":[],"killed_by":"3 Sentries","ascension_level":6}