{"gold_per_floor":[115,115,215,234,234,234,252,252,252,270,270,284,304,316,316,316],"floor_reached":16,"playtime":913,"items_purged":[],"score":99,"play_id":"9b84324f-3651-4fad-8a67-6ccfd4ade0f6","local_time":"20190728173204","is_ascension_mode":true,"campfire_choices":[{"floor":6,"key":"RECALL"},{"data":"Shrug It Off","floor":8,"key":"SMITH"},{"data":"Dual Wield","floor":11,"key":"SMITH"},{"data":"Burning Pact","floor":15,"key":"SMITH"}],"neow_cost":"NONE","seed_source_timestamp":1553116952781500,"circlet_count":0,"master_deck":["Strike_R","Strike_R","Strike_R","Strike_R","Strike_R","Defend_R","Defend_R","Defend_R","Defend_R","Bash+1","Shrug It Off+1","Dual Wield+1","Parasite","Anger","Anger","Burning Pact+1"],"relics":["Burning Blood","Regal Pillow","Dodecahedron"],"potions_floor_usage":[16,16,16],"damage_taken":[{"damage":8,"enemies":"Jaw Worm","floor":1,"turns":3},{"damage":7,"enemies":"2 Louse","floor":4,"turns":3},{"damage":6,"enemies":"Cultist","floor":7,"turns":4},{"damage":9,"enemies":"Blue Slaver","floor":10,"turns":5},{"damage":7,"enemies":"Red Slaver","floor":12,"turns":4},{"damage":16,"enemies":"Lots of Slimes","floor":13,"turns":5},{"damage":9,"enemies":"Exordium Thugs","floor":14,"turns":5},{"damage":57,"enemies":"The Guardian","floor":16,"turns":8}],"seed_played":"-1086710997023489671","potions_obtained":[{"floor":4,"key":"EssenceOfSteel"},{"floor":10,"key":"Explosive Potion"},{"floor":14,"key":"PowerPotion"}],"is_trial":false,"path_per_floor":["M","?","?","M","?","R","M","R","T","M","R","M","M","M","R","B"],"character_chosen":"IRONCLAD","items_purchased":[],"campfire_rested":0,"item_purchase_floors":[],"current_hp_per_floor":[78,75,75,74,74,74,74,74,74,71,71,70,60,57,57,0],"gold":316,"neow_bonus":"UPGRADE_CARD","is_prod":false,"is_daily":false,"chose_seed":false,"campfire_upgraded":3,"win_rate":0,"timestamp":1564353124,"path_taken":["M","?","?","?","?","R","M","R","T","M","R","M","M","M","R","BOSS"],"build_version":"2019-07-17","purchased_purges":0,"victory":false,"max_hp_per_floor":[80,80,80,80,80,80,80,80,80,80,80,80,80,80,80,80],"card_choices":[{"not_picked":["Thunderclap","Clothesline"],"picked":"Shrug It Off","floor":1},{"not_picked":["Anger","Warcry"],"picked":"Dual Wield","floor":4},{"not_picked":["Armaments","Headbutt","Twin Strike"],"picked":"SKIP","floor":7},{"not_picked":["Pommel Strike","Sword Boomerang"],"picked":"Anger","floor":10},{"not_picked":["Iron Wave","Shockwave"],"picked":"Anger","floor":12},{"not_picked":["Cleave","Dark Embrace"],"picked":"Burning Pact","floor":13},{"not_picked":["Shockwave","Headbutt","Clash"],"picked":"SKIP","floor":14}],"player_experience":193769,"relics_obtained":[{"floor":9,"key":"Dodecahedron"}],"event_choices":[{"damage_healed":0,"gold_gain":0,"player_choice":"Success","damage_taken":3,"relics_obtained":["Regal Pillow"],"max_hp_gain":0,"max_hp_loss":0,"event_name":"Scrap Ooze","floor":2,"gold_loss":0},{"damage_healed":0,"gold_gain":100,"player_choice":"Pray","damage_taken":0,"max_hp_gain":0,"max_hp_loss":0,"event_name":"Golden Shrine","floor":3,"gold_loss":0},{"damage_healed":0,"gold_gain":0,"player_choice":"1 cards matched","damage_taken":0,"max_hp_gain":0,"max_hp_loss":0,"event_name":"Match and Keep!","floor":5,"gold_loss":0,"cards_obtained":["Parasite"]}],"is_beta":false,"boss_relics":[],"items_purged_floors":[],"is_endless":false,"potions_floor_spawned":[4,10,14],"killed_by":"The Guardian","ascension_level":1}