{"gold_per_floor":[114,133,153,163,88,88,119,119,119,146,166,166,196,23,23,100,100,114,130,130,130,130,130,143,24,24,37,37,37,56,75,75,75],"floor_reached":33,"playtime":1151,"items_purged":[],"score":530,"play_id":"454d8095-f42b-4029-a5be-1afea2498cf8","local_time":"20190721010603","is_ascension_mode":true,"campfire_choices":[{"data":"Cloak And Dagger","floor":6,"key":"SMITH"},{"data":"Blade Dance","floor":8,"key":"SMITH"},{"floor":12,"key":"REST"},{"data":"A Thousand Cuts","floor":15,"key":"SMITH"},{"data":"After Image","floor":23,"key":"SMITH"},{"data":"After Image","floor":29,"key":"SMITH"},{"data":"Accuracy","floor":32,"key":"SMITH"}],"neow_cost":"NONE","seed_source_timestamp":9256575741600,"circlet_count":0,"master_deck":["AscendersBane","Strike_G+1","Strike_G+1","Defend_G+1","Defend_G+1","Defend_G+1","Defend_G+1","Survivor","Neutralize+1","Dagger Throw","Reflex","After Image+1","Cloak And Dagger+1","Blade Dance+1","Acrobatics","Blade Dance","A Thousand Cuts+1","Finisher","After Image+1","Flechettes+1","Slice+1","Cloak And Dagger+1","Concentrate","Backflip","Ghostly","Ghostly","Ghostly","Accuracy+1","PiercingWail","Backflip","Storm of Steel"],"relics":["Ring of the Snake","PreservedInsect","Gremlin Horn","Calipers","Odd Mushroom","Juzu Bracelet","Astrolabe","Omamori"],"potions_floor_usage":[4,7,13,33,33],"damage_taken":[{"damage":0,"enemies":"2 Louse","floor":1,"turns":3},{"damage":4,"enemies":"Small Slimes","floor":2,"turns":5},{"damage":2,"enemies":"Jaw Worm","floor":3,"turns":6},{"damage":0,"enemies":"3 Louse","floor":4,"turns":1},{"damage":33,"enemies":"Lagavulin","floor":7,"turns":11},{"damage":6,"enemies":"Gremlin Nob","floor":10,"turns":3},{"damage":12,"enemies":"The Mushroom Lair","floor":11,"turns":5},{"damage":2,"enemies":"3 Sentries","floor":13,"turns":7},{"damage":17,"enemies":"Slime Boss","floor":16,"turns":8},{"damage":3,"enemies":"Spheric Guardian","floor":18,"turns":4},{"damage":0,"enemies":"3 Byrds","floor":19,"turns":2},{"damage":12,"enemies":"Snake Plant","floor":24,"turns":7},{"damage":0,"enemies":"Chosen and Byrds","floor":27,"turns":6},{"damage":3,"enemies":"Centurion and Healer","floor":30,"turns":8},{"damage":5,"enemies":"Cultist and Chosen","floor":31,"turns":7},{"damage":29,"enemies":"Collector","floor":33,"turns":11}],"seed_played":"6154372701865287755","potions_obtained":[{"floor":2,"key":"Explosive Potion"},{"floor":3,"key":"Energy Potion"},{"floor":11,"key":"FearPotion"},{"floor":27,"key":"GamblersBrew"},{"floor":30,"key":"Weak Potion"}],"is_trial":false,"path_per_floor":["M","M","M","M","?","R","E","R","T","E","?","R","E","$","R","B",null,"M","M","?","T","?","R","M","$","T","M","?","R","M","M","R","B"],"character_chosen":"THE_SILENT","items_purchased":["A Thousand Cuts","Finisher","Accuracy","PiercingWail"],"campfire_rested":1,"item_purchase_floors":[14,14,25,25],"current_hp_per_floor":[59,55,53,53,53,53,20,20,20,14,2,21,19,19,19,2,50,47,47,33,33,33,33,21,21,21,21,21,21,18,13,13,0],"gold":75,"neow_bonus":"UPGRADE_CARD","is_prod":false,"is_daily":false,"chose_seed":false,"campfire_upgraded":6,"win_rate":0,"timestamp":1563638763,"path_taken":["M","M","M","M","?","R","E","R","T","E","?","R","E","$","R","BOSS","M","M","?","?","?","R","M","$","T","M","?","R","M","M","R","BOSS"],"build_version":"2019-07-17","purchased_purges":0,"victory":false,"max_hp_per_floor":[66,66,66,66,66,66,66,66,66,66,66,66,66,66,66,66,66,66,66,33,33,33,33,33,33,33,33,33,33,33,33,33,33],"card_choices":[{"not_picked":["Sucker Punch","PiercingWail"],"picked":"Dagger Throw","floor":1},{"not_picked":["Accuracy","Poisoned Stab"],"picked":"Reflex","floor":2},{"not_picked":["Underhanded Strike","Backflip"],"picked":"After Image","floor":3},{"not_picked":["Prepared","Slice"],"picked":"Cloak And Dagger","floor":4},{"not_picked":["Dodge and Roll","Poisoned Stab"],"picked":"Blade Dance","floor":7},{"not_picked":["Distraction","Underhanded Strike","Sucker Punch"],"picked":"SKIP","floor":10},{"not_picked":["Sucker Punch","Slice"],"picked":"Acrobatics","floor":11},{"not_picked":["Predator","Sucker Punch"],"picked":"Blade Dance","floor":13},{"not_picked":["Venomology","Unload"],"picked":"After Image","floor":16},{"not_picked":["Deflect","Crippling Poison"],"picked":"Concentrate","floor":18},{"not_picked":["Outmaneuver","Prepared"],"picked":"Backflip","floor":19},{"not_picked":["Catalyst","Flying Knee","Sucker Punch"],"picked":"SKIP","floor":24},{"not_picked":["Expertise","Caltrops","Dodge and Roll"],"picked":"SKIP","floor":27},{"not_picked":["Dodge and Roll","Acrobatics"],"picked":"Backflip","floor":30},{"not_picked":["Blade Dance","Escape Plan"],"picked":"Storm of Steel","floor":31}],"player_experience":5760900,"relics_obtained":[{"floor":7,"key":"PreservedInsect"},{"floor":9,"key":"Gremlin Horn"},{"floor":10,"key":"Calipers"},{"floor":11,"key":"Odd Mushroom"},{"floor":13,"key":"Juzu Bracelet"},{"floor":21,"key":"Omamori"}],"event_choices":[{"cards_removed":["Defend_G"],"damage_healed":0,"gold_gain":0,"player_choice":"Card Removal","damage_taken":0,"max_hp_gain":0,"max_hp_loss":0,"event_name":"The Cleric","floor":5,"gold_loss":75},{"damage_healed":0,"gold_gain":0,"player_choice":"Fought Mushrooms","damage_taken":0,"max_hp_gain":0,"max_hp_loss":0,"event_name":"Mushrooms","floor":11,"gold_loss":0},{"damage_healed":0,"gold_gain":0,"player_choice":"Became a Ghost","damage_taken":0,"max_hp_gain":0,"max_hp_loss":33,"event_name":"Ghosts","floor":20,"gold_loss":0,"cards_obtained":["Ghostly","Ghostly","Ghostly"]},{"damage_healed":0,"gold_gain":0,"player_choice":"Simplicity","damage_taken":0,"max_hp_gain":0,"max_hp_loss":0,"event_name":"Back to Basics","floor":22,"gold_loss":0,"cards_upgraded":["Strike_G","Strike_G","Defend_G","Defend_G","Defend_G","Defend_G"]},{"damage_healed":0,"gold_gain":0,"player_choice":"Smashed Altar","damage_taken":0,"max_hp_gain":0,"max_hp_loss":0,"event_name":"Forgotten Altar","floor":28,"gold_loss":0,"cards_obtained":["Decay"]}],"is_beta":false,"boss_relics":[{"not_picked":["Runic Pyramid","Orrery"],"picked":"Astrolabe"}],"items_purged_floors":[],"is_endless":false,"potions_floor_spawned":[2,3,11,27,30],"killed_by":"Collector","ascension_level":20}