{"gold_per_floor":[448,193,203,222,239,269,269,300,300,5,155,181,181,191,191,268,268,281,281,293,293,305,336,351,380,380,411,421,439,439,50,50,128,128,146,157,173,173,193,193,219,231,243,271,283,364,396,435,447,459,471,483,495,9,35,35],"floor_reached":57,"playtime":2368,"items_purged":[],"score":4013,"play_id":"12710821-d090-4876-80c3-150cd0c7ac0d","local_time":"20190520004556","daily_mods":["Cursed Run"],"is_ascension_mode":true,"campfire_choices":[{"data":"Blade Dance","floor":13,"key":"SMITH"},{"data":"Malaise","floor":15,"key":"SMITH"},{"floor":32,"key":"RECALL"},{"data":"Terror","floor":40,"key":"SMITH"},{"data":"Acrobatics","floor":42,"key":"SMITH"},{"data":"Adrenaline","floor":49,"key":"SMITH"},{"data":"Storm of Steel","floor":53,"key":"SMITH"}],"neow_cost":"","seed_source_timestamp":0,"circlet_count":0,"master_deck":["Storm of Steel+1","Storm of Steel","Adrenaline+1","Adrenaline","Malaise+1","Malaise+1","Defend_G","Survivor","Neutralize+1","Shame","Regret","Pain","Terror+1","Blade Dance+1","Acrobatics+1","Dagger Throw+1","Backflip","Doubt","Deadly Poison+1","Catalyst+1","Cloak And Dagger+1","Deflect+1","PiercingWail+1","Doubt","Deadly Poison+1","Decay","Doppelganger+1","Crippling Poison+1","Leg Sweep+1","Writhe","Cloak And Dagger+1","Prepared+1","Cloak And Dagger+1","Prepared+1","Writhe","Well Laid Plans+1","Prepared+1","Cloak And Dagger+1","Normality","Malaise+1","Prepared+1","Acrobatics+1","Burst+1","Clumsy","PiercingWail+1","Dark Shackles+1","Master of Strategy+1","Injury","Backflip+1","Shame","Decay","Catalyst+1","Backstab","Cloak And Dagger+1","Clumsy"],"relics":["Cursed Key","Darkstone Periapt","Du-Vu Doll","Dead Branch","Tough Bandages","Chemical X","Membership Card","Old Coin","Calling Bell","Tiny Chest","The Courier","Peace Pipe","Blood Vial","Lantern","Potion Belt","Pen Nib","Kunai","Vajra","Ancient Tea Set","Toxic Egg 2","ClockworkSouvenir","Meat on the Bone","Empty Cage","Mercury Hourglass","Regal Pillow","Matryoshka","Bag of Marbles","Frozen Egg 2","Centennial Puzzle","Happy Flower","Oddly Smooth Stone","TwistedFunnel","Whetstone","Paper Crane","Lizard Tail","MawBank","Snake Skull","Bottled Lightning","Bag of Preparation","PrismaticShard","Bottled Tornado","Bronze Scales","Art of War","Dodecahedron","Mummified Hand"],"potions_floor_usage":[16,56,56,56,56],"damage_taken":[{"damage":0,"enemies":"Cultist","floor":1,"turns":1},{"damage":0,"enemies":"Small Slimes","floor":3,"turns":1},{"damage":1,"enemies":"2 Louse","floor":4,"turns":2},{"damage":4,"enemies":"Exordium Wildlife","floor":5,"turns":2},{"damage":2,"enemies":"3 Sentries","floor":6,"turns":1},{"damage":9,"enemies":"Lagavulin","floor":8,"turns":5},{"damage":1,"enemies":"Gremlin Nob","floor":12,"turns":3},{"damage":2,"enemies":"3 Louse","floor":14,"turns":3},{"damage":3,"enemies":"Slime Boss","floor":16,"turns":3},{"damage":5,"enemies":"Shell Parasite","floor":18,"turns":3},{"damage":2,"enemies":"Chosen","floor":20,"turns":1},{"damage":1,"enemies":"Snake Plant","floor":22,"turns":5},{"damage":0,"enemies":"Book of Stabbing","floor":23,"turns":2},{"damage":1,"enemies":"Snecko","floor":24,"turns":2},{"damage":5,"enemies":"Gremlin Leader","floor":25,"turns":2},{"damage":0,"enemies":"Book of Stabbing","floor":27,"turns":2},{"damage":0,"enemies":"Cultist and Chosen","floor":28,"turns":2},{"damage":0,"enemies":"Centurion and Healer","floor":29,"turns":1},{"damage":1,"enemies":"Automaton","floor":33,"turns":4},{"damage":2,"enemies":"3 Shapes","floor":35,"turns":3},{"damage":11,"enemies":"3 Darklings","floor":36,"turns":3},{"damage":0,"enemies":"Spire Growth","floor":37,"turns":2},{"damage":1,"enemies":"Jaw Worm Horde","floor":39,"turns":2},{"damage":2,"enemies":"Giant Head","floor":41,"turns":4},{"damage":0,"enemies":"Transient","floor":44,"turns":3},{"damage":0,"enemies":"4 Shapes","floor":47,"turns":1},{"damage":1,"enemies":"Nemesis","floor":48,"turns":3},{"damage":12,"enemies":"Time Eater","floor":50,"turns":8},{"damage":2,"enemies":"Awakened One","floor":51,"turns":8},{"damage":0,"enemies":"Shield and Spear","floor":55,"turns":1},{"damage":9,"enemies":"The Heart","floor":56,"turns":4}],"seed_played":"178388438200781667","potions_obtained":[{"floor":3,"key":"Dexterity Potion"},{"floor":4,"key":"GamblersBrew"},{"floor":6,"key":"PowerPotion"},{"floor":16,"key":"SkillPotion"},{"floor":18,"key":"Swift Potion"},{"floor":23,"key":"Swift Potion"}],"is_trial":true,"path_per_floor":["M","$","M","M","M","E","?","E","T","$","?","E","R","M","R","B",null,"M","?","M","?","M","E","M","E","T","E","M","M","?","$","R","B",null,"M","M","M","?","M","R","E","R","T","M","?","T","M","E","R","B","B",null,"R","$","E","B",null],"character_chosen":"THE_SILENT","items_purchased":["Blood Vial","Lantern","Potion Belt","Pen Nib","Toxic Egg 2","ClockworkSouvenir","Deadly Poison+1","Catalyst+1","Cloak And Dagger+1","Deflect+1","PiercingWail+1","Happy Flower","Oddly Smooth Stone","TwistedFunnel","Whetstone","Paper Crane","Cloak And Dagger+1","PrismaticShard","Bottled Tornado","Bronze Scales","Art of War","Dodecahedron","Catalyst+1","Backstab","Energy Potion"],"campfire_rested":0,"item_purchase_floors":[2,2,2,2,10,10,10,10,10,10,10,31,31,31,31,31,31,54,54,54,54,54,54,54,54],"current_hp_per_floor":[77,77,79,80,78,78,78,71,77,77,83,84,84,84,84,89,99,96,96,96,102,103,105,106,103,109,111,113,114,114,114,114,119,120,118,109,111,111,112,112,112,112,118,120,110,116,118,119,119,115,121,138,138,138,140,139],"gold":35,"neow_bonus":"","is_prod":false,"is_daily":false,"chose_seed":false,"campfire_upgraded":6,"win_rate":0,"timestamp":1558280756,"path_taken":["M","$","M","?","M","E","?","E","T","?","?","E","R","M","R","BOSS","M","?","M","?","M","E","M","E","T","E","M","M","?","$","R","BOSS","M","?","M","?","M","R","E","R","T","M","?","?","M","E","R","BOSS","BOSS","R","$","E","BOSS"],"build_version":"2019-01-23","purchased_purges":0,"victory":true,"max_hp_per_floor":[84,84,84,84,84,84,84,84,90,90,96,96,96,96,96,102,102,102,102,102,108,108,108,108,108,114,114,114,114,114,114,114,120,120,120,120,120,120,120,120,120,120,126,126,126,132,132,132,132,138,144,144,144,144,144,150],"card_choices":[{"not_picked":["Underhanded Strike","Acrobatics"],"picked":"Terror","floor":1},{"not_picked":["Eviscerate","Poisoned Stab"],"picked":"Blade Dance","floor":3},{"not_picked":["Bane","Deflect"],"picked":"Acrobatics","floor":4},{"not_picked":["Backflip","Quick Slash"],"picked":"Dagger Throw","floor":5},{"not_picked":["Grand Finale","Poisoned Stab","Heel Hook"],"picked":"SKIP","floor":6},{"not_picked":["Dash","Distraction"],"picked":"Backflip","floor":8},{"not_picked":["Outmaneuver+1","Dagger Throw","Caltrops"],"picked":"SKIP","floor":12},{"not_picked":["Flechettes","Eviscerate"],"picked":"Deadly Poison+1","floor":14},{"not_picked":["Grand Finale","Unload"],"picked":"Doppelganger+1","floor":16},{"not_picked":["Eviscerate+1","Poisoned Stab"],"picked":"Crippling Poison+1","floor":18},{"not_picked":["Underhanded Strike","Expertise+1"],"picked":"Leg Sweep+1","floor":20},{"not_picked":["Dagger Throw","Escape Plan+1"],"picked":"Cloak And Dagger+1","floor":22},{"not_picked":["Expertise+1","Acrobatics+1"],"picked":"Prepared+1","floor":23},{"not_picked":["Flying Knee","Backflip+1"],"picked":"Cloak And Dagger+1","floor":24},{"not_picked":["Bane+1","Terror+1"],"picked":"Prepared+1","floor":25},{"not_picked":["Glass Knife","Choke"],"picked":"Well Laid Plans+1","floor":27},{"not_picked":["Deadly Poison+1","Deflect+1"],"picked":"Prepared+1","floor":28},{"not_picked":["Dodge and Roll+1","Slice","Flying Knee"],"picked":"SKIP","floor":29},{"not_picked":["A Thousand Cuts+1","Storm of Steel+1"],"picked":"Malaise+1","floor":33},{"not_picked":["Deflect+1","Underhanded Strike"],"picked":"Prepared+1","floor":35},{"not_picked":["Bane+1","Poisoned Stab"],"picked":"Acrobatics+1","floor":36},{"not_picked":["Masterful Stab","Deadly Poison+1","Prepared+1"],"picked":"SKIP","floor":37},{"not_picked":["Underhanded Strike","Dagger Spray"],"picked":"Burst+1","floor":39},{"not_picked":["Noxious Fumes+1","Riddle With Holes","Bane"],"picked":"SKIP","floor":41},{"not_picked":["Quick Slash+1","Prepared+1"],"picked":"PiercingWail+1","floor":44},{"not_picked":["HandOfGreed","Panacea+1"],"picked":"Dark Shackles+1","floor":45},{"not_picked":["Panache+1","Trip+1"],"picked":"Master of Strategy+1","floor":45},{"not_picked":["Deflect+1","Caltrops+1","Dagger Spray"],"picked":"SKIP","floor":47},{"not_picked":["Deflect+1","Bane"],"picked":"Backflip+1","floor":48},{"not_picked":["Conserve Battery+1","Underhanded Strike+1"],"picked":"Cloak And Dagger+1","floor":55}],"player_experience":5078521,"relics_obtained":[{"floor":0,"key":"Tiny Chest"},{"floor":0,"key":"The Courier"},{"floor":0,"key":"Peace Pipe"},{"floor":6,"key":"Kunai"},{"floor":8,"key":"Vajra"},{"floor":9,"key":"Ancient Tea Set"},{"floor":12,"key":"Meat on the Bone"},{"floor":23,"key":"Regal Pillow"},{"floor":25,"key":"Matryoshka"},{"floor":26,"key":"Bag of Marbles"},{"floor":26,"key":"Frozen Egg 2"},{"floor":27,"key":"Centennial Puzzle"},{"floor":41,"key":"MawBank"},{"floor":43,"key":"Snake Skull"},{"floor":46,"key":"Bottled Lightning"},{"floor":48,"key":"Bag of Preparation"},{"floor":55,"key":"Mummified Hand"}],"event_choices":[{"cards_removed":["Defend_G"],"damage_healed":0,"gold_gain":0,"player_choice":"Purged","damage_taken":0,"max_hp_gain":0,"max_hp_loss":0,"event_name":"Purifier","floor":7,"gold_loss":0},{"damage_healed":0,"gold_gain":150,"player_choice":"AGREE","damage_taken":0,"max_hp_gain":0,"max_hp_loss":0,"event_name":"Liars Game","floor":11,"gold_loss":0,"cards_obtained":["Doubt"]},{"damage_healed":0,"gold_gain":0,"player_choice":"Ignored","damage_taken":0,"max_hp_gain":0,"max_hp_loss":0,"event_name":"Beggar","floor":19,"gold_loss":0},{"damage_healed":0,"gold_gain":0,"player_choice":"Opened","damage_taken":0,"relics_obtained":["Mercury Hourglass"],"max_hp_gain":0,"max_hp_loss":0,"event_name":"The Mausoleum","floor":21,"gold_loss":0,"cards_obtained":["Writhe"]},{"damage_healed":0,"gold_gain":0,"player_choice":"Upgraded","damage_taken":0,"max_hp_gain":0,"max_hp_loss":0,"event_name":"Upgrade Shrine","floor":30,"gold_loss":0,"cards_upgraded":["Malaise"]},{"damage_healed":0,"gold_gain":0,"player_choice":"Ignored","damage_taken":0,"max_hp_gain":0,"max_hp_loss":0,"event_name":"Tomb of Lord Red Mask","floor":38,"gold_loss":0},{"damage_healed":0,"gold_gain":0,"player_choice":"Memory 3","damage_taken":10,"max_hp_gain":0,"max_hp_loss":0,"event_name":"SensoryStone","floor":45,"gold_loss":0}],"is_beta":false,"boss_relics":[{"not_picked":["Velvet Choker","Runic Pyramid"],"picked":"Empty Cage"},{"not_picked":["Eternal Feather","Runic Dome"],"picked":"Lizard Tail"}],"items_purged_floors":[],"is_endless":false,"potions_floor_spawned":[3,4,6,16,18,23,24,29,37,47],"ascension_level":20}