{"gold_per_floor":[114,125,136,136,136,136,152,152,198,233,233,249,267,27,27,102,102,102,102,102,102,102,102,102,102],"floor_reached":25,"playtime":591,"items_purged":["Defend_B"],"score":410,"play_id":"94c3d330-45c3-4cde-b4d6-9af6d3d83ff8","local_time":"20190712235215","is_ascension_mode":true,"campfire_choices":[{"data":"Streamline","floor":6,"key":"SMITH"},{"data":"Beam Cell","floor":8,"key":"SMITH"},{"data":"Gash","floor":11,"key":"SMITH"},{"data":"Self Repair","floor":15,"key":"SMITH"},{"floor":24,"key":"REST"}],"neow_cost":"NONE","seed_source_timestamp":194558026016500,"circlet_count":0,"master_deck":["AscendersBane","Strike_B","Strike_B","Strike_B","Defend_B","Defend_B","Defend_B","Zap","Dualcast","Streamline+1","Cold Snap","Undo","Leap","Beam Cell+1","Gash+1","Self Repair+1","Sweeping Beam","Hyperbeam","Gash","Reinforced Body"],"relics":["Cracked Core","Bag of Marbles","Pen Nib","PreservedInsect","Ectoplasm"],"potions_floor_usage":[16,18,23],"damage_taken":[{"damage":5,"enemies":"Small Slimes","floor":1,"turns":4},{"damage":7,"enemies":"Jaw Worm","floor":2,"turns":3},{"damage":6,"enemies":"2 Louse","floor":3,"turns":4},{"damage":16,"enemies":"Lots of Slimes","floor":7,"turns":6},{"damage":9,"enemies":"3 Sentries","floor":10,"turns":7},{"damage":4,"enemies":"3 Louse","floor":12,"turns":4},{"damage":2,"enemies":"2 Fungi Beasts","floor":13,"turns":3},{"damage":18,"enemies":"Slime Boss","floor":16,"turns":7},{"damage":0,"enemies":"Chosen","floor":18,"turns":4},{"damage":33,"enemies":"3 Byrds","floor":20,"turns":8},{"damage":0,"enemies":"3 Cultists","floor":21,"turns":1},{"damage":42,"enemies":"Shelled Parasite and Fungi","floor":23,"turns":3},{"damage":42,"enemies":"Gremlin Leader","floor":25,"turns":5}],"seed_played":"-9088543750330617996","potions_obtained":[{"floor":2,"key":"GamblersBrew"},{"floor":7,"key":"SpeedPotion"},{"floor":16,"key":"Block Potion"},{"floor":18,"key":"FocusPotion"}],"is_trial":false,"path_per_floor":["M","M","M","?","?","R","M","R","T","E","R","M","M","$","R","B",null,"M","?","M","M","?","M","R","E"],"character_chosen":"DEFECT","items_purchased":["PreservedInsect"],"campfire_rested":1,"item_purchase_floors":[14],"current_hp_per_floor":[66,59,53,53,53,53,37,37,37,28,28,24,22,22,22,14,62,72,68,45,45,45,13,36,0],"gold":102,"neow_bonus":"TEN_PERCENT_HP_BONUS","is_prod":false,"is_daily":false,"chose_seed":false,"campfire_upgraded":4,"win_rate":0,"timestamp":1562943135,"path_taken":["M","M","M","?","?","R","M","R","T","E","R","M","M","$","R","BOSS","M","?","?","M","?","M","R","E"],"build_version":"2019-07-05","purchased_purges":1,"victory":false,"max_hp_per_floor":[78,78,78,78,78,78,78,78,78,78,78,78,78,78,78,78,78,78,78,78,78,78,78,78,78],"card_choices":[{"not_picked":["Go for the Eyes","Sweeping Beam"],"picked":"Streamline","floor":1},{"not_picked":["Heatsinks","Turbo"],"picked":"Cold Snap","floor":2},{"not_picked":["Blizzard","Skim"],"picked":"Undo","floor":3},{"not_picked":["Go for the Eyes","Barrage"],"picked":"Beam Cell","floor":7},{"not_picked":["Conserve Battery","Streamline"],"picked":"Gash","floor":10},{"not_picked":["Thunder Strike","Loop"],"picked":"Self Repair","floor":12},{"not_picked":["Auto Shields","Barrage","Sweeping Beam"],"picked":"SKIP","floor":13},{"not_picked":["Auto Shields","Barrage"],"picked":"Sweeping Beam","floor":13},{"not_picked":["Machine Learning","Biased Cognition"],"picked":"Hyperbeam","floor":16},{"not_picked":["Streamline","Cold Snap","Sunder"],"picked":"SKIP","floor":18},{"not_picked":["Barrage","Lockon","Beam Cell"],"picked":"SKIP","floor":20},{"not_picked":["Beam Cell","Compile Driver"],"picked":"Gash","floor":21},{"not_picked":["Buffer","Beam Cell+1"],"picked":"Reinforced Body","floor":23}],"player_experience":5657677,"relics_obtained":[{"floor":9,"key":"Bag of Marbles"},{"floor":10,"key":"Pen Nib"}],"event_choices":[{"damage_healed":0,"gold_gain":0,"player_choice":"Ignored","damage_taken":0,"max_hp_gain":0,"max_hp_loss":0,"event_name":"Liars Game","floor":4,"gold_loss":0},{"damage_healed":0,"gold_gain":0,"cards_transformed":["Strike_B"],"player_choice":"Change","damage_taken":0,"max_hp_gain":0,"max_hp_loss":0,"event_name":"Living Wall","floor":5,"gold_loss":0,"cards_obtained":["Leap"]},{"damage_healed":0,"gold_gain":0,"player_choice":"Bought 0 Potions","damage_taken":0,"max_hp_gain":0,"max_hp_loss":0,"event_name":"The Woman in Blue","floor":19,"gold_loss":0},{"damage_healed":0,"gold_gain":0,"player_choice":"Ignored","damage_taken":0,"max_hp_gain":0,"max_hp_loss":0,"event_name":"The Mausoleum","floor":22,"gold_loss":0}],"is_beta":false,"boss_relics":[{"not_picked":["Busted Crown","White Beast Statue"],"picked":"Ectoplasm"}],"items_purged_floors":[14],"is_endless":false,"potions_floor_spawned":[2,7,16,18],"killed_by":"Gremlin Leader","ascension_level":20}