{"gold_per_floor":[118,118,48,48,48,3,3,37,37,53,66,120,19,31,31,106,106,117,32,32,50,17,43,43,43,43,43,9,39,39,65,65,142,142,157,135,135,235,235,247,273,302,362,402,428,454,20,30,30,30],"floor_reached":50,"playtime":1925,"items_purged":[],"score":1076,"play_id":"9dc6e799-b998-46e4-ba15-6dd1725ed6ef","local_time":"20190714144816","is_ascension_mode":true,"campfire_choices":[{"data":"Bash","floor":7.0,"key":"SMITH"},{"floor":15.0,"key":"REST"},{"data":"Shockwave","floor":24,"key":"SMITH"},{"data":"Exhume","floor":27,"key":"SMITH"},{"data":"Perfected Strike","floor":30,"key":"SMITH"},{"data":"Perfected Strike","floor":32,"key":"SMITH"},{"data":"Flame Barrier","floor":40,"key":"SMITH"},{"floor":49,"key":"REST"}],"neow_cost":"","seed_source_timestamp":1992534385711740,"circlet_count":0,"master_deck":["AscendersBane","Strike_R+1","Strike_R","Strike_R","Strike_R","Strike_R","Defend_R+1","Defend_R","Defend_R","Bash+1","Whirlwind+1","Battle Trance","Feed","Perfected Strike+1","Shockwave+1","Shrug It Off","Flex","Exhume+1","Shrug It Off","Dual Wield","Perfected Strike+1","Flame Barrier+1","Dual Wield+1","Wild Strike","Offering","Pommel Strike","Flex","Perfected Strike","Twin Strike","Perfected Strike","Ghostly Armor","Wild Strike","Thunderclap"],"special_seed":0,"relics":["Burning Blood","Thread and Needle","Gremlin Horn","Ancient Tea Set","Velvet Choker","Mummified Hand","Orichalcum","Turnip","Dodecahedron","Self Forming Clay","Busted Crown","Magic Flower","MawBank","Regal Pillow","Bag of Preparation","Meat on the Bone"],"potions_floor_usage":[29,31,33,38,45,48,50],"damage_taken":[{"damage":1.0,"enemies":"Small Slimes","floor":1.0,"turns":4.0},{"damage":42.0,"enemies":"Lagavulin","floor":8.0,"turns":6.0},{"damage":0.0,"enemies":"Jaw Worm","floor":10.0,"turns":4.0},{"damage":1.0,"enemies":"Cultist","floor":11.0,"turns":4.0},{"damage":4.0,"enemies":"Exordium Thugs","floor":14.0,"turns":5.0},{"damage":0.0,"enemies":"Slime Boss","floor":16.0,"turns":6.0},{"damage":0.0,"enemies":"3 Byrds","floor":18.0,"turns":4.0},{"damage":14,"enemies":"Chosen","floor":21,"turns":5},{"damage":16,"enemies":"Slavers","floor":23,"turns":6},{"damage":16,"enemies":"Gremlin Leader","floor":29,"turns":9},{"damage":3,"enemies":"Slavers","floor":31,"turns":5},{"damage":65,"enemies":"Champ","floor":33,"turns":13},{"damage":13,"enemies":"3 Darklings","floor":35,"turns":4},{"damage":29,"enemies":"Mind Bloom Boss Battle","floor":38,"turns":4},{"damage":9,"enemies":"3 Shapes","floor":41,"turns":8},{"damage":21,"enemies":"Jaw Worm Horde","floor":42,"turns":4},{"damage":55,"enemies":"Nemesis","floor":44,"turns":6},{"damage":9,"enemies":"4 Shapes","floor":45,"turns":4},{"damage":23,"enemies":"Spire Growth","floor":46,"turns":3},{"damage":10,"enemies":"Sphere and 2 Shapes","floor":48,"turns":4},{"damage":98,"enemies":"Donu and Deca","floor":50,"turns":7}],"seed_played":"553627752796025268","potions_obtained":[{"floor":1.0,"key":"Explosive Potion"},{"floor":14.0,"key":"Fire Potion"},{"floor":21,"key":"SkillPotion"},{"floor":29,"key":"Block Potion"},{"floor":31,"key":"BloodPotion"},{"floor":33,"key":"Explosive Potion"},{"floor":35,"key":"PowerPotion"},{"floor":41,"key":"LiquidBronze"},{"floor":42,"key":"LiquidBronze"},{"floor":44,"key":"Regen Potion"},{"floor":46,"key":"Block Potion"}],"is_trial":false,"path_per_floor":["M","?","$","?","?","$","R","E","T","M","M","T","$","M","R","B",null,"M","?","?","M","$","E","R","?","T","R","$","E","R","E","R","B",null,"M","$","?","?","?","R","M","M","T","E","M","M","$","M","R","B"],"character_chosen":"IRONCLAD","items_purchased":["SkillPotion","Feed","Perfected Strike","Shrug It Off","Flex","Dual Wield","Flame Barrier","Pommel Strike","Meat on the Bone","Ghostly Armor","Wild Strike","AttackPotion","Thunderclap"],"campfire_rested":2,"item_purchase_floors":[0,3,6,13,13,22,28,36,47,47,47,47,47],"current_hp_per_floor":[73,73,73,58,58,58,58,25,25,34,42,42,42,47,73,82,88,93,93,93,88,88,84,84,84,84,84,84,77,77,83,83,49,93,86,86,86,66,66,66,71,64,64,18,37,28,28,45,96,0],"gold":30,"neow_bonus":"","is_prod":false,"is_daily":false,"chose_seed":false,"campfire_upgraded":6,"win_rate":0,"timestamp":1563112096,"path_taken":["M","?","$","?","?","?","R","E","T","M","?","?","?","?","R","BOSS","M","?","?","?","?","E","R","?","T","R","$","E","R","E","R","BOSS","M","$","?","?","?","R","M","M","T","E","?","M","$","M","R","BOSS"],"build_version":"2019-07-05","purchased_purges":0,"victory":false,"max_hp_per_floor":[75,75,75,75,75,75,75,78,78,81,84,84,84,87,87,90,90,93,93,93,96,96,102,102,102,102,102,102,105,105,108,108,108,108,108,108,108,111,111,111,114,117,117,117,117,120,120,120,120,120],"card_choices":[{"not_picked":["Wild Strike","Flex"],"picked":"Battle Trance","floor":1.0},{"not_picked":["Whirlwind","Havoc"],"picked":"Shockwave","floor":8.0},{"not_picked":["Twin Strike","Combust"],"picked":"Flame Barrier","floor":10.0},{"not_picked":["Body Slam","Intimidate","Sever Soul"],"picked":"SKIP","floor":11.0},{"not_picked":["Headbutt","Combust","Anger"],"picked":"SKIP","floor":14.0},{"not_picked":["Brutality","Dark Embrace"],"picked":"Exhume","floor":16.0},{"not_picked":["Clash+1","Headbutt","True Grit"],"picked":"SKIP","floor":18.0},{"not_picked":["Clash+1","Cleave"],"picked":"Shrug It Off","floor":21},{"not_picked":["Brutality","Metallicize","Fiend Fire"],"picked":"SKIP","floor":23},{"not_picked":["Whirlwind","Thunderclap"],"picked":"Dual Wield+1","floor":29},{"not_picked":["True Grit","Sentinel+1"],"picked":"Wild Strike","floor":31},{"not_picked":["Exhume","Juggernaut"],"picked":"Offering","floor":33},{"not_picked":["Havoc"],"picked":"SKIP","floor":35},{"not_picked":[],"picked":"Flex","floor":38},{"not_picked":[],"picked":"Perfected Strike","floor":41},{"not_picked":["Dual Wield"],"picked":"SKIP","floor":42},{"not_picked":["Sword Boomerang"],"picked":"SKIP","floor":44},{"not_picked":[],"picked":"Twin Strike","floor":45},{"not_picked":[],"picked":"Perfected Strike","floor":46},{"not_picked":["Searing Blow+1"],"picked":"SKIP","floor":48}],"player_experience":407935,"relics_obtained":[{"floor":8.0,"key":"Thread and Needle"},{"floor":9.0,"key":"Gremlin Horn"},{"floor":12.0,"key":"Ancient Tea Set"},{"floor":23,"key":"Orichalcum"},{"floor":26,"key":"Turnip"},{"floor":29,"key":"Dodecahedron"},{"floor":31,"key":"Self Forming Clay"},{"floor":38,"key":"Magic Flower"},{"floor":43,"key":"Regal Pillow"},{"floor":44,"key":"Bag of Preparation"}],"event_choices":[{"damage_healed":0.0,"max_hp_gain":0.0,"max_hp_loss":0.0,"gold_gain":0.0,"event_name":"Living Wall","player_choice":"Grow","floor":2.0,"gold_loss":0.0,"damage_taken":0.0,"cards_upgraded":["Whirlwind"]},{"damage_healed":0.0,"max_hp_gain":0.0,"max_hp_loss":0.0,"gold_gain":0.0,"event_name":"Shining Light","player_choice":"Entered Light","floor":4.0,"gold_loss":0.0,"damage_taken":15.0,"cards_upgraded":["Defend_R","Strike_R"]},{"damage_healed":0.0,"max_hp_gain":0.0,"max_hp_loss":0.0,"gold_gain":0.0,"event_name":"Liars Game","player_choice":"Ignored","floor":5.0,"gold_loss":0.0,"damage_taken":0.0},{"damage_healed":0.0,"max_hp_gain":0.0,"max_hp_loss":0.0,"gold_gain":0.0,"event_name":"Addict","player_choice":"Obtained Relic","floor":19.0,"gold_loss":85.0,"damage_taken":0.0,"relics_obtained":["Mummified Hand"]},{"damage_healed":0,"gold_gain":0,"player_choice":"Ignored","damage_taken":0,"max_hp_gain":0,"max_hp_loss":0,"event_name":"Purifier","floor":20,"gold_loss":0},{"damage_healed":0,"gold_gain":0,"player_choice":"Read","damage_taken":0,"max_hp_gain":0,"max_hp_loss":0,"event_name":"The Library","floor":25,"gold_loss":0,"cards_obtained":["Perfected Strike"]},{"cards_removed":["Flame Barrier"],"damage_healed":0,"gold_gain":0,"player_choice":"Removed Skill","damage_taken":0,"max_hp_gain":0,"max_hp_loss":0,"event_name":"Falling","floor":37,"gold_loss":0},{"damage_healed":0,"gold_gain":0,"player_choice":"Fight","damage_taken":0,"max_hp_gain":0,"max_hp_loss":0,"event_name":"MindBloom","floor":38,"gold_loss":0},{"damage_healed":0,"gold_gain":0,"player_choice":"Gave Potion","damage_taken":0,"relics_obtained":["MawBank"],"max_hp_gain":0,"max_hp_loss":0,"event_name":"WeMeetAgain","floor":39,"gold_loss":0}],"is_beta":false,"boss_relics":[{"not_picked":["Orrery","Pandora\u0027s Box"],"picked":"Velvet Choker"},{"not_picked":["Lizard Tail","Empty Cage"],"picked":"Busted Crown"}],"items_purged_floors":[],"is_endless":false,"potions_floor_spawned":[1,14,21,29,31,33,35,41,42,44,46],"killed_by":"Donu and Deca","ascension_level":14}