{"gold_per_floor":[164,464,482,497,354,383,393,403,403,403,75,95,115,17,17,17],"floor_reached":16,"playtime":905,"items_purged":["Defend_B"],"score":109,"play_id":"ce3a6d8e-0881-48a7-a5d6-4861881d8656","local_time":"20190719153713","is_ascension_mode":true,"campfire_choices":[{"floor":10,"key":"RECALL"},{"floor":15,"key":"REST"}],"neow_cost":"NONE","seed_source_timestamp":768628343608700,"circlet_count":0,"master_deck":["Strike_B","Strike_B","Strike_B","Strike_B","Defend_B+1","Defend_B","Defend_B","Zap","Dualcast","Doom and Gloom","Turbo","Leap","Hologram","Darkness","Conserve Battery+1","Redo+1","Stack+1","Finesse+1","Reprogram+1","Leap+1","PanicButton+1"],"relics":["Tiny House","Old Coin","Toxic Egg 2","Matryoshka"],"potions_floor_usage":[6,6,16,16],"damage_taken":[{"damage":2,"enemies":"Small Slimes","floor":1,"turns":4},{"damage":1,"enemies":"Cultist","floor":3,"turns":3},{"damage":0,"enemies":"2 Louse","floor":4,"turns":3},{"damage":45,"enemies":"Gremlin Nob","floor":6,"turns":5},{"damage":17,"enemies":"Gremlin Gang","floor":7,"turns":3},{"damage":3,"enemies":"Exordium Thugs","floor":8,"turns":4},{"damage":10,"enemies":"2 Fungi Beasts","floor":12,"turns":4},{"damage":0,"enemies":"Exordium Wildlife","floor":13,"turns":2},{"damage":31,"enemies":"Slime Boss","floor":16,"turns":8}],"seed_played":"8165272563699258937","potions_obtained":[{"floor":0,"key":"FocusPotion"},{"floor":1,"key":"FocusPotion"},{"floor":4,"key":"LiquidBronze"},{"floor":6,"key":"FearPotion"},{"floor":13,"key":"SpeedPotion"}],"is_trial":false,"path_per_floor":["M","?","M","M","$","E","M","M","T","R","$","M","M","$","R","B"],"character_chosen":"DEFECT","items_purchased":["Darkness","Matryoshka","Finesse+1","PanicButton+1"],"campfire_rested":1,"item_purchase_floors":[5,11,11,14],"current_hp_per_floor":[78,78,77,77,77,32,15,12,12,12,12,2,2,2,26,0],"gold":17,"neow_bonus":"BOSS_RELIC","is_prod":false,"is_daily":false,"chose_seed":false,"campfire_upgraded":0,"win_rate":0,"timestamp":1563568633,"path_taken":["M","?","?","M","$","E","?","M","T","R","?","M","M","$","R","BOSS"],"build_version":"2019-07-17","purchased_purges":1,"victory":false,"max_hp_per_floor":[80,80,80,80,80,80,80,80,80,80,80,80,80,80,80,80],"card_choices":[{"not_picked":["Stack","Lockon"],"picked":"Doom and Gloom","floor":0},{"not_picked":["Rip and Tear","Rebound"],"picked":"Turbo","floor":1},{"not_picked":["Rebound","Storm"],"picked":"Leap","floor":3},{"not_picked":["Steam","Blizzard"],"picked":"Hologram","floor":4},{"not_picked":["Barrage","Echo Form"],"picked":"Conserve Battery","floor":6},{"not_picked":["White Noise+1","Doom and Gloom"],"picked":"Redo+1","floor":7},{"not_picked":["Self Repair","Gash"],"picked":"Stack+1","floor":8},{"not_picked":["Beam Cell","Sweeping Beam"],"picked":"Reprogram+1","floor":12},{"not_picked":["Sweeping Beam","Reprogram+1"],"picked":"Leap+1","floor":13}],"player_experience":93655,"relics_obtained":[{"floor":6,"key":"Toxic Egg 2"}],"event_choices":[{"damage_healed":0,"gold_gain":0,"player_choice":"Gave Potion","damage_taken":0,"relics_obtained":["Old Coin"],"max_hp_gain":0,"max_hp_loss":0,"event_name":"WeMeetAgain","floor":2,"gold_loss":0}],"is_beta":false,"boss_relics":[],"items_purged_floors":[5],"is_endless":false,"potions_floor_spawned":[1,4,6,13],"killed_by":"Slime Boss","ascension_level":1}