{"gold_per_floor":[111,123,6,6,25,60,60,76,76,76,107,125,153,167,167,238,238,253,253,272,272,292,292,327,327],"floor_reached":25,"playtime":801,"items_purged":["Strike_B"],"score":486,"play_id":"9fcae221-5a81-4938-95fd-e6b7443c6ad1","local_time":"20190703024032","is_ascension_mode":true,"campfire_choices":[{"floor":7.0,"key":"REST"},{"data":"Fusion","floor":10.0,"key":"SMITH"},{"data":"Fission","floor":15.0,"key":"SMITH"},{"data":"Barrage","floor":23,"key":"SMITH"}],"neow_cost":"NONE","seed_source_timestamp":13234258232900,"circlet_count":0,"master_deck":["AscendersBane","Strike_B","Defend_B","Defend_B","Defend_B","Defend_B","Zap","Dualcast","Compile Driver","Streamline","Fusion+1","Heatsinks","Ball Lightning","Ball Lightning","Barrage+1","Seek","Glacier","Fission+1","Conserve Battery","Creative AI+1","Stack","Core Surge"],"special_seed":0,"relics":["Cracked Core","Vajra","Incense Burner","Turnip","Pear","Frozen Egg 2","Eternal Feather","Omamori"],"potions_floor_usage":[22,22,24,25],"damage_taken":[{"damage":6.0,"enemies":"Cultist","floor":1.0,"turns":4.0},{"damage":7.0,"enemies":"Jaw Worm","floor":2.0,"turns":4.0},{"damage":0.0,"enemies":"2 Louse","floor":5.0,"turns":1.0},{"damage":25.0,"enemies":"3 Sentries","floor":6.0,"turns":7.0},{"damage":9.0,"enemies":"Red Slaver","floor":8.0,"turns":4.0},{"damage":1.0,"enemies":"Gremlin Nob","floor":11.0,"turns":3.0},{"damage":2.0,"enemies":"Large Slime","floor":12.0,"turns":4.0},{"damage":4.0,"enemies":"Lagavulin","floor":13.0,"turns":6.0},{"damage":6.0,"enemies":"Exordium Thugs","floor":14.0,"turns":3.0},{"damage":29.0,"enemies":"Hexaghost","floor":16.0,"turns":9.0},{"damage":0.0,"enemies":"2 Thieves","floor":18.0,"turns":4.0},{"damage":0.0,"enemies":"Chosen","floor":20.0,"turns":5.0},{"damage":40,"enemies":"Centurion and Healer","floor":22,"turns":9},{"damage":22,"enemies":"Gremlin Leader","floor":24,"turns":7},{"damage":0,"enemies":"Shelled Parasite and Fungi","floor":25,"turns":1}],"seed_played":"8049728563425175079","potions_obtained":[{"floor":2.0,"key":"Swift Potion"},{"floor":6.0,"key":"AttackPotion"},{"floor":11.0,"key":"Swift Potion"},{"floor":13.0,"key":"Fire Potion"},{"floor":14.0,"key":"Strength Potion"},{"floor":18.0,"key":"SteroidPotion"},{"floor":22,"key":"GamblersBrew"},{"floor":24,"key":"AttackPotion"}],"is_trial":false,"path_per_floor":["M","M","$","?","M","E","R","M","T","R","E","M","E","M","R","B",null,"M","?","M","?","M","R","E","M"],"character_chosen":"DEFECT","items_purchased":["Fusion"],"campfire_rested":1,"item_purchase_floors":[3],"current_hp_per_floor":[58,51,51,51,51,26,47,38,38,38,47,45,41,35,35,6,62,62,62,62,62,22,34,12,12],"gold":327,"neow_bonus":"RANDOM_COMMON_RELIC","is_prod":false,"is_daily":false,"chose_seed":false,"campfire_upgraded":3,"win_rate":0,"timestamp":1562089232,"path_taken":["M","M","?","?","M","E","R","M","T","R","E","M","E","M","R","BOSS","M","?","M","?","?","R","E","M"],"build_version":"2019-07-01","purchased_purges":1,"victory":false,"max_hp_per_floor":[71,71,71,71,71,71,71,71,71,71,81,81,81,81,81,81,81,81,81,81,81,81,81,81,81],"card_choices":[{"not_picked":["Turbo","Blizzard"],"picked":"Compile Driver","floor":1.0},{"not_picked":["Loop","Aggregate"],"picked":"Streamline","floor":2.0},{"not_picked":["Hologram","Glacier"],"picked":"Ball Lightning","floor":5.0},{"not_picked":["Go for the Eyes","Conserve Battery"],"picked":"Ball Lightning","floor":6.0},{"not_picked":["Heatsinks","Sunder"],"picked":"Barrage","floor":8.0},{"not_picked":["Hologram","Sweeping Beam"],"picked":"Seek","floor":11.0},{"not_picked":["Redo","Storm"],"picked":"Glacier","floor":12.0},{"not_picked":["Doom and Gloom","Gash"],"picked":"Fission","floor":13.0},{"not_picked":["Steam","Turbo"],"picked":"Conserve Battery","floor":14.0},{"not_picked":["Amplify","Fission"],"picked":"Creative AI+1","floor":16.0},{"not_picked":["Go for the Eyes","Melter","Barrage"],"picked":"SKIP","floor":18.0},{"not_picked":["Gash","Steam Power","Auto Shields"],"picked":"SKIP","floor":20.0},{"not_picked":["Leap","Barrage","Aggregate"],"picked":"SKIP","floor":22},{"not_picked":["Darkness","Rebound+1"],"picked":"Core Surge","floor":24}],"player_experience":5567670,"relics_obtained":[{"floor":6.0,"key":"Incense Burner"},{"floor":9.0,"key":"Turnip"},{"floor":11.0,"key":"Pear"},{"floor":13.0,"key":"Frozen Egg 2"},{"floor":24,"key":"Omamori"}],"event_choices":[{"damage_healed":0.0,"max_hp_gain":0.0,"max_hp_loss":0.0,"gold_gain":0.0,"cards_transformed":["Strike_B"],"event_name":"Living Wall","player_choice":"Change","floor":4.0,"gold_loss":0.0,"damage_taken":0.0,"cards_obtained":["Heatsinks"]},{"damage_healed":0.0,"max_hp_gain":0.0,"max_hp_loss":0.0,"gold_gain":0.0,"event_name":"Vampires","player_choice":"Ignored","floor":19.0,"gold_loss":0.0,"damage_taken":0.0},{"damage_healed":0.0,"max_hp_gain":0.0,"max_hp_loss":0.0,"gold_gain":0.0,"cards_transformed":["Strike_B"],"event_name":"Transmorgrifier","player_choice":"Transformed","floor":21.0,"gold_loss":0.0,"damage_taken":0.0,"cards_obtained":["Stack"]}],"is_beta":false,"boss_relics":[{"not_picked":["Philosopher\u0027s Stone","Snecko Eye"],"picked":"Eternal Feather"}],"items_purged_floors":[3],"is_endless":false,"potions_floor_spawned":[2,6,11,13,14,18,22,24],"killed_by":"Shelled Parasite and Fungi","ascension_level":20}