{"gold_per_floor":[111,111,61,61,77,77,77,113,136,136,201,250,250,21,21,21],"floor_reached":16,"playtime":342,"items_purged":["Defend_R"],"score":125,"play_id":"93bcadde-a061-40e2-9a29-9cec5e77a0ac","local_time":"20190703015150","is_ascension_mode":true,"campfire_choices":[{"data":"Bash","floor":6,"key":"SMITH"},{"floor":10,"key":"REST"},{"floor":15,"key":"REST"}],"neow_cost":"NONE","seed_source_timestamp":997142085521012,"circlet_count":0,"master_deck":["Strike_R","Strike_R","Strike_R","Defend_R+1","Defend_R+1","Defend_R","Bash+1","Spot Weakness","Whirlwind","Dropkick","Armaments"],"relics":["Burning Blood","Juzu Bracelet","Golden Idol","Potion Belt","Art of War","Tiny Chest","War Paint","Dream Catcher"],"potions_floor_usage":[11,16],"damage_taken":[{"damage":6,"enemies":"Cultist","floor":1,"turns":4},{"damage":7,"enemies":"Jaw Worm","floor":5,"turns":4},{"damage":66,"enemies":"Gremlin Nob","floor":8,"turns":6},{"damage":25,"enemies":"Lagavulin","floor":11,"turns":7},{"damage":38,"enemies":"The Guardian","floor":16,"turns":8}],"seed_played":"5822058913431125867","potions_obtained":[{"floor":8,"key":"Swift Potion"},{"floor":11,"key":"SkillPotion"}],"is_trial":false,"path_per_floor":["M","?","?","?","M","R","?","E","T","R","E","T","?","$","R","B"],"character_chosen":"IRONCLAD","items_purchased":["Dream Catcher"],"campfire_rested":2,"item_purchase_floors":[14],"current_hp_per_floor":[80,74,74,67,66,66,71,11,11,34,15,15,15,15,38,0],"gold":21,"neow_bonus":"RANDOM_COMMON_RELIC","is_prod":false,"is_daily":false,"chose_seed":false,"campfire_upgraded":1,"win_rate":0,"timestamp":1562115110,"path_taken":["M","?","?","?","M","R","?","E","T","R","E","?","?","$","R","BOSS"],"build_version":"2019-07-01","purchased_purges":1,"victory":false,"max_hp_per_floor":[80,74,74,74,74,74,79,79,79,79,79,79,79,79,79,79],"card_choices":[{"not_picked":["Cleave","Reckless Charge"],"picked":"Spot Weakness","floor":1},{"not_picked":["Shrug It Off","True Grit"],"picked":"Whirlwind","floor":5},{"not_picked":["Uppercut","Battle Trance"],"picked":"Dropkick","floor":8},{"not_picked":["Infernal Blade","Combust"],"picked":"Armaments","floor":11}],"player_experience":89983,"relics_obtained":[{"floor":8,"key":"Potion Belt"},{"floor":9,"key":"Art of War"},{"floor":11,"key":"Tiny Chest"},{"floor":12,"key":"War Paint"}],"event_choices":[{"damage_healed":0,"gold_gain":0,"player_choice":"Lose Max HP","damage_taken":0,"relics_obtained":["Golden Idol"],"max_hp_gain":0,"max_hp_loss":6,"event_name":"Golden Idol","floor":2,"gold_loss":0},{"cards_removed":["Strike_R"],"damage_healed":0,"gold_gain":0,"player_choice":"Card Removal","damage_taken":0,"max_hp_gain":0,"max_hp_loss":0,"event_name":"The Cleric","floor":3,"gold_loss":50},{"cards_removed":["Strike_R"],"damage_healed":0,"gold_gain":0,"player_choice":"Card Removal","damage_taken":7,"max_hp_gain":0,"max_hp_loss":0,"event_name":"Golden Wing","floor":4,"gold_loss":0},{"damage_healed":0,"gold_gain":0,"player_choice":"Donut","damage_taken":0,"max_hp_gain":5,"max_hp_loss":0,"event_name":"Big Fish","floor":7,"gold_loss":0},{"damage_healed":0,"gold_gain":0,"player_choice":"Ignored","damage_taken":0,"max_hp_gain":0,"max_hp_loss":0,"event_name":"Liars Game","floor":13,"gold_loss":0}],"is_beta":false,"boss_relics":[],"items_purged_floors":[14],"is_endless":false,"potions_floor_spawned":[8,11],"killed_by":"The Guardian","ascension_level":4}