{"gold_per_floor":[211,224,38,38,55,55,65,92,119,133,146,146,173,61,61,165,165,185,197,197,197,18,18,30,0,0,15,26,26,26,53,53,158,158,178,178,178,193,47,47,59,59,86,86,114,126,13,48,48,48],"floor_reached":51,"playtime":4471,"items_purged":["Strike_G","Shame","Decay"],"score":1113,"play_id":"38084034-e145-47b7-9c10-6d79f53dff39","local_time":"20190722105530","is_ascension_mode":true,"campfire_choices":[{"data":"Quick Slash","floor":6.0,"key":"SMITH"},{"floor":12.0,"key":"REST"},{"data":"Footwork","floor":15.0,"key":"SMITH"},{"floor":23.0,"key":"REST"},{"floor":32,"key":"REST"},{"data":"Burst","floor":40,"key":"SMITH"},{"data":"PiercingWail","floor":44,"key":"SMITH"},{"floor":46,"key":"REST"},{"floor":49,"key":"REST"}],"neow_cost":"NONE","seed_source_timestamp":71357992643200,"circlet_count":0,"master_deck":["Defend_G","Defend_G","Defend_G","Defend_G","Defend_G","Survivor","Neutralize","Dash","Quick Slash+1","Footwork+1","Leg Sweep","All Out Attack","Dagger Throw","Deadly Poison","Backstab","Bouncing Flask","Poisoned Stab","Leg Sweep","Crippling Poison","Malaise","PiercingWail+1","Deflect","Dodge and Roll","Footwork+1","Backstab+1","Malaise","Bite","Bite","Bite","Bite","Blur","Bouncing Flask","Burst+1","Backflip","Acrobatics+1","Corpse Explosion","Caltrops+1"],"special_seed":0,"relics":["Ring of the Snake","Juzu Bracelet","Bag of Preparation","Ancient Tea Set","Pen Nib","Sozu","Singing Bowl","Unceasing Top","Cursed Key","Oddly Smooth Stone","Bag of Marbles","MawBank","Turnip"],"potions_floor_usage":[33,45],"damage_taken":[{"damage":0.0,"enemies":"Cultist","floor":1.0,"turns":4.0},{"damage":0.0,"enemies":"Small Slimes","floor":2.0,"turns":3.0},{"damage":0.0,"enemies":"Jaw Worm","floor":5.0,"turns":4.0},{"damage":5.0,"enemies":"3 Louse","floor":7.0,"turns":3.0},{"damage":25.0,"enemies":"Lagavulin","floor":8.0,"turns":5.0},{"damage":1.0,"enemies":"Looter","floor":10.0,"turns":2.0},{"damage":1.0,"enemies":"Large Slime","floor":11.0,"turns":5.0},{"damage":0.0,"enemies":"3 Sentries","floor":13.0,"turns":6.0},{"damage":21.0,"enemies":"Slime Boss","floor":16.0,"turns":13.0},{"damage":14.0,"enemies":"2 Thieves","floor":18.0,"turns":4.0},{"damage":14.0,"enemies":"3 Byrds","floor":19.0,"turns":6.0},{"damage":4,"enemies":"3 Cultists","floor":24,"turns":9},{"damage":10,"enemies":"Sentry and Sphere","floor":27,"turns":6},{"damage":0,"enemies":"Centurion and Healer","floor":28,"turns":7},{"damage":29,"enemies":"Slavers","floor":31,"turns":7},{"damage":59,"enemies":"Automaton","floor":33,"turns":13},{"damage":19,"enemies":"3 Darklings","floor":35,"turns":6},{"damage":0,"enemies":"Orb Walker","floor":38,"turns":4},{"damage":5,"enemies":"Jaw Worm Horde","floor":41,"turns":6},{"damage":65,"enemies":"Reptomancer","floor":45,"turns":9},{"damage":15,"enemies":"Giant Head","floor":48,"turns":10},{"damage":26,"enemies":"Donu and Deca","floor":50,"turns":14}],"seed_played":"-2439526435217787430","potions_obtained":[{"floor":5.0,"key":"GhostInAJar"},{"floor":7.0,"key":"Strength Potion"},{"floor":8.0,"key":"AttackPotion"},{"floor":10.0,"key":"Regen Potion"}],"is_trial":false,"path_per_floor":["M","M","$","?","M","R","M","E","T","M","M","R","E","$","R","B",null,"M","M","?","?","$","R","M","?","T","M","M","?","?","E","R","B",null,"M","?","?","M","$","R","M","?","T","R","E","R","$","E","R","B",null],"character_chosen":"THE_SILENT","items_purchased":["Footwork","Leg Sweep","All Out Attack","Crippling Poison","Deflect","Dodge and Roll","Oddly Smooth Stone"],"campfire_rested":5,"item_purchase_floors":[3,3,3,14,22,22,39],"current_hp_per_floor":[63,63,63,60,60,60,55,30,30,29,28,49,64,64,64,43,63,49,35,35,35,35,56,54,54,54,46,48,48,48,31,52,17,57,44,44,44,46,46,46,51,68,68,68,15,35,35,24,44,26],"gold":48,"neow_bonus":"HUNDRED_GOLD","is_prod":false,"is_daily":false,"chose_seed":false,"campfire_upgraded":4,"win_rate":0,"timestamp":1563807330,"path_taken":["M","?","$","?","M","R","M","E","T","M","M","R","E","$","R","BOSS","M","M","?","?","$","R","M","?","T","M","M","?","?","E","R","BOSS","M","?","?","M","$","R","M","?","T","R","E","R","$","E","R","BOSS"],"build_version":"2019-07-17","purchased_purges":3,"victory":true,"max_hp_per_floor":[70,70,70,70,70,70,70,70,70,70,70,70,70,70,70,70,70,70,70,70,70,70,70,70,70,70,70,70,70,70,70,70,70,70,70,66,66,66,66,66,68,68,68,68,68,68,68,68,68,68],"card_choices":[{"not_picked":["Deadly Poison","Outmaneuver"],"picked":"Dash","floor":1.0},{"not_picked":["Slice","Backflip"],"picked":"Quick Slash","floor":2.0},{"not_picked":["Dodge and Roll","Underhanded Strike"],"picked":"Dagger Throw","floor":5.0},{"not_picked":["Acrobatics","Cloak And Dagger"],"picked":"Deadly Poison","floor":7.0},{"not_picked":["Caltrops","Venomology"],"picked":"Backstab","floor":8.0},{"not_picked":["Acrobatics","Endless Agony"],"picked":"Bouncing Flask","floor":10.0},{"not_picked":["Deadly Poison","Dagger Spray"],"picked":"Poisoned Stab","floor":11.0},{"not_picked":["Sucker Punch","Expertise"],"picked":"Leg Sweep","floor":13.0},{"not_picked":["A Thousand Cuts","Wraith Form v2"],"picked":"Malaise","floor":16.0},{"not_picked":["Acrobatics","Riddle With Holes+1"],"picked":"PiercingWail","floor":18.0},{"not_picked":["Outmaneuver","Dagger Throw","Flying Knee+1"],"picked":"SKIP","floor":19.0},{"not_picked":["Quick Slash+1","PiercingWail"],"picked":"Footwork+1","floor":24},{"not_picked":["Backflip","Prepared+1"],"picked":"Backstab+1","floor":27},{"not_picked":["Flying Knee","Slice"],"picked":"Malaise","floor":28},{"not_picked":["Blade Dance","Dagger Spray"],"picked":"Bouncing Flask","floor":31},{"not_picked":["Adrenaline","Phantasmal Killer"],"picked":"Burst","floor":33},{"not_picked":["Dagger Throw","Expertise+1"],"picked":"Backflip","floor":35},{"not_picked":["Escape Plan+1","Underhanded Strike"],"picked":"Acrobatics+1","floor":38},{"not_picked":["Underhanded Strike","Acrobatics","Accuracy+1"],"picked":"Singing Bowl","floor":41},{"not_picked":["Poisoned Stab+1","Caltrops+1"],"picked":"Corpse Explosion","floor":45},{"not_picked":["Poisoned Stab+1","Riddle With Holes+1"],"picked":"Caltrops+1","floor":48}],"player_experience":294315,"relics_obtained":[{"floor":8.0,"key":"Bag of Preparation"},{"floor":9.0,"key":"Ancient Tea Set"},{"floor":13.0,"key":"Pen Nib"},{"floor":26,"key":"Singing Bowl"},{"floor":31,"key":"Unceasing Top"},{"floor":43,"key":"Bag of Marbles"},{"floor":45,"key":"MawBank"},{"floor":48,"key":"Turnip"}],"event_choices":[{"damage_healed":0.0,"max_hp_gain":0.0,"max_hp_loss":0.0,"gold_gain":0.0,"event_name":"Scrap Ooze","player_choice":"Success","floor":4.0,"gold_loss":0.0,"damage_taken":3.0,"relics_obtained":["Juzu Bracelet"]},{"damage_healed":0.0,"max_hp_gain":0.0,"max_hp_loss":0.0,"gold_gain":0.0,"event_name":"Ghosts","player_choice":"Ignored","floor":20.0,"gold_loss":0.0,"damage_taken":0.0},{"damage_healed":0.0,"max_hp_gain":0.0,"max_hp_loss":0.0,"gold_gain":0.0,"event_name":"Addict","player_choice":"Stole Relic","floor":21.0,"gold_loss":0.0,"damage_taken":0.0,"relics_obtained":["Blood Vial"],"cards_obtained":["Shame"]},{"damage_healed":0,"gold_gain":0,"player_choice":"Paid Fearfully","damage_taken":0,"max_hp_gain":0,"max_hp_loss":0,"event_name":"Masked Bandits","floor":25,"gold_loss":30},{"damage_healed":0,"gold_gain":0,"player_choice":"Became a vampire (Vial)","damage_taken":0,"max_hp_gain":0,"max_hp_loss":0,"event_name":"Vampires","floor":29,"relics_lost":["Blood Vial"],"gold_loss":0,"cards_obtained":["Bite","Bite","Bite","Bite","Bite"]},{"damage_healed":0,"gold_gain":0,"player_choice":"Read","damage_taken":0,"max_hp_gain":0,"max_hp_loss":0,"event_name":"The Library","floor":30,"gold_loss":0,"cards_obtained":["Blur"]},{"damage_healed":0,"gold_gain":0,"player_choice":"Max HP","damage_taken":0,"max_hp_gain":0,"max_hp_loss":4,"event_name":"Winding Halls","floor":36,"gold_loss":0},{"cards_removed":["Bite"],"damage_healed":0,"gold_gain":0,"player_choice":"Removed Attack","damage_taken":0,"max_hp_gain":0,"max_hp_loss":0,"event_name":"Falling","floor":37,"gold_loss":0},{"damage_healed":17,"gold_gain":0,"player_choice":"Full Heal","damage_taken":0,"max_hp_gain":0,"max_hp_loss":0,"event_name":"Wheel of Change","floor":42,"gold_loss":0}],"is_beta":false,"boss_relics":[{"not_picked":["Eternal Feather","Pandora\u0027s Box"],"picked":"Sozu"},{"not_picked":["Empty Cage","Lizard Tail"],"picked":"Cursed Key"}],"items_purged_floors":[14,22,47],"is_endless":false,"potions_floor_spawned":[5,7,8,10,19,24,28,35,41,48],"ascension_level":9}