{"gold_per_floor":[116,116,129,142,157,185,185,204,231,231,246,258,292,312,312,387,387,398,410,4,17,36,36,64,76,88,111,152,164,205,37,37,111,111,127,349,404,404,419,449,463,463,487,517,20,30,30,30,30,30,30,30,30,30,64,64],"floor_reached":56,"playtime":1883,"items_purged":["Strike_R","Strike_R+1"],"score":2043,"play_id":"ff3d7c4b-cfab-49b6-bdf0-3b46938ea249","local_time":"20190701000138","daily_mods":["Blue Cards"],"is_ascension_mode":true,"campfire_choices":[{"data":"Flex","floor":7.0,"key":"SMITH"},{"data":"Armaments","floor":10.0,"key":"SMITH"},{"data":"Barrage","floor":15.0,"key":"SMITH"},{"data":"Defragment","floor":23.0,"key":"SMITH"},{"data":"Skim","floor":25.0,"key":"SMITH"},{"data":"Rupture","floor":32.0,"key":"SMITH"},{"floor":42.0,"key":"REST"},{"floor":47.0,"key":"REST"},{"floor":49.0,"key":"RECALL"},{"data":"Evolve","floor":53,"key":"SMITH"}],"neow_cost":"","seed_source_timestamp":1053922450611400,"circlet_count":0,"master_deck":["AscendersBane","Strike_R+1","Strike_R+1","Strike_R+1","Defend_R+1","Defend_R+1","Defend_R+1","Defend_R+1","Bash","FTL","Armaments+1","Flex+1","Electrodynamics","Sword Boomerang","Combust","Barrage+1","Fiend Fire","Compile Driver","Hologram","Skim+1","Defragment+1","Cold Snap","Darkness","Bludgeon","Shrug It Off","Hologram","Rupture+1","Echo Form","Dark Shackles","Evolve+1","Injury","Seek"],"special_seed":0,"relics":["Burning Blood","Nuclear Battery","Cables","Runic Capacitor","Emotion Chip","DataDisk","Pear","Pen Nib","Eternal Feather","Happy Flower","MawBank","Du-Vu Doll","Ancient Tea Set","Red Mask","Cursed Key","Champion Belt","Mercury Hourglass","Oddly Smooth Stone","Bronze Scales","Pantograph","ClockworkSouvenir","Vajra"],"potions_floor_usage":[],"damage_taken":[{"damage":7.0,"enemies":"2 Louse","floor":1.0,"turns":2.0},{"damage":0.0,"enemies":"Small Slimes","floor":3.0,"turns":3.0},{"damage":7.0,"enemies":"Jaw Worm","floor":4.0,"turns":2.0},{"damage":0.0,"enemies":"2 Fungi Beasts","floor":5.0,"turns":3.0},{"damage":24.0,"enemies":"Gremlin Nob","floor":6.0,"turns":4.0},{"damage":14.0,"enemies":"3 Louse","floor":8.0,"turns":2.0},{"damage":4.0,"enemies":"Red Slaver","floor":11.0,"turns":2.0},{"damage":0.0,"enemies":"Exordium Wildlife","floor":12.0,"turns":3.0},{"damage":11.0,"enemies":"3 Sentries","floor":13.0,"turns":3.0},{"damage":8.0,"enemies":"2 Fungi Beasts","floor":14.0,"turns":3.0},{"damage":3.0,"enemies":"Slime Boss","floor":16.0,"turns":4.0},{"damage":22.0,"enemies":"2 Thieves","floor":18.0,"turns":3.0},{"damage":7.0,"enemies":"Chosen","floor":19.0,"turns":3.0},{"damage":15.0,"enemies":"Snecko","floor":21.0,"turns":3.0},{"damage":24.0,"enemies":"Snake Plant","floor":22.0,"turns":2.0},{"damage":3.0,"enemies":"Gremlin Leader","floor":24.0,"turns":4.0},{"damage":6.0,"enemies":"Centurion and Healer","floor":27.0,"turns":9.0},{"damage":42.0,"enemies":"Book of Stabbing","floor":28.0,"turns":3.0},{"damage":5.0,"enemies":"Masked Bandits","floor":30.0,"turns":3.0},{"damage":20.0,"enemies":"Automaton","floor":33.0,"turns":7.0},{"damage":9.0,"enemies":"3 Shapes","floor":35.0,"turns":4.0},{"damage":50.0,"enemies":"2 Orb Walkers","floor":37.0,"turns":4.0},{"damage":9.0,"enemies":"Orb Walker","floor":39.0,"turns":2.0},{"damage":38.0,"enemies":"Nemesis","floor":40.0,"turns":7.0},{"damage":1.0,"enemies":"Spire Growth","floor":41.0,"turns":3.0},{"damage":30.0,"enemies":"Reptomancer","floor":44.0,"turns":5.0},{"damage":14.0,"enemies":"Writhing Mass","floor":46.0,"turns":7.0},{"damage":59.0,"enemies":"Donu and Deca","floor":50.0,"turns":7.0},{"damage":38,"enemies":"Awakened One","floor":51,"turns":10},{"damage":76,"enemies":"Shield and Spear","floor":55,"turns":5},{"damage":45,"enemies":"The Heart","floor":56,"turns":3}],"seed_played":"8179180251391368702","potions_obtained":[{"floor":1.0,"key":"SkillPotion"},{"floor":3.0,"key":"EssenceOfSteel"},{"floor":6.0,"key":"LiquidBronze"},{"floor":13.0,"key":"Dexterity Potion"},{"floor":28.0,"key":"AttackPotion"},{"floor":30.0,"key":"EntropicBrew"},{"floor":35.0,"key":"Regen Potion"},{"floor":39.0,"key":"SteroidPotion"},{"floor":55,"key":"Energy Potion"}],"is_trial":true,"path_per_floor":["M","?","M","M","M","E","R","M","T","R","M","M","E","M","R","B",null,"M","M","$","M","M","R","E","R","T","M","E","?","?","$","R","B",null,"M","?","?","?","M","E","M","R","T","E","$","M","R","$","R","B","B",null,"R","$","E","B"],"character_chosen":"IRONCLAD","items_purchased":["Skim","Defragment","Happy Flower","Rupture","Pantograph","ClockworkSouvenir"],"campfire_rested":2,"item_purchase_floors":[20,20,20,31,45,45],"current_hp_per_floor":[67,72,78,77,80,72,72,64,64,64,66,72,67,65,65,68,85,69,68,68,59,41,53,56,71,71,71,35,35,36,36,51,37,77,74,74,42,42,39,7,12,57,57,33,33,25,70,70,88,37,30,75,90,90,20,0],"gold":64,"neow_bonus":"","is_prod":false,"is_daily":false,"chose_seed":false,"campfire_upgraded":7,"win_rate":0,"timestamp":1561906898,"path_taken":["M","?","M","M","M","E","R","M","T","R","M","M","E","M","R","BOSS","M","M","$","M","M","R","E","R","T","M","E","?","?","$","R","BOSS","M","?","?","?","M","E","M","R","T","E","$","M","R","$","R","BOSS","BOSS","R","$","E","BOSS"],"build_version":"2019-01-23","purchased_purges":2,"victory":false,"max_hp_per_floor":[75,80,80,80,80,90,90,90,90,90,90,90,90,90,90,90,90,90,90,90,90,90,90,90,90,90,90,90,90,90,90,90,90,90,90,90,90,90,90,90,90,90,90,90,90,90,90,90,90,90,90,90,90,90,90,90],"card_choices":[{"not_picked":["Sever Soul","True Grit","Go for the Eyes"],"picked":"SKIP","floor":1.0},{"not_picked":["Sword Boomerang","Flex"],"picked":"FTL","floor":3.0},{"not_picked":["Lockon","Stack"],"picked":"Armaments","floor":4.0},{"not_picked":["Twin Strike","Turbo"],"picked":"Flex","floor":5.0},{"not_picked":["Force Field","Armaments"],"picked":"Electrodynamics","floor":6.0},{"not_picked":["Compile Driver","Havoc"],"picked":"Sword Boomerang","floor":8.0},{"not_picked":["Streamline","True Grit","Searing Blow"],"picked":"SKIP","floor":11.0},{"not_picked":["Glacier","Carnage"],"picked":"Combust","floor":12.0},{"not_picked":["Turbo","Sweeping Beam"],"picked":"Barrage","floor":13.0},{"not_picked":["Scrape","Cold Snap","Reckless Charge"],"picked":"SKIP","floor":14.0},{"not_picked":["Brutality","Multi-Cast"],"picked":"Fiend Fire","floor":16.0},{"not_picked":["Stack","Perfected Strike"],"picked":"Compile Driver","floor":18.0},{"not_picked":["Iron Wave","Reinforced Body"],"picked":"Hologram","floor":19.0},{"not_picked":["Fusion","Perfected Strike"],"picked":"Cold Snap","floor":21.0},{"not_picked":["Spot Weakness","Beam Cell"],"picked":"Darkness","floor":22.0},{"not_picked":["Blizzard","Fusion"],"picked":"Bludgeon","floor":24.0},{"not_picked":["Rebound","Anger","Static Discharge"],"picked":"SKIP","floor":27.0},{"not_picked":["Redo","Gash"],"picked":"Shrug It Off","floor":28.0},{"not_picked":["Sweeping Beam","Perfected Strike+1"],"picked":"Hologram","floor":30.0},{"not_picked":["All For One","Machine Learning"],"picked":"Echo Form","floor":33.0},{"not_picked":["Wild Strike+1","Sweeping Beam","White Noise"],"picked":"SKIP","floor":35.0},{"not_picked":["Finesse","Mayhem"],"picked":"Dark Shackles","floor":38.0},{"not_picked":["Lockon","Sunder"],"picked":"Evolve","floor":39.0},{"not_picked":["Clash+1","Havoc","Cleave+1"],"picked":"SKIP","floor":40.0},{"not_picked":["Clothesline","Storm","Headbutt"],"picked":"SKIP","floor":41.0},{"not_picked":["Sunder","Iron Wave","BootSequence"],"picked":"SKIP","floor":44.0},{"not_picked":["Streamline","Steam","Turbo+1"],"picked":"SKIP","floor":46.0},{"not_picked":["Cleave","Blood for Blood+1"],"picked":"Seek","floor":55}],"player_experience":5532500,"relics_obtained":[{"floor":6.0,"key":"Pear"},{"floor":13.0,"key":"Pen Nib"},{"floor":24.0,"key":"MawBank"},{"floor":26.0,"key":"Du-Vu Doll"},{"floor":28.0,"key":"Ancient Tea Set"},{"floor":30.0,"key":"Red Mask"},{"floor":37.0,"key":"Champion Belt"},{"floor":40.0,"key":"Mercury Hourglass"},{"floor":43.0,"key":"Oddly Smooth Stone"},{"floor":44.0,"key":"Bronze Scales"},{"floor":55,"key":"Vajra"}],"event_choices":[{"damage_healed":0.0,"max_hp_gain":5.0,"max_hp_loss":0.0,"gold_gain":0.0,"event_name":"Big Fish","player_choice":"Donut","floor":2.0,"gold_loss":0.0,"damage_taken":0.0},{"damage_healed":0.0,"max_hp_gain":0.0,"max_hp_loss":0.0,"gold_gain":0.0,"event_name":"Back to Basics","player_choice":"Simplicity","floor":29.0,"gold_loss":0.0,"damage_taken":0.0,"cards_upgraded":["Strike_R","Strike_R","Strike_R","Strike_R","Defend_R","Defend_R","Defend_R","Defend_R"]},{"damage_healed":0.0,"max_hp_gain":0.0,"max_hp_loss":0.0,"gold_gain":0.0,"event_name":"Masked Bandits","player_choice":"Fought Bandits","floor":30.0,"gold_loss":0.0,"damage_taken":0.0},{"damage_healed":0.0,"max_hp_gain":0.0,"max_hp_loss":0.0,"gold_gain":222.0,"event_name":"Tomb of Lord Red Mask","player_choice":"Wore Mask","floor":36.0,"gold_loss":0.0,"damage_taken":0.0},{"damage_healed":0.0,"max_hp_gain":0.0,"max_hp_loss":0.0,"gold_gain":0.0,"event_name":"Mysterious Sphere","player_choice":"Fight","floor":37.0,"gold_loss":0.0,"damage_taken":0.0},{"damage_healed":0.0,"max_hp_gain":0.0,"max_hp_loss":0.0,"gold_gain":0.0,"event_name":"SensoryStone","player_choice":"Memory 1","floor":38.0,"gold_loss":0.0,"damage_taken":0.0}],"is_beta":false,"boss_relics":[{"not_picked":["Philosopher\u0027s Stone","Runic Cube"],"picked":"Eternal Feather"},{"not_picked":["Sozu","Black Star"],"picked":"Cursed Key"}],"items_purged_floors":[20,31],"is_endless":false,"potions_floor_spawned":[1,3,6,13,14,16,18,19,28,30,35,39,55],"killed_by":"The Heart","ascension_level":20}