{"gold_per_floor":[118,118,133,93,111,111,137,137,137,148,158,187,23,81,81,158,158,176,194,469,72,92,92,92],"floor_reached":24,"playtime":719,"items_purged":["Strike_R","Regret"],"score":412,"play_id":"55fb75ff-c832-4a2c-9691-34371e5aa69e","local_time":"20190504025941","is_ascension_mode":true,"campfire_choices":[{"data":"Wild Strike","floor":6.0,"key":"SMITH"},{"data":"Combust","floor":8.0,"key":"SMITH"},{"data":"Dark Embrace","floor":15.0,"key":"SMITH"},{"floor":23.0,"key":"REST"}],"neow_cost":"TEN_PERCENT_HP_LOSS","seed_source_timestamp":1122547829631400,"circlet_count":0,"master_deck":["AscendersBane","Strike_R","Strike_R+1","Defend_R","Defend_R+1","Defend_R","Defend_R","Bash+1","Clothesline","Combust+1","Iron Wave","Reckless Charge","Wild Strike+1","Disarm+1","Dark Embrace+1","Feel No Pain","Shrug It Off","Juggernaut","Disarm"],"special_seed":0,"relics":["Burning Blood","Gremlin Horn","Ancient Tea Set","War Paint","Cursed Key","OrangePellets"],"potions_floor_usage":[24],"damage_taken":[{"damage":17.0,"enemies":"2 Louse","floor":1.0,"turns":3.0},{"damage":2.0,"enemies":"Cultist","floor":3.0,"turns":4.0},{"damage":2.0,"enemies":"Jaw Worm","floor":5.0,"turns":4.0},{"damage":19.0,"enemies":"3 Sentries","floor":7.0,"turns":7.0},{"damage":1.0,"enemies":"2 Fungi Beasts","floor":10.0,"turns":2.0},{"damage":9.0,"enemies":"Lots of Slimes","floor":11.0,"turns":3.0},{"damage":14.0,"enemies":"Lagavulin","floor":12.0,"turns":6.0},{"damage":14.0,"enemies":"3 Sentries","floor":14.0,"turns":5.0},{"damage":14.0,"enemies":"The Guardian","floor":16.0,"turns":11.0},{"damage":24.0,"enemies":"Spheric Guardian","floor":18.0,"turns":4.0},{"damage":19.0,"enemies":"2 Thieves","floor":19.0,"turns":4.0},{"damage":15.0,"enemies":"Centurion and Healer","floor":22.0,"turns":7.0},{"damage":52,"enemies":"Slavers","floor":24,"turns":4}],"seed_played":"5571995066101654891","potions_obtained":[{"floor":3.0,"key":"SpeedPotion"},{"floor":4.0,"key":"SteroidPotion"},{"floor":4.0,"key":"BloodPotion"},{"floor":5.0,"key":"Block Potion"},{"floor":12.0,"key":"Ancient Potion"},{"floor":14.0,"key":"GamblersBrew"},{"floor":16.0,"key":"SneckoOil"}],"is_trial":false,"path_per_floor":["M","?","M","?","M","R","E","R","T","M","M","E","$","?","R","B",null,"M","M","?","$","M","R","E"],"character_chosen":"IRONCLAD","items_purchased":["Feel No Pain","OrangePellets","Regen Potion"],"campfire_rested":1,"item_purchase_floors":[13,21,21],"current_hp_per_floor":[57,37,41,41,51,51,38,38,38,43,40,32,32,24,24,16,55,37,24,24,24,29,49,0],"gold":92,"neow_bonus":"TRANSFORM_TWO_CARDS","is_prod":false,"is_daily":false,"chose_seed":false,"campfire_upgraded":3,"win_rate":0,"timestamp":1556906381,"path_taken":["M","?","M","?","M","R","E","R","T","M","?","E","$","?","R","BOSS","M","M","?","$","?","R","E"],"build_version":"2019-01-23","purchased_purges":2,"victory":false,"max_hp_per_floor":[68,68,68,68,68,68,68,68,68,68,68,68,68,68,68,68,68,68,68,68,68,68,68,68],"card_choices":[{"not_picked":["Burning Pact","Clothesline"],"picked":"Iron Wave","floor":1.0},{"not_picked":["Thunderclap","Metallicize"],"picked":"Reckless Charge","floor":3.0},{"not_picked":["Shrug It Off","Iron Wave"],"picked":"Wild Strike","floor":5.0},{"not_picked":["Sword Boomerang","Headbutt"],"picked":"Disarm","floor":7.0},{"not_picked":["Warcry","Clash"],"picked":"Dark Embrace","floor":10.0},{"not_picked":["Flex","Headbutt","Uppercut"],"picked":"SKIP","floor":11.0},{"not_picked":["Heavy Blade","Iron Wave","Uppercut"],"picked":"SKIP","floor":12.0},{"not_picked":["Cleave","Corruption"],"picked":"Shrug It Off","floor":14.0},{"not_picked":["Demon Form","Double Tap"],"picked":"Juggernaut","floor":16.0},{"not_picked":["Iron Wave","Dropkick","Pommel Strike"],"picked":"SKIP","floor":18.0},{"not_picked":["Iron Wave","Clash"],"picked":"Disarm","floor":22.0}],"player_experience":4908289,"relics_obtained":[{"floor":7.0,"key":"Gremlin Horn"},{"floor":12.0,"key":"Ancient Tea Set"}],"event_choices":[{"damage_healed":0.0,"max_hp_gain":0.0,"max_hp_loss":0.0,"gold_gain":0.0,"event_name":"Shining Light","player_choice":"Entered Light","floor":2.0,"gold_loss":0.0,"damage_taken":20.0,"cards_upgraded":["Strike_R","Bash"]},{"damage_healed":0.0,"max_hp_gain":0.0,"max_hp_loss":0.0,"gold_gain":0.0,"event_name":"The Woman in Blue","player_choice":"Bought 3 Potions","floor":4.0,"gold_loss":0.0,"damage_taken":0.0},{"damage_healed":0.0,"max_hp_gain":0.0,"max_hp_loss":0.0,"gold_gain":0.0,"event_name":"Dead Adventurer","player_choice":"Searched \u00272\u0027 times","floor":14.0,"gold_loss":0.0,"damage_taken":0.0,"relics_obtained":["War Paint"]},{"damage_healed":0.0,"max_hp_gain":0.0,"max_hp_loss":0.0,"gold_gain":275.0,"event_name":"Golden Shrine","player_choice":"Desecrate","floor":20.0,"gold_loss":0.0,"damage_taken":0.0,"cards_obtained":["Regret"]}],"is_beta":false,"boss_relics":[{"not_picked":["Black Star","Pandora\u0027s Box"],"picked":"Cursed Key"}],"items_purged_floors":[13,21],"is_endless":false,"potions_floor_spawned":[3,5,12,14,16],"killed_by":"Slavers","ascension_level":20}