{"gold_per_floor":[119,119,131,145,156,156,190,200,200,229,229,73,86,86,86,162,162,182,182,195,195,195,527,96,124,148,148,23,23,49,60,60,137,137,148,148,148,162,173,198,198,251,251,279,279,279,279,129,129,129,129,129,129,36,71,71],"floor_reached":57,"playtime":3069,"items_purged":["Strike_G","Decay","Defend_G+1","Defend_G+1"],"score":3273,"play_id":"1530f34b-2d15-4c04-bbc0-9cb0aad3abf0","local_time":"20190516032519","is_ascension_mode":true,"campfire_choices":[{"data":"Spot Weakness","floor":6.0,"key":"SMITH"},{"data":"Cloak And Dagger","floor":15.0,"key":"SMITH"},{"floor":27.0,"key":"REST"},{"floor":29.0,"key":"REST"},{"data":"Neutralize","floor":32.0,"key":"SMITH"},{"floor":41.0,"key":"RECALL"},{"data":"Backstab","floor":46,"key":"SMITH"},{"floor":49,"key":"REST"},{"floor":53,"key":"REST"}],"neow_cost":"","seed_source_timestamp":890509753697600,"circlet_count":0,"master_deck":["Cloak And Dagger+1","Blade Dance+1","Survivor+1","Defend_G+1","Defend_G+1","Defend_G+1","Strike_G+1","Strike_G+1","Strike_G+1","Neutralize+1","Spot Weakness+1","Cloak And Dagger+1","Prepared+1","Terror+1","Backstab+1","Blade Dance+1","Malaise+1","Acrobatics+1","Dodge and Roll+1","Tactician+1","PiercingWail+1","Adrenaline+1","Backflip+1","Master of Strategy+1","Reflex+1","Adrenaline+1","Phantasmal Killer+1","Escape Plan+1","Panacea+1","Master of Strategy+1","Well Laid Plans","Backflip+1"],"special_seed":0,"relics":["Ring of the Snake","Toxic Egg 2","Kunai","Prayer Wheel","Paper Crane","GremlinMask","Pantograph","Juzu Bracelet","Blood Vial","Mummified Hand","Black Star","Nilry\u0027s Codex","Bag of Preparation","Old Coin","Turnip","Ice Cream","Regal Pillow","War Paint","Cursed Key","Happy Flower","Anchor","Mango","Snake Skull","Nunchaku","Blue Candle","Bottled Tornado"],"potions_floor_usage":[55,55,56],"damage_taken":[{"damage":0.0,"enemies":"2 Louse","floor":1.0,"turns":3.0},{"damage":0.0,"enemies":"Cultist","floor":3.0,"turns":4.0},{"damage":0.0,"enemies":"Jaw Worm","floor":4.0,"turns":3.0},{"damage":0.0,"enemies":"3 Louse","floor":5.0,"turns":3.0},{"damage":1.0,"enemies":"Lagavulin","floor":7.0,"turns":5.0},{"damage":0.0,"enemies":"Looter","floor":8.0,"turns":2.0},{"damage":1.0,"enemies":"3 Sentries","floor":10.0,"turns":7.0},{"damage":0.0,"enemies":"2 Fungi Beasts","floor":13.0,"turns":4.0},{"damage":0.0,"enemies":"The Guardian","floor":16.0,"turns":9.0},{"damage":0.0,"enemies":"3 Byrds","floor":18.0,"turns":6.0},{"damage":0.0,"enemies":"Spheric Guardian","floor":20.0,"turns":6.0},{"damage":32.0,"enemies":"Slavers","floor":23.0,"turns":8.0},{"damage":18.0,"enemies":"Gremlin Leader","floor":25.0,"turns":6.0},{"damage":4.0,"enemies":"Slavers","floor":30.0,"turns":5.0},{"damage":0.0,"enemies":"Chosen and Byrds","floor":31.0,"turns":6.0},{"damage":0.0,"enemies":"Champ","floor":33.0,"turns":39.0},{"damage":1.0,"enemies":"3 Shapes","floor":35.0,"turns":3.0},{"damage":0.0,"enemies":"3 Darklings","floor":38.0,"turns":3.0},{"damage":1.0,"enemies":"Spire Growth","floor":39.0,"turns":3.0},{"damage":5.0,"enemies":"Reptomancer","floor":40.0,"turns":7.0},{"damage":0.0,"enemies":"2 Orb Walkers","floor":42.0,"turns":2.0},{"damage":0,"enemies":"Giant Head","floor":44,"turns":6},{"damage":0,"enemies":"Time Eater","floor":50,"turns":23},{"damage":0,"enemies":"Donu and Deca","floor":51,"turns":9},{"damage":0,"enemies":"Shield and Spear","floor":55,"turns":5},{"damage":38,"enemies":"The Heart","floor":56,"turns":11}],"seed_played":"-4289493409242183324","potions_obtained":[{"floor":1.0,"key":"Poison Potion"},{"floor":5.0,"key":"Fire Potion"},{"floor":10.0,"key":"SteroidPotion"},{"floor":18.0,"key":"Block Potion"},{"floor":30.0,"key":"SkillPotion"},{"floor":31.0,"key":"Ancient Potion"},{"floor":55,"key":"Weak Potion"}],"is_trial":true,"path_per_floor":["M","?","M","M","M","R","E","M","T","E","?","$","M","?","R","B",null,"M","?","M","?","?","E","$","E","T","R","$","R","E","M","R","B",null,"M","?","?","M","M","E","R","?","T","E","?","R","?","$","R","B","B",null,"R","$","E","B",null],"character_chosen":"THE_SILENT","items_purchased":["Tactician+1","Master of Strategy+1","Reflex+1","SkillPotion","Well Laid Plans","SteroidPotion"],"campfire_rested":4,"item_purchase_floors":[12,24,24,24,54,54],"current_hp_per_floor":[59,59,59,59,59,59,58,58,58,57,62,62,64,29,29,56,67,69,48,50,50,50,20,20,4,4,25,25,46,44,46,46,71,71,70,70,67,67,66,62,62,78,78,80,80,80,70,70,81,81,81,81,81,81,81,43],"gold":71,"neow_bonus":"","is_prod":false,"is_daily":false,"chose_seed":false,"campfire_upgraded":4,"win_rate":0,"timestamp":1557944719,"path_taken":["M","?","?","M","M","R","E","?","T","E","?","$","M","?","R","BOSS","M","?","M","?","?","E","$","E","T","R","$","R","E","M","R","BOSS","M","?","?","M","M","E","R","?","T","E","?","R","?","$","R","BOSS","BOSS","R","$","E","BOSS"],"build_version":"2019-01-23","purchased_purges":4,"victory":true,"max_hp_per_floor":[66,66,66,66,66,66,66,66,66,66,71,71,71,71,71,71,71,71,71,71,71,71,71,71,71,71,71,71,71,71,71,71,71,71,71,71,67,67,67,67,67,81,81,81,81,81,81,81,81,81,81,81,81,81,81,81],"card_choices":[{"not_picked":["Escape Plan+1","Quick Slash"],"picked":"Cloak And Dagger+1","floor":1.0},{"not_picked":["Underhanded Strike","Flechettes"],"picked":"Prepared+1","floor":1.0},{"not_picked":["Dodge and Roll+1","Bane"],"picked":"Terror+1","floor":3.0},{"not_picked":["Sucker Punch","Predator"],"picked":"Backstab","floor":3.0},{"not_picked":["Underhanded Strike","Bouncing Flask+1"],"picked":"Blade Dance+1","floor":4.0},{"not_picked":["Distraction+1","Concentrate+1"],"picked":"Malaise+1","floor":4.0},{"not_picked":["Terror+1","Outmaneuver+1","Prepared+1"],"picked":"SKIP","floor":5.0},{"not_picked":["Dagger Throw","Flechettes","Poisoned Stab"],"picked":"SKIP","floor":5.0},{"not_picked":["Eviscerate","Underhanded Strike","Dagger Throw"],"picked":"SKIP","floor":7.0},{"not_picked":["Riddle With Holes","Tools of the Trade"],"picked":"Acrobatics+1","floor":8.0},{"not_picked":["Finisher","Flying Knee","All Out Attack"],"picked":"SKIP","floor":8.0},{"not_picked":["All Out Attack","Quick Slash"],"picked":"Dodge and Roll+1","floor":10.0},{"not_picked":["Deadly Poison+1","Finisher"],"picked":"PiercingWail+1","floor":13.0},{"not_picked":["Dagger Spray","Deadly Poison+1","Setup+1"],"picked":"SKIP","floor":13.0},{"not_picked":["After Image","Unload"],"picked":"Adrenaline+1","floor":16.0},{"not_picked":["Dash","Dodge and Roll+1","Flying Knee"],"picked":"SKIP","floor":18.0},{"not_picked":["Tactician+1","Deflect+1","Riddle With Holes"],"picked":"SKIP","floor":18.0},{"not_picked":["Distraction+1","Flying Knee"],"picked":"Backflip+1","floor":20.0},{"not_picked":["Dagger Throw","Prepared+1","Accuracy"],"picked":"SKIP","floor":20.0},{"not_picked":["Deadly Poison+1","Choke","All Out Attack+1"],"picked":"SKIP","floor":23.0},{"not_picked":["Blur+1","Setup+1"],"picked":"Adrenaline+1","floor":25.0},{"not_picked":["Deflect+1","Die Die Die","Sucker Punch"],"picked":"SKIP","floor":30.0},{"not_picked":["Masterful Stab","All Out Attack","Blade Dance+1"],"picked":"SKIP","floor":31.0},{"not_picked":["Dodge and Roll+1","Underhanded Strike","Riddle With Holes"],"picked":"SKIP","floor":31.0},{"not_picked":["A Thousand Cuts","Unload"],"picked":"Phantasmal Killer+1","floor":33.0},{"not_picked":["Flying Knee+1","Backstab","Blade Dance+1"],"picked":"SKIP","floor":35.0},{"not_picked":["Slice","Prepared+1","Flying Knee"],"picked":"SKIP","floor":35.0},{"not_picked":["Deflect+1","Leg Sweep+1","Noxious Fumes"],"picked":"SKIP","floor":38.0},{"not_picked":["Underhanded Strike","All Out Attack","Sucker Punch+1"],"picked":"SKIP","floor":38.0},{"not_picked":["Deflect+1","Sucker Punch","Flying Knee+1"],"picked":"SKIP","floor":39.0},{"not_picked":["Deadly Poison+1","Footwork","Expertise+1"],"picked":"SKIP","floor":39.0},{"not_picked":["Prepared+1","Slice+1"],"picked":"Escape Plan+1","floor":40.0},{"not_picked":["PiercingWail+1","Bane","Sucker Punch"],"picked":"SKIP","floor":44},{"not_picked":["Flash of Steel","Metamorphosis+1"],"picked":"Panacea+1","floor":47},{"not_picked":["Panache","Impatience+1"],"picked":"Master of Strategy+1","floor":47},{"not_picked":["Underhanded Strike","Reflex+1"],"picked":"Backflip+1","floor":55}],"player_experience":5046579,"relics_obtained":[{"floor":7.0,"key":"Pantograph"},{"floor":9.0,"key":"Juzu Bracelet"},{"floor":10.0,"key":"Blood Vial"},{"floor":19.0,"key":"Nilry\u0027s Codex"},{"floor":23.0,"key":"Bag of Preparation"},{"floor":23.0,"key":"Old Coin"},{"floor":25.0,"key":"Turnip"},{"floor":25.0,"key":"Ice Cream"},{"floor":30.0,"key":"Regal Pillow"},{"floor":30.0,"key":"War Paint"},{"floor":40.0,"key":"Happy Flower"},{"floor":40.0,"key":"Anchor"},{"floor":42.0,"key":"Mango"},{"floor":44,"key":"Snake Skull"},{"floor":44,"key":"Nunchaku"},{"floor":55,"key":"Blue Candle"},{"floor":55,"key":"Bottled Tornado"}],"event_choices":[{"damage_healed":0.0,"max_hp_gain":0.0,"max_hp_loss":0.0,"gold_gain":0.0,"event_name":"FaceTrader","player_choice":"Trade","floor":2.0,"gold_loss":0.0,"damage_taken":0.0,"relics_obtained":["GremlinMask"]},{"damage_healed":0.0,"max_hp_gain":5.0,"max_hp_loss":0.0,"gold_gain":0.0,"event_name":"Big Fish","player_choice":"Donut","floor":11.0,"gold_loss":0.0,"damage_taken":0.0},{"damage_healed":0.0,"max_hp_gain":0.0,"max_hp_loss":0.0,"gold_gain":0.0,"event_name":"Scrap Ooze","player_choice":"Success","floor":14.0,"gold_loss":0.0,"damage_taken":35.0,"relics_obtained":["Mummified Hand"]},{"damage_healed":0.0,"max_hp_gain":0.0,"max_hp_loss":0.0,"gold_gain":0.0,"event_name":"Cursed Tome","player_choice":"Obtained Book","floor":19.0,"gold_loss":0.0,"damage_taken":21.0},{"damage_healed":0.0,"max_hp_gain":0.0,"max_hp_loss":0.0,"gold_gain":0.0,"event_name":"Wheel of Change","player_choice":"Cursed","floor":21.0,"gold_loss":0.0,"damage_taken":0.0,"cards_obtained":["Decay"]},{"damage_healed":0.0,"max_hp_gain":0.0,"max_hp_loss":0.0,"gold_gain":0.0,"event_name":"Back to Basics","player_choice":"Simplicity","floor":22.0,"gold_loss":0.0,"damage_taken":0.0,"cards_upgraded":["Defend_G","Defend_G","Defend_G","Defend_G","Defend_G","Strike_G","Strike_G","Strike_G","Strike_G"]},{"cards_removed":["Strike_G"],"damage_healed":0.0,"max_hp_gain":0.0,"max_hp_loss":0.0,"gold_gain":0.0,"event_name":"Bonfire Elementals","player_choice":"Offered Basic","floor":36.0,"gold_loss":0.0,"damage_taken":0.0},{"damage_healed":0.0,"max_hp_gain":0.0,"max_hp_loss":4.0,"gold_gain":0.0,"event_name":"Winding Halls","player_choice":"Max HP","floor":37.0,"gold_loss":0.0,"damage_taken":0.0},{"damage_healed":0.0,"max_hp_gain":0.0,"max_hp_loss":0.0,"gold_gain":0.0,"event_name":"Mysterious Sphere","player_choice":"Fight","floor":42.0,"gold_loss":0.0,"damage_taken":0.0},{"damage_healed":0,"gold_gain":0,"player_choice":"Ignored","damage_taken":0,"max_hp_gain":0,"max_hp_loss":0,"event_name":"Tomb of Lord Red Mask","floor":45,"gold_loss":0},{"damage_healed":0,"gold_gain":0,"player_choice":"Memory 3","damage_taken":10,"max_hp_gain":0,"max_hp_loss":0,"event_name":"SensoryStone","floor":47,"gold_loss":0}],"is_beta":false,"boss_relics":[{"not_picked":["Ring of the Serpent","Eternal Feather"],"picked":"Black Star"},{"not_picked":["Philosopher\u0027s Stone","Tiny House"],"picked":"Cursed Key"}],"items_purged_floors":[12,24,28,48],"is_endless":false,"potions_floor_spawned":[1,5,10,13,18,30,31,35,42,44,55],"ascension_level":20}