{"gold_per_floor":[362,3,18,28,28,28,60,60,114,144,144,164,197,207,207,207],"floor_reached":16,"playtime":922,"items_purged":[],"score":162,"play_id":"4a81feb6-8088-4c25-9bdd-55e07a313630","local_time":"20190718125232","is_ascension_mode":true,"campfire_choices":[{"data":"Bash","floor":6,"key":"SMITH"},{"floor":8,"key":"REST"},{"floor":11,"key":"REST"},{"data":"Disarm","floor":15,"key":"SMITH"}],"neow_cost":"PERCENT_DAMAGE","seed_source_timestamp":7148682684100,"circlet_count":0,"master_deck":["Strike_R","Strike_R","Strike_R","Strike_R","Defend_R","Defend_R","Defend_R","Defend_R","Bash+1","Infernal Blade","Havoc","Disarm","Infernal Blade","Intimidate","Disarm+1","Clothesline","Flame Barrier"],"relics":["Burning Blood","Dead Branch","Boot","Art of War","Magic Flower","Happy Flower"],"potions_floor_usage":[10,12,16],"damage_taken":[{"damage":1,"enemies":"Cultist","floor":1,"turns":4},{"damage":14,"enemies":"Jaw Worm","floor":3,"turns":3},{"damage":0,"enemies":"2 Louse","floor":4,"turns":4},{"damage":32,"enemies":"Lagavulin","floor":7,"turns":6},{"damage":30,"enemies":"3 Sentries","floor":10,"turns":6},{"damage":24,"enemies":"Exordium Thugs","floor":12,"turns":5},{"damage":27,"enemies":"Lagavulin","floor":13,"turns":6},{"damage":7,"enemies":"3 Louse","floor":14,"turns":3},{"damage":36,"enemies":"The Guardian","floor":16,"turns":13}],"seed_played":"-7597487008116128409","potions_obtained":[{"floor":3,"key":"LiquidBronze"},{"floor":4,"key":"Regen Potion"},{"floor":7,"key":"GamblersBrew"},{"floor":10,"key":"Poison Potion"},{"floor":13,"key":"Strength Potion"}],"is_trial":false,"path_per_floor":["M","$","M","M","?","R","E","R","T","E","R","M","E","M","R","B"],"character_chosen":"IRONCLAD","items_purchased":["Dead Branch","Havoc"],"campfire_rested":2,"item_purchase_floors":[2,2],"current_hp_per_floor":[56,56,48,54,54,54,28,52,52,43,67,52,34,36,36,0],"gold":207,"neow_bonus":"TWO_FIFTY_GOLD","is_prod":false,"is_daily":false,"chose_seed":false,"campfire_upgraded":2,"win_rate":0,"timestamp":1563468752,"path_taken":["M","$","?","M","?","R","E","R","T","E","R","M","E","?","R","BOSS"],"build_version":"2019-07-17","purchased_purges":0,"victory":false,"max_hp_per_floor":[80,80,80,80,80,80,80,80,80,80,80,80,80,80,80,80],"card_choices":[{"not_picked":["Pommel Strike","Havoc"],"picked":"Infernal Blade","floor":1},{"not_picked":["Second Wind","Inflame"],"picked":"Disarm","floor":3},{"not_picked":["Iron Wave","Blood for Blood","Dropkick"],"picked":"SKIP","floor":4},{"not_picked":["Disarm","Flame Barrier"],"picked":"Infernal Blade","floor":7},{"not_picked":["Body Slam","Reckless Charge"],"picked":"Intimidate","floor":10},{"not_picked":["Flame Barrier","Pommel Strike"],"picked":"Disarm","floor":12},{"not_picked":["Heavy Blade","Intimidate"],"picked":"Clothesline","floor":13},{"not_picked":["Heavy Blade","Wild Strike"],"picked":"Flame Barrier","floor":14}],"player_experience":243434,"relics_obtained":[{"floor":7,"key":"Boot"},{"floor":9,"key":"Art of War"},{"floor":10,"key":"Magic Flower"},{"floor":13,"key":"Happy Flower"}],"event_choices":[{"cards_removed":["Strike_R"],"damage_healed":0,"gold_gain":0,"player_choice":"Offered Basic","damage_taken":0,"max_hp_gain":0,"max_hp_loss":0,"event_name":"Bonfire Elementals","floor":5,"gold_loss":0}],"is_beta":false,"boss_relics":[],"items_purged_floors":[],"is_endless":false,"potions_floor_spawned":[3,4,7,10,13],"killed_by":"The Guardian","ascension_level":7}