{"gold_per_floor":[111,124,144,144,163,163,190,190,216,227,227,261,261,272,272,344,344,363,413,115,140,154,154,179,179,202,202,222,147,147,159,159,236,236,246,94,94,94,107,107,107],"floor_reached":41,"playtime":1160,"items_purged":["Strike_R"],"score":838,"play_id":"f52d525d-ac95-4c5c-9537-2a069cd3258f","local_time":"20190414021756","is_ascension_mode":true,"campfire_choices":[{"data":"Body Slam","floor":6,"key":"SMITH"},{"data":"Immolate","floor":8,"key":"SMITH"},{"data":"True Grit","floor":13,"key":"SMITH"},{"data":"Inflame","floor":15,"key":"SMITH"},{"floor":23,"key":"REST"},{"data":"Dark Embrace","floor":25,"key":"SMITH"},{"data":"Evolve","floor":30,"key":"SMITH"},{"floor":32,"key":"REST"},{"data":"Apotheosis","floor":40,"key":"SMITH"}],"neow_cost":"NONE","seed_source_timestamp":180906279547600,"circlet_count":0,"master_deck":["AscendersBane","Strike_R","Strike_R","Defend_R","Defend_R","Defend_R","Defend_R","Bash","Power Through","Anger","Anger","Body Slam+1","Immolate+1","Inflame+1","True Grit+1","Evolve+1","Dark Embrace+1","Battle Trance+1","True Grit","Second Wind","Uppercut+1","Apotheosis+1","Bandage Up"],"relics":["Burning Blood","Regal Pillow","Boot","Bronze Scales","Sozu","Bag of Marbles","Red Mask","Juzu Bracelet","Happy Flower"],"potions_floor_usage":[7,12,16],"damage_taken":[{"damage":1,"enemies":"2 Louse","floor":1,"turns":4},{"damage":0,"enemies":"Jaw Worm","floor":2,"turns":4},{"damage":14,"enemies":"Small Slimes","floor":3,"turns":4},{"damage":1,"enemies":"Looter","floor":5,"turns":3},{"damage":56,"enemies":"Gremlin Nob","floor":7,"turns":5},{"damage":7,"enemies":"2 Fungi Beasts","floor":10,"turns":2},{"damage":5,"enemies":"3 Sentries","floor":12,"turns":3},{"damage":8,"enemies":"Large Slime","floor":14,"turns":3},{"damage":9,"enemies":"Slime Boss","floor":16,"turns":7},{"damage":25,"enemies":"2 Thieves","floor":18,"turns":3},{"damage":3,"enemies":"Masked Bandits","floor":21,"turns":2},{"damage":19,"enemies":"Spheric Guardian","floor":22,"turns":4},{"damage":41,"enemies":"Slavers","floor":24,"turns":6},{"damage":6,"enemies":"Centurion and Healer","floor":28,"turns":7},{"damage":32,"enemies":"Snecko","floor":31,"turns":5},{"damage":39,"enemies":"Champ","floor":33,"turns":12},{"damage":15,"enemies":"Orb Walker","floor":35,"turns":3},{"damage":1,"enemies":"3 Shapes","floor":39,"turns":6},{"damage":69,"enemies":"Reptomancer","floor":41,"turns":2}],"seed_played":"-1911751356756298869","potions_obtained":[{"floor":2,"key":"Regen Potion"},{"floor":3,"key":"Fire Potion"},{"floor":7,"key":"SteroidPotion"}],"is_trial":false,"path_per_floor":["M","M","M","?","M","R","E","R","T","M","?","E","R","M","R","B",null,"M","?","$","?","M","R","E","R","T","?","M","?","R","M","R","B",null,"M","$","?","?","M","R","E"],"character_chosen":"IRONCLAD","items_purchased":["True Grit","Bag of Marbles","Offering"],"campfire_rested":2,"item_purchase_floors":[20,20,36],"current_hp_per_floor":[73,75,67,67,72,72,22,22,22,21,26,36,36,34,34,31,68,49,49,49,52,39,78,43,43,43,43,43,43,43,17,56,23,66,57,57,57,47,58,58,0],"gold":107,"neow_bonus":"THREE_CARDS","is_prod":false,"is_daily":false,"chose_seed":false,"campfire_upgraded":7,"win_rate":0,"timestamp":1555175876,"path_taken":["M","M","M","?","M","R","E","R","T","M","?","E","R","M","R","BOSS","M","?","$","?","M","R","E","R","T","?","M","?","R","M","R","BOSS","M","$","?","?","M","R","E"],"build_version":"2019-01-23","purchased_purges":1,"victory":false,"max_hp_per_floor":[75,75,75,75,75,75,75,75,75,75,80,80,80,80,80,80,80,80,80,80,80,80,80,80,80,80,80,80,80,80,80,80,80,80,80,80,80,80,80,80,80],"card_choices":[{"not_picked":["True Grit","Anger"],"picked":"Power Through","floor":0},{"not_picked":["Clothesline","Clash"],"picked":"Anger","floor":1},{"not_picked":["Power Through","Sentinel"],"picked":"Anger","floor":2},{"not_picked":["Iron Wave","Thunderclap","Sword Boomerang"],"picked":"SKIP","floor":3},{"not_picked":["Limit Break","Cleave"],"picked":"Body Slam","floor":5},{"not_picked":["Burning Pact","Flex"],"picked":"Immolate","floor":7},{"not_picked":["Heavy Blade","Spot Weakness"],"picked":"Inflame","floor":10},{"not_picked":["Dropkick","Clothesline"],"picked":"True Grit","floor":12},{"not_picked":["Clash","Disarm"],"picked":"Evolve","floor":14},{"not_picked":["Juggernaut","Immolate"],"picked":"Dark Embrace","floor":16},{"not_picked":["Shrug It Off","Body Slam+1"],"picked":"Battle Trance+1","floor":18},{"not_picked":["Reckless Charge","Iron Wave","Clash"],"picked":"SKIP","floor":22},{"not_picked":["Whirlwind","Seeing Red","Cleave"],"picked":"SKIP","floor":24},{"not_picked":["Headbutt","Brutality"],"picked":"Second Wind","floor":28},{"not_picked":["Cleave","Clash+1","Disarm"],"picked":"SKIP","floor":31},{"not_picked":["Iron Wave","Clash+1"],"picked":"Uppercut+1","floor":35},{"not_picked":["Deep Breath","Discovery"],"picked":"Apotheosis","floor":38},{"not_picked":["Forethought","Thinking Ahead"],"picked":"Bandage Up","floor":38},{"not_picked":["Hemokinesis","Armaments","Clash"],"picked":"SKIP","floor":39}],"player_experience":4781528,"relics_obtained":[{"floor":7,"key":"Regal Pillow"},{"floor":9,"key":"Boot"},{"floor":12,"key":"Bronze Scales"},{"floor":21,"key":"Red Mask"},{"floor":24,"key":"Juzu Bracelet"},{"floor":26,"key":"Happy Flower"}],"event_choices":[{"cards_removed":["Strike_R"],"damage_healed":0,"gold_gain":0,"player_choice":"Forget","damage_taken":0,"max_hp_gain":0,"max_hp_loss":0,"event_name":"Living Wall","floor":4,"gold_loss":0},{"damage_healed":0,"gold_gain":0,"player_choice":"Donut","damage_taken":0,"max_hp_gain":5,"max_hp_loss":0,"event_name":"Big Fish","floor":11,"gold_loss":0},{"damage_healed":0,"gold_gain":50,"player_choice":"Stole From Cult","damage_taken":0,"max_hp_gain":0,"max_hp_loss":0,"event_name":"Nest","floor":19,"gold_loss":0},{"damage_healed":0,"gold_gain":0,"player_choice":"Fought Bandits","damage_taken":0,"max_hp_gain":0,"max_hp_loss":0,"event_name":"Masked Bandits","floor":21,"gold_loss":0},{"damage_healed":0,"gold_gain":0,"player_choice":"Ignored","damage_taken":0,"max_hp_gain":0,"max_hp_loss":0,"event_name":"Vampires","floor":27,"gold_loss":0},{"cards_removed":["Strike_R"],"damage_healed":0,"gold_gain":0,"player_choice":"Gave Gold","damage_taken":0,"max_hp_gain":0,"max_hp_loss":0,"event_name":"Beggar","floor":29,"gold_loss":75},{"cards_removed":["Offering"],"damage_healed":0,"gold_gain":0,"player_choice":"Removed Skill","damage_taken":0,"max_hp_gain":0,"max_hp_loss":0,"event_name":"Falling","floor":37,"gold_loss":0},{"damage_healed":0,"gold_gain":0,"player_choice":"Memory 3","damage_taken":10,"max_hp_gain":0,"max_hp_loss":0,"event_name":"SensoryStone","floor":38,"gold_loss":0}],"is_beta":false,"boss_relics":[{"not_picked":["Ectoplasm","Runic Dome"],"picked":"Sozu"},{"not_picked":["Busted Crown","Calling Bell","White Beast Statue"]}],"items_purged_floors":[20],"is_endless":false,"potions_floor_spawned":[2,3,7,18,24,31,35,39],"killed_by":"Reptomancer","ascension_level":20}