{"gold_per_floor":[365,375,39,56,75,105,119,119,172,172,197,197,207,225,225,320,320,332,332,27,45,56,82,82,82,82,82,97,132,92,112,112,208,208,225,325,345,356,369,369,402,412,412,412,412,83,83,97,97,97],"floor_reached":50,"playtime":1802,"items_purged":["Defend_R"],"score":708,"play_id":"92b5d7d7-7f61-431c-9fca-178113a109b1","local_time":"20190706140156","is_ascension_mode":true,"campfire_choices":[{"floor":8.0,"key":"REST"},{"data":"Bash","floor":10.0,"key":"SMITH"},{"data":"Shrug It Off","floor":12.0,"key":"SMITH"},{"data":"Whirlwind","floor":15.0,"key":"SMITH"},{"data":"Pommel Strike","floor":25,"key":"SMITH"},{"data":"Feed","floor":27,"key":"SMITH"},{"floor":32,"key":"REST"},{"floor":40,"key":"REST"},{"floor":44,"key":"REST"},{"floor":47,"key":"REST"},{"data":"Battle Trance","floor":49,"key":"SMITH"}],"neow_cost":"TEN_PERCENT_HP_LOSS","seed_source_timestamp":1298676012060678,"circlet_count":0,"master_deck":["Strike_R","Strike_R","Strike_R","Strike_R","Strike_R","Defend_R","Defend_R","Defend_R","Bash+1","Battle Trance+1","Twin Strike","Pommel Strike+1","Shrug It Off+1","Warcry+1","Flex+1","Twin Strike","Twin Strike","Whirlwind+1","Feed+1","Dual Wield+1","J.A.X.+1","Flex+1","Warcry+1","Rage+1","Perfected Strike+1","Dual Wield+1","Thunderclap+1","Double Tap+1","Whirlwind+1","Wild Strike+1","Armaments+1","Wild Strike+1"],"special_seed":0,"relics":["Burning Blood","Thread and Needle","Toxic Egg 2","Red Skull","Gremlin Horn","Sozu","Molten Egg 2","Strawberry","Pantograph","Vajra","Busted Crown","Pocketwatch","Bag of Marbles","Ancient Tea Set","Orichalcum"],"potions_floor_usage":[],"damage_taken":[{"damage":15.0,"enemies":"Cultist","floor":1.0,"turns":5.0},{"damage":3.0,"enemies":"Jaw Worm","floor":2.0,"turns":5.0},{"damage":3.0,"enemies":"Small Slimes","floor":4.0,"turns":3.0},{"damage":16.0,"enemies":"Exordium Thugs","floor":5.0,"turns":4.0},{"damage":34.0,"enemies":"Lagavulin","floor":6.0,"turns":9.0},{"damage":0.0,"enemies":"Exordium Wildlife","floor":7.0,"turns":3.0},{"damage":8.0,"enemies":"Gremlin Nob","floor":11.0,"turns":3.0},{"damage":0.0,"enemies":"Blue Slaver","floor":13.0,"turns":3.0},{"damage":0.0,"enemies":"3 Louse","floor":14.0,"turns":2.0},{"damage":37.0,"enemies":"Hexaghost","floor":16.0,"turns":6.0},{"damage":0.0,"enemies":"3 Byrds","floor":18.0,"turns":3.0},{"damage":3,"enemies":"Spheric Guardian","floor":21,"turns":3},{"damage":8,"enemies":"Centurion and Healer","floor":22,"turns":4},{"damage":13,"enemies":"Gremlin Leader","floor":23,"turns":4},{"damage":7,"enemies":"Snake Plant","floor":28,"turns":2},{"damage":26,"enemies":"Slavers","floor":29,"turns":4},{"damage":14,"enemies":"Shelled Parasite and Fungi","floor":31,"turns":4},{"damage":73,"enemies":"Automaton","floor":33,"turns":8},{"damage":7,"enemies":"Orb Walker","floor":35,"turns":2},{"damage":3,"enemies":"Mind Bloom Boss Battle","floor":36,"turns":4},{"damage":3,"enemies":"3 Shapes","floor":37,"turns":2},{"damage":11,"enemies":"Spire Growth","floor":38,"turns":3},{"damage":40,"enemies":"Writhing Mass","floor":39,"turns":3},{"damage":61,"enemies":"Nemesis","floor":41,"turns":5},{"damage":22,"enemies":"4 Shapes","floor":42,"turns":2},{"damage":3,"enemies":"Sphere and 2 Shapes","floor":48,"turns":2},{"damage":108,"enemies":"Time Eater","floor":50,"turns":7}],"seed_played":"6693553338576305895","potions_obtained":[{"floor":1.0,"key":"Strength Potion"},{"floor":5.0,"key":"Energy Potion"},{"floor":6.0,"key":"LiquidBronze"},{"floor":14.0,"key":"PowerPotion"}],"is_trial":false,"path_per_floor":["M","M","$","M","M","E","M","R","T","R","E","R","M","M","R","B",null,"M","?","$","M","M","E","?","R","T","R","M","E","?","M","R","B",null,"M","?","M","M","M","R","E","M","T","R","?","$","R","M","R","B"],"character_chosen":"IRONCLAD","items_purchased":["Thread and Needle","Twin Strike","Molten Egg 2","Flex+1","Orichalcum","Wild Strike+1","Armaments+1"],"campfire_rested":5,"item_purchase_floors":[3,3,20,20,46,46,46],"current_hp_per_floor":[63,66,66,69,59,31,37,58,58,58,56,56,62,68,68,37,63,72,72,72,75,76,79,79,79,79,79,78,62,62,58,86,29,79,78,100,100,95,65,96,45,29,29,61,61,61,93,96,96,0],"gold":97,"neow_bonus":"TWO_FIFTY_GOLD","is_prod":false,"is_daily":false,"chose_seed":false,"campfire_upgraded":6,"win_rate":0,"timestamp":1562418116,"path_taken":["M","M","$","M","?","E","M","R","T","R","E","R","M","M","R","BOSS","M","?","$","M","M","E","?","R","T","R","M","E","?","M","R","BOSS","M","?","M","M","M","R","E","M","T","R","?","$","R","M","R","BOSS"],"build_version":"2019-07-05","purchased_purges":1,"victory":false,"max_hp_per_floor":[72,72,72,72,72,72,72,72,72,72,72,72,72,72,72,72,72,75,75,75,75,78,88,88,88,88,88,88,92,92,96,96,96,96,96,100,100,100,104,104,108,108,108,108,108,108,108,108,108,108],"card_choices":[{"not_picked":["Second Wind","Infernal Blade"],"picked":"Battle Trance","floor":1.0},{"not_picked":["Sentinel","Infernal Blade","Metallicize"],"picked":"SKIP","floor":2.0},{"not_picked":["Rage","Anger"],"picked":"Pommel Strike","floor":4.0},{"not_picked":["Anger","Thunderclap"],"picked":"Shrug It Off","floor":5.0},{"not_picked":["Metallicize","Intimidate"],"picked":"Warcry","floor":6.0},{"not_picked":["Reckless Charge","Disarm+1"],"picked":"Flex+1","floor":7.0},{"not_picked":["Evolve","Wild Strike"],"picked":"Twin Strike","floor":11.0},{"not_picked":["Warcry+1","Body Slam"],"picked":"Twin Strike","floor":13.0},{"not_picked":["Seeing Red+1","Double Tap+1"],"picked":"Whirlwind","floor":14.0},{"not_picked":["Bludgeon","Impervious+1"],"picked":"Feed","floor":16.0},{"not_picked":["True Grit+1","Pommel Strike+1"],"picked":"Dual Wield+1","floor":18},{"not_picked":["Thunderclap+1","Sword Boomerang+1"],"picked":"Warcry+1","floor":21},{"not_picked":["Headbutt+1","Ghostly Armor+1"],"picked":"Rage+1","floor":22},{"not_picked":["Berserk","Exhume+1"],"picked":"Perfected Strike+1","floor":23},{"not_picked":["Searing Blow+1","Anger+1"],"picked":"Dual Wield+1","floor":28},{"not_picked":["Warcry+1","Burning Pact+1"],"picked":"Thunderclap+1","floor":29},{"not_picked":["True Grit+1","Havoc+1","Entrench+1"],"picked":"SKIP","floor":31},{"not_picked":["Dark Embrace","Feed+1"],"picked":"Double Tap+1","floor":33},{"not_picked":["Hemokinesis+1"],"picked":"SKIP","floor":35},{"not_picked":[],"picked":"Whirlwind+1","floor":37},{"not_picked":["Thunderclap+1"],"picked":"SKIP","floor":38},{"not_picked":["Combust+1"],"picked":"SKIP","floor":39},{"not_picked":["Rampage+1"],"picked":"SKIP","floor":41},{"not_picked":["Warcry+1"],"picked":"SKIP","floor":42},{"not_picked":[],"picked":"Wild Strike+1","floor":48}],"player_experience":178605,"relics_obtained":[{"floor":6.0,"key":"Toxic Egg 2"},{"floor":9.0,"key":"Red Skull"},{"floor":11.0,"key":"Gremlin Horn"},{"floor":23,"key":"Strawberry"},{"floor":26,"key":"Pantograph"},{"floor":29,"key":"Vajra"},{"floor":36,"key":"Pocketwatch"},{"floor":41,"key":"Bag of Marbles"},{"floor":43,"key":"Ancient Tea Set"}],"event_choices":[{"damage_healed":0,"gold_gain":0,"player_choice":"Obtain J.A.X.","damage_taken":0,"max_hp_gain":0,"max_hp_loss":0,"event_name":"Drug Dealer","floor":19,"gold_loss":0,"cards_obtained":["J.A.X."]},{"damage_healed":0,"gold_gain":0,"player_choice":"Ignored","damage_taken":0,"max_hp_gain":0,"max_hp_loss":0,"event_name":"Ghosts","floor":24,"gold_loss":0},{"damage_healed":0,"gold_gain":0,"player_choice":"Bought 3 Potions","damage_taken":0,"max_hp_gain":0,"max_hp_loss":0,"event_name":"The Woman in Blue","floor":30,"gold_loss":0},{"damage_healed":0,"gold_gain":0,"player_choice":"Fight","damage_taken":0,"max_hp_gain":0,"max_hp_loss":0,"event_name":"MindBloom","floor":36,"gold_loss":0},{"damage_healed":0,"gold_gain":0,"player_choice":"Ignored","damage_taken":0,"max_hp_gain":0,"max_hp_loss":0,"event_name":"Tomb of Lord Red Mask","floor":45,"gold_loss":0}],"is_beta":false,"boss_relics":[{"not_picked":["Velvet Choker","Calling Bell"],"picked":"Sozu"},{"not_picked":["Runic Dome","Coffee Dripper"],"picked":"Busted Crown"}],"items_purged_floors":[46],"is_endless":false,"potions_floor_spawned":[1,5,6,14,18,29,31,35,36,37,48],"killed_by":"Time Eater","ascension_level":5}