{"gold_per_floor":[115,115,115,125,135,135,210,210,210,238,238,265,283,294,294,389,439,459,477,489,125,143,143,68,68,68,87,87],"floor_reached":28,"playtime":1440,"items_purged":["Strike_B"],"score":255,"play_id":"7c736a5e-e872-4908-bdb7-07bbbf946e66","local_time":"20190716193333","is_ascension_mode":false,"campfire_choices":[{"data":"Conserve Battery","floor":8,"key":"SMITH"},{"floor":11,"key":"REST"},{"floor":15,"key":"REST"},{"floor":23,"key":"REST"}],"neow_cost":"NONE","seed_source_timestamp":523077188856900,"circlet_count":0,"master_deck":["Strike_B+1","Strike_B","Defend_B","Defend_B","Zap","Dualcast","Seek","Conserve Battery+1","Melter","Blizzard+1","Machine Learning","Hologram","Hello World","Scrape","Regret","Ball Lightning","FTL","Multi-Cast","Stack","All For One+1","Hello World","Gash","Redo","FTL","Jack Of All Trades","Lockon","Creative AI"],"relics":["Cracked Core","Vajra","Unceasing Top","Regal Pillow","Pear","Tiny House","TheAbacus","Whetstone"],"potions_floor_usage":[16,16,22,27,27,27],"damage_taken":[{"damage":5,"enemies":"2 Louse","floor":1,"turns":3},{"damage":2,"enemies":"Jaw Worm","floor":4,"turns":4},{"damage":0,"enemies":"Cultist","floor":5,"turns":3},{"damage":35,"enemies":"Gremlin Nob","floor":10,"turns":5},{"damage":29,"enemies":"3 Sentries","floor":12,"turns":5},{"damage":15,"enemies":"Large Slime","floor":13,"turns":5},{"damage":6,"enemies":"Looter","floor":14,"turns":3},{"damage":49,"enemies":"Slime Boss","floor":16,"turns":10},{"damage":20,"enemies":"Chosen","floor":18,"turns":6},{"damage":0,"enemies":"Spheric Guardian","floor":19,"turns":1},{"damage":14,"enemies":"Cultist and Chosen","floor":20,"turns":6},{"damage":45,"enemies":"Snake Plant","floor":22,"turns":4},{"damage":16,"enemies":"3 Cultists","floor":27,"turns":5},{"damage":49,"enemies":"Slavers","floor":28,"turns":3}],"seed_played":"-5803768252628576240","potions_obtained":[{"floor":1,"key":"FocusPotion"},{"floor":5,"key":"Explosive Potion"},{"floor":12,"key":"SteroidPotion"},{"floor":16,"key":"Strength Potion"},{"floor":17,"key":"Regen Potion"},{"floor":22,"key":"Block Potion"}],"is_trial":false,"path_per_floor":["M","?","?","M","M","?","?","R","T","E","R","E","M","M","R","B",null,"M","M","M","$","M","R","?","?","T","M","E"],"character_chosen":"DEFECT","items_purchased":["TheAbacus","Jack Of All Trades"],"campfire_rested":3,"item_purchase_floors":[21,21],"current_hp_per_floor":[70,70,70,68,68,68,57,57,57,22,59,40,25,19,59,10,90,70,70,56,56,20,62,62,62,62,46,0],"gold":87,"neow_bonus":"ONE_RANDOM_RARE_CARD","is_prod":false,"is_daily":false,"chose_seed":false,"campfire_upgraded":1,"win_rate":0.0,"timestamp":1563323613,"path_taken":["M","?","?","M","?","?","?","R","T","E","R","E","M","M","R","BOSS","M","M","M","$","M","R","?","?","T","M","E"],"build_version":"2019-07-05","purchased_purges":1,"victory":false,"max_hp_per_floor":[75,75,75,75,75,75,75,75,75,75,75,85,85,85,85,85,90,90,90,90,90,90,90,90,90,90,90,90],"card_choices":[{"not_picked":["Rip and Tear","Cold Snap"],"picked":"Conserve Battery","floor":1},{"not_picked":["Sweeping Beam","Stack"],"picked":"Hello World","floor":4},{"not_picked":["Coolheaded","Streamline"],"picked":"Scrape","floor":5},{"not_picked":["Redo","Leap"],"picked":"Ball Lightning","floor":10},{"not_picked":["Lockon","Leap"],"picked":"FTL","floor":12},{"not_picked":["Leap","Cold Snap"],"picked":"Multi-Cast","floor":13},{"not_picked":["Beam Cell","Redo"],"picked":"Stack","floor":14},{"not_picked":["Core Surge","Reboot"],"picked":"All For One","floor":16},{"not_picked":["Cold Snap","Redo"],"picked":"Hello World","floor":17},{"not_picked":["Undo","Streamline+1"],"picked":"Gash","floor":18},{"not_picked":["Compile Driver","Leap"],"picked":"Redo","floor":19},{"not_picked":["Aggregate","Redo+1"],"picked":"FTL","floor":20},{"not_picked":["Force Field","Compile Driver"],"picked":"Lockon","floor":22},{"not_picked":["Redo","Cold Snap"],"picked":"Creative AI","floor":27}],"player_experience":65427,"relics_obtained":[{"floor":9,"key":"Unceasing Top"},{"floor":10,"key":"Regal Pillow"},{"floor":12,"key":"Pear"},{"floor":26,"key":"Whetstone"}],"event_choices":[{"damage_healed":0,"gold_gain":0,"cards_transformed":["Defend_B"],"player_choice":"Change","damage_taken":0,"max_hp_gain":0,"max_hp_loss":0,"event_name":"Living Wall","floor":2,"gold_loss":0,"cards_obtained":["Melter"]},{"damage_healed":0,"gold_gain":0,"player_choice":"3 cards matched","damage_taken":0,"max_hp_gain":0,"max_hp_loss":0,"event_name":"Match and Keep!","floor":3,"gold_loss":0,"cards_obtained":["Blizzard","Machine Learning","Hologram"]},{"damage_healed":0,"gold_gain":0,"player_choice":"Box","damage_taken":0,"relics_obtained":["Vajra"],"max_hp_gain":0,"max_hp_loss":0,"event_name":"Big Fish","floor":6,"gold_loss":0,"cards_obtained":["Regret"]},{"damage_healed":0,"gold_gain":75,"player_choice":"Gather Gold","damage_taken":11,"max_hp_gain":0,"max_hp_loss":0,"event_name":"World of Goop","floor":7,"gold_loss":0},{"cards_removed":["Defend_B"],"damage_healed":0,"gold_gain":0,"player_choice":"Gave Gold","damage_taken":0,"max_hp_gain":0,"max_hp_loss":0,"event_name":"Beggar","floor":24,"gold_loss":75},{"cards_removed":["Strike_B"],"damage_healed":0,"gold_gain":0,"player_choice":"Elegance","damage_taken":0,"max_hp_gain":0,"max_hp_loss":0,"event_name":"Back to Basics","floor":25,"gold_loss":0}],"is_beta":false,"boss_relics":[{"not_picked":["Eternal Feather","Snecko Eye"],"picked":"Tiny House"}],"items_purged_floors":[21],"is_endless":false,"potions_floor_spawned":[1,5,12,16,22],"killed_by":"Slavers","ascension_level":0}