{"gold_per_floor":[118,43,62,114,129,160,160,217,264,264],"floor_reached":10,"playtime":323,"items_purged":[],"score":152,"play_id":"f57bcf77-804f-4041-9d52-a89f09de9cd5","local_time":"20190603014741","is_ascension_mode":true,"campfire_choices":[{"data":"Storm of Steel","floor":7,"key":"SMITH"}],"neow_cost":"NONE","seed_source_timestamp":620003734947100,"circlet_count":0,"master_deck":["AscendersBane","Defend_G","Defend_G","Defend_G","Defend_G","Strike_G","Strike_G","Strike_G","Strike_G","Survivor","Neutralize","Storm of Steel+1","All Out Attack","Well Laid Plans","Acrobatics","Cloak And Dagger","A Thousand Cuts"],"relics":["Ring of the Snake","Happy Flower","Oddly Smooth Stone","Tiny Chest","Smiling Mask"],"potions_floor_usage":[6],"damage_taken":[{"damage":4,"enemies":"Cultist","floor":1,"turns":4},{"damage":1,"enemies":"Jaw Worm","floor":3,"turns":3},{"damage":1,"enemies":"2 Louse","floor":5,"turns":2},{"damage":14,"enemies":"3 Sentries","floor":6,"turns":8},{"damage":42,"enemies":"Lagavulin","floor":8,"turns":7},{"damage":47,"enemies":"Gremlin Nob","floor":10,"turns":3}],"seed_played":"7395643962922902047","potions_obtained":[{"floor":1,"key":"Energy Potion"},{"floor":3,"key":"Regen Potion"}],"is_trial":false,"path_per_floor":["M","?","M","T","M","E","R","E","T","E"],"character_chosen":"THE_SILENT","items_purchased":[],"campfire_rested":0,"item_purchase_floors":[],"current_hp_per_floor":[55,55,54,54,53,54,54,12,12,0],"gold":264,"neow_bonus":"TRANSFORM_CARD","is_prod":false,"is_daily":false,"chose_seed":false,"campfire_upgraded":1,"win_rate":0,"timestamp":1559494061,"path_taken":["M","?","M","?","M","E","R","E","T","E"],"build_version":"2019-01-23","purchased_purges":0,"victory":false,"max_hp_per_floor":[66,66,66,66,66,66,66,66,66,66],"card_choices":[{"not_picked":["Outmaneuver","Quick Slash"],"picked":"All Out Attack","floor":1},{"not_picked":["Underhanded Strike","Endless Agony"],"picked":"Well Laid Plans","floor":3},{"not_picked":["Underhanded Strike","Dodge and Roll"],"picked":"Acrobatics","floor":5},{"not_picked":["Deflect","Dagger Throw"],"picked":"Cloak And Dagger","floor":6},{"not_picked":["Footwork","Bane"],"picked":"A Thousand Cuts","floor":8}],"player_experience":5250710,"relics_obtained":[{"floor":4,"key":"Happy Flower"},{"floor":6,"key":"Oddly Smooth Stone"},{"floor":8,"key":"Tiny Chest"},{"floor":9,"key":"Smiling Mask"}],"event_choices":[{"cards_removed":["Defend_G"],"damage_healed":0,"gold_gain":0,"player_choice":"Card Removal","damage_taken":0,"max_hp_gain":0,"max_hp_loss":0,"event_name":"The Cleric","floor":2,"gold_loss":75}],"is_beta":false,"boss_relics":[],"items_purged_floors":[],"is_endless":false,"potions_floor_spawned":[1,3],"killed_by":"Gremlin Nob","ascension_level":20}