{"gold_per_floor":[117,129,54,71,91,126,126,160,160,173,191,191,219,231,231,305,305,325,6,6,6,6,33,33,58,82,112,122,122,142,159,159,159],"floor_reached":33,"playtime":926,"items_purged":[],"score":654,"play_id":"5fe1d381-1f8a-4d86-9d99-2507b499c3f8","local_time":"20190606005720","is_ascension_mode":true,"campfire_choices":[{"floor":7,"key":"REST"},{"floor":12,"key":"REST"},{"data":"Noxious Fumes","floor":15,"key":"SMITH"},{"floor":24,"key":"RECALL"},{"floor":29,"key":"REST"},{"floor":32,"key":"REST"}],"neow_cost":"NONE","seed_source_timestamp":875583894274400,"circlet_count":0,"master_deck":["AscendersBane","Defend_G","Defend_G","Defend_G","Defend_G","Strike_G","Strike_G","Survivor","Neutralize","All Out Attack","Poisoned Stab","Malaise","Poisoned Stab","Backflip","Escape Plan","Poisoned Stab+1","Flying Knee+1","Noxious Fumes+1","Dagger Spray+1","Die Die Die+1","Footwork","Crippling Poison","Glass Knife+1","Predator+1","Malaise","Well Laid Plans"],"relics":["Ring of the Snake","Ninja Scroll","Letter Opener","Molten Egg 2","Pantograph","Fusion Hammer","Singing Bowl","Ancient Tea Set","FossilizedHelix","PreservedInsect","Paper Crane"],"potions_floor_usage":[6,10,10,13,16,25,27,33,33],"damage_taken":[{"damage":4,"enemies":"Jaw Worm","floor":1,"turns":6},{"damage":5,"enemies":"Small Slimes","floor":2,"turns":5},{"damage":0,"enemies":"2 Louse","floor":4,"turns":3},{"damage":5,"enemies":"Looter","floor":5,"turns":5},{"damage":16,"enemies":"3 Sentries","floor":6,"turns":7},{"damage":19,"enemies":"Gremlin Nob","floor":8,"turns":4},{"damage":10,"enemies":"Exordium Thugs","floor":10,"turns":4},{"damage":0,"enemies":"3 Louse","floor":11,"turns":2},{"damage":10,"enemies":"3 Sentries","floor":13,"turns":4},{"damage":0,"enemies":"Large Slime","floor":14,"turns":3},{"damage":5,"enemies":"Hexaghost","floor":16,"turns":9},{"damage":1,"enemies":"Spheric Guardian","floor":18,"turns":3},{"damage":7,"enemies":"Gremlin Leader","floor":23,"turns":4},{"damage":9,"enemies":"Slavers","floor":25,"turns":2},{"damage":6,"enemies":"Book of Stabbing","floor":27,"turns":3},{"damage":0,"enemies":"Chosen","floor":28,"turns":2},{"damage":0,"enemies":"Shelled Parasite and Fungi","floor":30,"turns":7},{"damage":0,"enemies":"3 Cultists","floor":31,"turns":3},{"damage":97,"enemies":"Champ","floor":33,"turns":13}],"seed_played":"-5395766523742043048","potions_obtained":[{"floor":1,"key":"Fire Potion"},{"floor":8,"key":"EntropicBrew"},{"floor":11,"key":"Explosive Potion"},{"floor":13,"key":"Fire Potion"},{"floor":16,"key":"SpeedPotion"},{"floor":18,"key":"Strength Potion"},{"floor":27,"key":"Block Potion"},{"floor":30,"key":"Regen Potion"}],"is_trial":false,"path_per_floor":["M","M","?","M","M","E","R","E","T","M","M","R","E","M","R","B",null,"M","$","?","?","$","E","R","E","T","E","M","R","M","M","R","B"],"character_chosen":"THE_SILENT","items_purchased":["Singing Bowl","Crippling Poison"],"campfire_rested":4,"item_purchase_floors":[19,19],"current_hp_per_floor":[55,50,50,50,45,29,48,29,29,19,19,38,28,28,28,48,62,61,61,61,61,61,56,56,47,47,43,45,66,66,68,74,0],"gold":159,"neow_bonus":"REMOVE_CARD","is_prod":false,"is_daily":false,"chose_seed":false,"campfire_upgraded":1,"win_rate":0,"timestamp":1559750240,"path_taken":["M","M","?","M","M","E","R","E","T","M","M","R","E","M","R","BOSS","M","$","?","?","$","E","R","E","T","E","M","R","M","M","R","BOSS"],"build_version":"2019-01-23","purchased_purges":0,"victory":false,"max_hp_per_floor":[66,66,66,66,66,66,66,66,66,66,66,66,66,66,66,66,66,66,66,66,66,66,68,68,68,68,70,72,72,72,74,74,74],"card_choices":[{"not_picked":["Escape Plan","PiercingWail"],"picked":"All Out Attack","floor":1},{"not_picked":["Dodge and Roll","Bane"],"picked":"Poisoned Stab","floor":2},{"not_picked":["Dodge and Roll","Acrobatics"],"picked":"Malaise","floor":4},{"not_picked":["Underhanded Strike","All Out Attack"],"picked":"Poisoned Stab","floor":5},{"not_picked":["Dagger Spray","Reflex"],"picked":"Backflip","floor":6},{"not_picked":["Cloak And Dagger","Phantasmal Killer"],"picked":"Escape Plan","floor":8},{"not_picked":["Finisher+1","Quick Slash+1"],"picked":"Poisoned Stab+1","floor":10},{"not_picked":["Flying Knee+1","Eviscerate+1","Infinite Blades"],"picked":"SKIP","floor":11},{"not_picked":["Eviscerate+1","Infinite Blades"],"picked":"Flying Knee+1","floor":11},{"not_picked":["Prepared","Bouncing Flask"],"picked":"Noxious Fumes","floor":13},{"not_picked":["Quick Slash+1","Blur"],"picked":"Dagger Spray+1","floor":14},{"not_picked":["Doppelganger","Adrenaline"],"picked":"Die Die Die+1","floor":16},{"not_picked":["PiercingWail","Dodge and Roll"],"picked":"Footwork","floor":18},{"not_picked":["Underhanded Strike+1","Riddle With Holes+1","Cloak And Dagger"],"picked":"Singing Bowl","floor":23},{"not_picked":["Setup","Heel Hook+1"],"picked":"Malaise","floor":25},{"not_picked":["Dagger Spray+1","Skewer+1","Underhanded Strike+1"],"picked":"Singing Bowl","floor":27},{"not_picked":["Distraction","Caltrops","Predator+1"],"picked":"Singing Bowl","floor":28},{"not_picked":["Flying Knee+1","Deadly Poison"],"picked":"Well Laid Plans","floor":30},{"not_picked":["Caltrops","Dagger Throw+1","Bane+1"],"picked":"Singing Bowl","floor":31}],"player_experience":5282609,"relics_obtained":[{"floor":6,"key":"Ninja Scroll"},{"floor":8,"key":"Letter Opener"},{"floor":9,"key":"Molten Egg 2"},{"floor":13,"key":"Pantograph"},{"floor":23,"key":"Ancient Tea Set"},{"floor":25,"key":"FossilizedHelix"},{"floor":26,"key":"PreservedInsect"},{"floor":27,"key":"Paper Crane"}],"event_choices":[{"cards_removed":["Defend_G"],"damage_healed":0,"gold_gain":0,"player_choice":"Card Removal","damage_taken":0,"max_hp_gain":0,"max_hp_loss":0,"event_name":"The Cleric","floor":3,"gold_loss":75},{"damage_healed":0,"gold_gain":0,"cards_transformed":["Strike_G","Strike_G"],"player_choice":"Became Test Subject","damage_taken":0,"max_hp_gain":0,"max_hp_loss":0,"event_name":"Drug Dealer","floor":20,"gold_loss":0,"cards_obtained":["Glass Knife","Predator"]},{"damage_healed":0,"gold_gain":0,"player_choice":"Ignored","damage_taken":0,"max_hp_gain":0,"max_hp_loss":0,"event_name":"Ghosts","floor":21,"gold_loss":0}],"is_beta":false,"boss_relics":[{"not_picked":["Empty Cage","Lizard Tail"],"picked":"Fusion Hammer"}],"items_purged_floors":[],"is_endless":false,"potions_floor_spawned":[1,8,11,13,14,16,18,27,30],"killed_by":"Champ","ascension_level":20}