{"gold_per_floor":[109,120,132,207,221,221,254,271,343,343,343,343,358,369,369,443,443,458,458,215,235,55,55,68,68,68,68,97,116,136,136,136,136],"floor_reached":33,"playtime":1060,"items_purged":["Decay","Defend_B"],"score":563,"play_id":"02f8c4f9-71dd-47cc-9612-31ad4aeeb20c","local_time":"20190619002311","is_ascension_mode":true,"campfire_choices":[{"data":"Beam Cell","floor":6.0,"key":"SMITH"},{"data":"Defragment","floor":15.0,"key":"SMITH"},{"data":"Creative AI","floor":23.0,"key":"SMITH"},{"data":"Barrage","floor":25.0,"key":"SMITH"},{"floor":27.0,"key":"REST"},{"data":"Strike_B+1","floor":32.0,"key":"PURGE"}],"neow_cost":"","seed_source_timestamp":0,"circlet_count":0,"master_deck":["The Bomb","Dualcast","Zap","Defend_B+1","Defend_B+1","Defend_B+1","Strike_B+1","Strike_B+1","Strike_B+1","Beam Cell+1","Sweeping Beam","Conserve Battery+1","Glacier","Creative AI+1","Compile Driver","Defragment+1","Chill","Electrodynamics","Barrage+1","Conserve Battery+1","Blizzard","Ball Lightning+1","Coolheaded","Consume+1","Hologram"],"special_seed":0,"relics":["Cracked Core","Mango","Sundial","Inserter","Blood Vial","Peace Pipe"],"potions_floor_usage":[],"damage_taken":[{"damage":4.0,"enemies":"Small Slimes","floor":1.0,"turns":4.0},{"damage":1.0,"enemies":"2 Louse","floor":2.0,"turns":3.0},{"damage":0.0,"enemies":"Cultist","floor":3.0,"turns":3.0},{"damage":6.0,"enemies":"Looter","floor":5.0,"turns":3.0},{"damage":17.0,"enemies":"3 Sentries","floor":7.0,"turns":5.0},{"damage":4.0,"enemies":"Exordium Wildlife","floor":8.0,"turns":7.0},{"damage":0.0,"enemies":"3 Louse","floor":13.0,"turns":2.0},{"damage":5.0,"enemies":"Gremlin Gang","floor":14.0,"turns":4.0},{"damage":6.0,"enemies":"Hexaghost","floor":16.0,"turns":9.0},{"damage":18.0,"enemies":"Shell Parasite","floor":18.0,"turns":5.0},{"damage":7.0,"enemies":"2 Thieves","floor":21.0,"turns":4.0},{"damage":13.0,"enemies":"Cultist and Chosen","floor":24.0,"turns":5.0},{"damage":42.0,"enemies":"Gremlin Leader","floor":28.0,"turns":7.0},{"damage":8.0,"enemies":"Centurion and Healer","floor":29.0,"turns":8.0},{"damage":9.0,"enemies":"Chosen and Byrds","floor":30.0,"turns":7.0},{"damage":20,"enemies":"Champ","floor":33,"turns":3}],"seed_played":"5613227043305911400","potions_obtained":[{"floor":2.0,"key":"PowerPotion"},{"floor":7.0,"key":"Fruit Juice"},{"floor":13.0,"key":"Energy Potion"},{"floor":16.0,"key":"SkillPotion"},{"floor":21.0,"key":"Block Potion"},{"floor":30.0,"key":"LiquidBronze"}],"is_trial":true,"path_per_floor":["M","M","M","?","M","R","E","M","T","?","?","?","M","M","R","B",null,"M","?","$","M","$","R","M","R","T","R","E","M","M","?","R","B"],"character_chosen":"DEFECT","items_purchased":["Blood Vial","Blizzard"],"campfire_rested":1,"item_purchase_floors":[20,22],"current_hp_per_floor":[60,59,59,48,42,42,44,40,40,45,16,16,16,11,11,5,73,55,55,55,50,50,50,39,39,39,67,27,21,14,14,14,0],"gold":136,"neow_bonus":"","is_prod":false,"is_daily":false,"chose_seed":false,"campfire_upgraded":4,"win_rate":0,"timestamp":1560871391,"path_taken":["M","M","M","?","M","R","E","M","T","?","?","?","M","M","R","BOSS","M","?","$","?","$","R","M","R","T","R","E","M","M","?","R","BOSS"],"build_version":"2019-01-23","purchased_purges":2,"victory":false,"max_hp_per_floor":[71,71,71,71,71,71,90,90,90,95,95,95,95,95,95,95,95,95,95,95,95,95,95,95,95,95,95,95,95,95,95,95,95],"card_choices":[{"not_picked":["Leap","Blizzard"],"picked":"Beam Cell","floor":1.0},{"not_picked":["Conserve Battery","Steam"],"picked":"Sweeping Beam","floor":2.0},{"not_picked":["Hologram","Force Field"],"picked":"Conserve Battery","floor":3.0},{"not_picked":["Rebound","Go for the Eyes"],"picked":"Glacier","floor":5.0},{"not_picked":["Sweeping Beam","Steam"],"picked":"Creative AI","floor":7.0},{"not_picked":["Conserve Battery","Turbo"],"picked":"Compile Driver","floor":8.0},{"not_picked":["Steam","Beam Cell"],"picked":"Defragment","floor":13.0},{"not_picked":["Conserve Battery","Streamline"],"picked":"Chill","floor":14.0},{"not_picked":["Thunder Strike","Reboot"],"picked":"Electrodynamics","floor":16.0},{"not_picked":["Hello World","Recycle"],"picked":"Barrage","floor":18.0},{"not_picked":["Fusion","Steam+1"],"picked":"Conserve Battery+1","floor":21.0},{"not_picked":["Scrape+1","Steam"],"picked":"Ball Lightning+1","floor":24.0},{"not_picked":["Tempest","Go for the Eyes"],"picked":"Coolheaded","floor":28.0},{"not_picked":["Streamline","Leap"],"picked":"Consume+1","floor":29.0},{"not_picked":["Fusion","Compile Driver"],"picked":"Hologram","floor":30.0}],"player_experience":5405419,"relics_obtained":[{"floor":7.0,"key":"Mango"},{"floor":9.0,"key":"Sundial"},{"floor":28.0,"key":"Peace Pipe"}],"event_choices":[{"damage_healed":0.0,"max_hp_gain":0.0,"max_hp_loss":0.0,"gold_gain":75.0,"event_name":"World of Goop","player_choice":"Gather Gold","floor":4.0,"gold_loss":0.0,"damage_taken":11.0},{"damage_healed":0.0,"max_hp_gain":5.0,"max_hp_loss":0.0,"gold_gain":0.0,"event_name":"Big Fish","player_choice":"Donut","floor":10.0,"gold_loss":0.0,"damage_taken":0.0},{"damage_healed":0.0,"max_hp_gain":0.0,"max_hp_loss":0.0,"gold_gain":0.0,"event_name":"Shining Light","player_choice":"Entered Light","floor":11.0,"gold_loss":0.0,"damage_taken":29.0,"cards_upgraded":["Strike_B","Strike_B"]},{"damage_healed":0.0,"max_hp_gain":0.0,"max_hp_loss":0.0,"gold_gain":0.0,"event_name":"Living Wall","player_choice":"Grow","floor":12.0,"gold_loss":0.0,"damage_taken":0.0,"cards_upgraded":["Conserve Battery"]},{"damage_healed":0.0,"max_hp_gain":0.0,"max_hp_loss":0.0,"gold_gain":0.0,"event_name":"Wheel of Change","player_choice":"Cursed","floor":19.0,"gold_loss":0.0,"damage_taken":0.0,"cards_obtained":["Decay"]},{"damage_healed":0.0,"max_hp_gain":0.0,"max_hp_loss":0.0,"gold_gain":0.0,"event_name":"Back to Basics","player_choice":"Simplicity","floor":31.0,"gold_loss":0.0,"damage_taken":0.0,"cards_upgraded":["Defend_B","Defend_B","Defend_B","Strike_B","Strike_B"]}],"is_beta":false,"boss_relics":[{"not_picked":["Runic Pyramid","Calling Bell"],"picked":"Inserter"}],"items_purged_floors":[20,22],"is_endless":false,"potions_floor_spawned":[2,7,13,16,21,30],"killed_by":"Champ","ascension_level":20}