{"gold_per_floor":[114,114,125,142,153,182,357,357,357,6,21,47,65,77,77,179,179,194,194,213,229,249,249,7,21,74,84,129,143,157,176,176,176],"floor_reached":33,"playtime":2673,"items_purged":[],"score":266,"play_id":"d2feb989-c5f7-4857-bc06-f8527de6bec0","local_time":"20190714143414","is_ascension_mode":false,"campfire_choices":[{"floor":15,"key":"REST"},{"floor":23,"key":"REST"},{"floor":32,"key":"REST"}],"neow_cost":"TEN_PERCENT_HP_LOSS","seed_source_timestamp":331086456790300,"circlet_count":0,"master_deck":["Strike_B","Strike_B","Strike_B","Strike_B+1","Defend_B+1","Defend_B","Defend_B","Defend_B","Zap","Dualcast","Electrodynamics","Go for the Eyes","Coolheaded","Rebound","BootSequence","Rainbow","Redo","Multi-Cast","Stack","Go for the Eyes","Rainbow","Coolheaded","Leap","Injury","Streamline+1","Redo","Hologram+1","Chill","Tempest","Genetic Algorithm+1","Chill","Force Field","Cold Snap"],"relics":["Cracked Core","Anchor","Spirit Poop","Pantograph","Chemical X","Blood Vial","Du-Vu Doll","White Beast Statue","Toolbox","Oddly Smooth Stone","Bag of Marbles"],"potions_floor_usage":[16,16,16,21,22,30,31,31,31,33],"damage_taken":[{"damage":3,"enemies":"Jaw Worm","floor":1,"turns":3},{"damage":1,"enemies":"2 Louse","floor":3,"turns":2},{"damage":0,"enemies":"Cultist","floor":4,"turns":3},{"damage":7,"enemies":"Looter","floor":5,"turns":2},{"damage":8,"enemies":"3 Sentries","floor":6,"turns":3},{"damage":0,"enemies":"Gremlin Gang","floor":11,"turns":2},{"damage":9,"enemies":"Gremlin Nob","floor":12,"turns":4},{"damage":12,"enemies":"Exordium Thugs","floor":13,"turns":3},{"damage":1,"enemies":"Red Slaver","floor":14,"turns":3},{"damage":39,"enemies":"The Guardian","floor":16,"turns":9},{"damage":13,"enemies":"Spheric Guardian","floor":18,"turns":4},{"damage":11,"enemies":"Shell Parasite","floor":20,"turns":7},{"damage":3,"enemies":"Snake Plant","floor":21,"turns":3},{"damage":27,"enemies":"3 Cultists","floor":22,"turns":5},{"damage":22,"enemies":"Shelled Parasite and Fungi","floor":25,"turns":9},{"damage":0,"enemies":"Centurion and Healer","floor":27,"turns":3},{"damage":7,"enemies":"Chosen and Byrds","floor":29,"turns":4},{"damage":0,"enemies":"Snake Plant","floor":30,"turns":3},{"damage":10,"enemies":"Snecko","floor":31,"turns":5},{"damage":63,"enemies":"Automaton","floor":33,"turns":10}],"seed_played":"7008094914277374963","potions_obtained":[{"floor":5,"key":"AttackPotion"},{"floor":11,"key":"Regen Potion"},{"floor":12,"key":"PowerPotion"},{"floor":18,"key":"PowerPotion"},{"floor":20,"key":"Swift Potion"},{"floor":21,"key":"Fire Potion"},{"floor":22,"key":"Poison Potion"},{"floor":25,"key":"PowerPotion"},{"floor":30,"key":"Dexterity Potion"},{"floor":31,"key":"GamblersBrew"}],"is_trial":false,"path_per_floor":["M","?","M","M","M","E","?","?","T","$","M","E","M","M","R","B",null,"M","?","M","M","M","R","$","M","T","M","T","M","M","M","R","B"],"character_chosen":"DEFECT","items_purchased":["Chemical X","Blood Vial","Chill","Toolbox"],"campfire_rested":3,"item_purchase_floors":[10,10,24,24],"current_hp_per_floor":[65,51,50,50,43,35,35,35,35,35,37,30,20,21,41,43,68,55,55,46,45,20,40,40,20,20,22,22,17,19,11,31,0],"gold":176,"neow_bonus":"THREE_RARE_CARDS","is_prod":false,"is_daily":false,"chose_seed":false,"campfire_upgraded":0,"win_rate":0.0,"timestamp":1563132854,"path_taken":["M","?","M","M","M","E","?","?","T","$","M","E","M","?","R","BOSS","M","?","M","M","?","R","$","M","T","M","?","?","M","M","R","BOSS"],"build_version":"2019-07-05","purchased_purges":0,"victory":false,"max_hp_per_floor":[68,68,68,68,68,68,68,68,68,68,68,68,68,68,68,68,68,68,68,68,68,68,68,68,68,68,68,68,68,68,68,68,68],"card_choices":[{"not_picked":["Fission","Creative AI"],"picked":"Electrodynamics","floor":0},{"not_picked":["Barrage","Blizzard"],"picked":"Go for the Eyes","floor":1},{"not_picked":["Steam","Doom and Gloom"],"picked":"Coolheaded","floor":3},{"not_picked":["Sweeping Beam","Compile Driver"],"picked":"Rebound","floor":4},{"not_picked":["Rebound","Compile Driver"],"picked":"BootSequence","floor":5},{"not_picked":["Coolheaded","Conserve Battery"],"picked":"Rainbow","floor":6},{"not_picked":["Beam Cell","Doom and Gloom"],"picked":"Redo","floor":11},{"not_picked":["Blizzard","Loop"],"picked":"Multi-Cast","floor":12},{"not_picked":["Coolheaded","Compile Driver"],"picked":"Stack","floor":13},{"not_picked":["Steam","Conserve Battery"],"picked":"Go for the Eyes","floor":14},{"not_picked":["All For One","Multi-Cast"],"picked":"Rainbow","floor":16},{"not_picked":["Sweeping Beam","Aggregate"],"picked":"Coolheaded","floor":18},{"not_picked":["Beam Cell","Cold Snap"],"picked":"Streamline+1","floor":20},{"not_picked":["Fusion","Sweeping Beam+1"],"picked":"Redo","floor":21},{"not_picked":["Compile Driver+1","Conserve Battery"],"picked":"Hologram+1","floor":22},{"not_picked":["Fission","Hologram"],"picked":"Tempest","floor":25},{"not_picked":["Go for the Eyes+1","Sweeping Beam+1"],"picked":"Genetic Algorithm+1","floor":27},{"not_picked":["Compile Driver","Streamline"],"picked":"Chill","floor":29},{"not_picked":["Go for the Eyes","Multi-Cast"],"picked":"Force Field","floor":30},{"not_picked":["Doom and Gloom","Sweeping Beam"],"picked":"Cold Snap","floor":31}],"player_experience":41755,"relics_obtained":[{"floor":6,"key":"Anchor"},{"floor":9,"key":"Pantograph"},{"floor":12,"key":"Du-Vu Doll"},{"floor":26,"key":"Oddly Smooth Stone"},{"floor":28,"key":"Bag of Marbles"}],"event_choices":[{"damage_healed":0,"gold_gain":0,"player_choice":"Entered Light","damage_taken":14,"max_hp_gain":0,"max_hp_loss":0,"event_name":"Shining Light","floor":2,"gold_loss":0,"cards_upgraded":["Strike_B","Defend_B"]},{"damage_healed":0,"gold_gain":175,"player_choice":"AGREE","damage_taken":0,"max_hp_gain":0,"max_hp_loss":0,"event_name":"Liars Game","floor":7,"gold_loss":0,"cards_obtained":["Doubt"]},{"cards_removed":["Doubt"],"damage_healed":0,"gold_gain":0,"player_choice":"Offered Curse","damage_taken":0,"relics_obtained":["Spirit Poop"],"max_hp_gain":0,"max_hp_loss":0,"event_name":"Bonfire Elementals","floor":8,"gold_loss":0},{"damage_healed":0,"gold_gain":0,"player_choice":"2 cards matched","damage_taken":0,"max_hp_gain":0,"max_hp_loss":0,"event_name":"Match and Keep!","floor":19,"gold_loss":0,"cards_obtained":["Leap","Injury"]}],"is_beta":false,"boss_relics":[{"not_picked":["FrozenCore","Empty Cage"],"picked":"White Beast Statue"}],"items_purged_floors":[],"is_endless":false,"potions_floor_spawned":[5,11,12,14,18,20,21,22,25,27,29,30,31],"killed_by":"Automaton","ascension_level":0}