{"gold_per_floor":[119,119,119,129,149,149,178,178,178,208,225,259,259,269,269,345,345,358,200,200,100,119,138,138,153,153,153,181,181,181,181,181,255,255,265,365,365,85,98,98,117,142,142,154,154,180,25,0,0,0,0],"floor_reached":51,"playtime":1344,"items_purged":["Strike_R","Strike_R","Strike_R"],"score":1432,"play_id":"4d667ca8-6172-4a20-9d01-4443e2d3607c","local_time":"20190512012050","is_ascension_mode":true,"campfire_choices":[{"floor":6.0,"key":"REST"},{"floor":8.0,"key":"REST"},{"data":"Juggernaut","floor":15.0,"key":"SMITH"},{"floor":24.0,"key":"REST"},{"data":"Barricade","floor":27.0,"key":"SMITH"},{"data":"Juggernaut","floor":29.0,"key":"SMITH"},{"data":"Juggernaut","floor":32.0,"key":"SMITH"},{"data":"Armaments","floor":40.0,"key":"SMITH"},{"floor":45.0,"key":"RECALL"},{"floor":49.0,"key":"REST"}],"neow_cost":"","seed_source_timestamp":543524938329000,"circlet_count":0,"master_deck":["Juggernaut+1","Juggernaut+1","Juggernaut+1","Juggernaut","Juggernaut","Defend_R","Defend_R","Defend_R","Defend_R","Bash","Strike_R","Strike_R","Shrug It Off","Metallicize","Battle Trance","Disarm","Barricade+1","Ghostly Armor","Battle Trance","Evolve","Necronomicurse","Feel No Pain","Power Through","Panacea","Secret Technique","Armaments+1","Uppercut+1","Warcry+1","True Grit+1"],"special_seed":0,"relics":["Burning Blood","Regal Pillow","Molten Egg 2","Anchor","Art of War","Sundial","Runic Dome","Meat on the Bone","Pantograph","Necronomicon","Mark of Pain","Mango","Lee\u0027s Waffle","Vajra","Toxic Egg 2","Centennial Puzzle","Red Mask"],"potions_floor_usage":[],"damage_taken":[{"damage":23.0,"enemies":"Cultist","floor":1.0,"turns":5.0},{"damage":19.0,"enemies":"Jaw Worm","floor":4.0,"turns":4.0},{"damage":21.0,"enemies":"2 Louse","floor":5.0,"turns":5.0},{"damage":28.0,"enemies":"Gremlin Nob","floor":7.0,"turns":4.0},{"damage":22.0,"enemies":"Lagavulin","floor":10.0,"turns":7.0},{"damage":12.0,"enemies":"Exordium Wildlife","floor":11.0,"turns":4.0},{"damage":19.0,"enemies":"3 Sentries","floor":12.0,"turns":6.0},{"damage":1.0,"enemies":"Looter","floor":14.0,"turns":4.0},{"damage":35.0,"enemies":"Hexaghost","floor":16.0,"turns":6.0},{"damage":21.0,"enemies":"3 Byrds","floor":18.0,"turns":4.0},{"damage":0.0,"enemies":"Chosen","floor":22.0,"turns":3.0},{"damage":28.0,"enemies":"Shelled Parasite and Fungi","floor":23.0,"turns":3.0},{"damage":18.0,"enemies":"Snake Plant","floor":25.0,"turns":4.0},{"damage":11.0,"enemies":"Book of Stabbing","floor":28.0,"turns":4.0},{"damage":40.0,"enemies":"Collector","floor":33.0,"turns":6.0},{"damage":13.0,"enemies":"Orb Walker","floor":35.0,"turns":4.0},{"damage":34.0,"enemies":"Mind Bloom Boss Battle","floor":36.0,"turns":5.0},{"damage":0.0,"enemies":"3 Shapes","floor":39.0,"turns":5.0},{"damage":34.0,"enemies":"Transient","floor":41.0,"turns":6.0},{"damage":6.0,"enemies":"Nemesis","floor":42.0,"turns":7.0},{"damage":0.0,"enemies":"Sphere and 2 Shapes","floor":44.0,"turns":4.0},{"damage":67.0,"enemies":"Reptomancer","floor":46.0,"turns":6.0},{"damage":34.0,"enemies":"Time Eater","floor":50.0,"turns":8.0},{"damage":100,"enemies":"Awakened One","floor":51,"turns":8}],"seed_played":"8791077544171989500","potions_obtained":[{"floor":4.0,"key":"PowerPotion"},{"floor":7.0,"key":"Swift Potion"},{"floor":10.0,"key":"Swift Potion"},{"floor":22.0,"key":"Ancient Potion"},{"floor":23.0,"key":"Energy Potion"},{"floor":33.0,"key":"Dexterity Potion"},{"floor":41.0,"key":"SkillPotion"},{"floor":42.0,"key":"PowerPotion"}],"is_trial":true,"path_per_floor":["M","T","?","M","M","R","E","R","T","E","M","E","?","M","R","B",null,"M","$","?","$","M","M","R","M","T","R","E","R","?","T","R","B",null,"M","?","?","$","M","R","M","E","T","M","R","E","$","?","R","B","B"],"character_chosen":"IRONCLAD","items_purchased":["Ghostly Armor","Armaments","Lee\u0027s Waffle","True Grit+1"],"campfire_rested":4,"item_purchase_floors":[19,38,38,47],"current_hp_per_floor":[51,51,56,43,28,67,45,80,80,64,58,45,45,50,50,21,65,50,50,50,50,56,34,73,61,61,61,56,56,35,35,35,38,70,63,66,56,101,101,101,73,73,73,79,79,30,30,30,75,72,0],"gold":0,"neow_bonus":"","is_prod":false,"is_daily":false,"chose_seed":false,"campfire_upgraded":5,"win_rate":0,"timestamp":1557591650,"path_taken":["M","?","?","M","M","R","E","R","T","E","M","E","?","M","R","BOSS","M","$","?","$","M","M","R","M","T","R","E","R","?","?","R","BOSS","M","?","?","?","M","R","?","E","T","M","R","E","$","?","R","BOSS","BOSS"],"build_version":"2019-01-23","purchased_purges":3,"victory":false,"max_hp_per_floor":[75,75,80,80,80,80,80,80,80,80,80,80,80,80,80,80,80,80,80,80,80,80,80,80,80,80,80,80,80,80,80,80,80,80,80,94,94,101,101,101,101,101,101,101,101,101,101,101,101,101,101],"card_choices":[{"not_picked":["Anger","Warcry","Clothesline"],"picked":"SKIP","floor":1.0},{"not_picked":["Hemokinesis","Combust","Anger"],"picked":"SKIP","floor":4.0},{"not_picked":["Body Slam","Twin Strike","Headbutt"],"picked":"SKIP","floor":5.0},{"not_picked":["Sever Soul","Corruption"],"picked":"Shrug It Off","floor":7.0},{"not_picked":["Reckless Charge+1","Anger+1"],"picked":"Metallicize","floor":10.0},{"not_picked":["Uppercut+1","True Grit"],"picked":"Battle Trance","floor":11.0},{"not_picked":["Twin Strike+1","Flex"],"picked":"Disarm","floor":12.0},{"not_picked":["Flex","Headbutt+1","Combust"],"picked":"SKIP","floor":14.0},{"not_picked":["Dark Embrace","Limit Break"],"picked":"Barricade","floor":16.0},{"not_picked":["Anger+1","Sword Boomerang+1","Body Slam+1"],"picked":"SKIP","floor":18.0},{"not_picked":["Fire Breathing","Twin Strike+1"],"picked":"Battle Trance","floor":22.0},{"not_picked":["Spot Weakness","Anger+1","Perfected Strike+1"],"picked":"SKIP","floor":23.0},{"not_picked":["Combust","Rage","Clothesline+1"],"picked":"SKIP","floor":25.0},{"not_picked":["Combust","Infernal Blade"],"picked":"Evolve","floor":28.0},{"not_picked":["Flex","Disarm"],"picked":"Feel No Pain","floor":35.0},{"not_picked":["Body Slam+1","Iron Wave+1"],"picked":"Power Through","floor":36.0},{"not_picked":["Purity","Flash of Steel+1"],"picked":"Panacea","floor":37.0},{"not_picked":["Impatience","Mayhem"],"picked":"Secret Technique","floor":37.0},{"not_picked":["Sever Soul+1","Flex","Spot Weakness"],"picked":"SKIP","floor":39.0},{"not_picked":["Bloodletting","Perfected Strike+1","Intimidate"],"picked":"SKIP","floor":41.0},{"not_picked":["Reckless Charge+1","Double Tap"],"picked":"Uppercut+1","floor":42.0},{"not_picked":["Headbutt+1","Body Slam+1","Clothesline+1"],"picked":"SKIP","floor":44.0},{"not_picked":["Sever Soul+1","Perfected Strike+1"],"picked":"Warcry+1","floor":46.0}],"player_experience":4989474,"relics_obtained":[{"floor":2.0,"key":"Regal Pillow"},{"floor":7.0,"key":"Molten Egg 2"},{"floor":9.0,"key":"Anchor"},{"floor":10.0,"key":"Art of War"},{"floor":12.0,"key":"Sundial"},{"floor":26.0,"key":"Meat on the Bone"},{"floor":28.0,"key":"Pantograph"},{"floor":30.0,"key":"Necronomicon"},{"floor":36.0,"key":"Mango"},{"floor":42.0,"key":"Vajra"},{"floor":43.0,"key":"Toxic Egg 2"},{"floor":46.0,"key":"Centennial Puzzle"}],"event_choices":[{"damage_healed":0.0,"max_hp_gain":5.0,"max_hp_loss":0.0,"gold_gain":0.0,"event_name":"Big Fish","player_choice":"Donut","floor":3.0,"gold_loss":0.0,"damage_taken":0.0},{"damage_healed":0.0,"max_hp_gain":0.0,"max_hp_loss":0.0,"gold_gain":0.0,"event_name":"Liars Game","player_choice":"Ignored","floor":13.0,"gold_loss":0.0,"damage_taken":0.0},{"damage_healed":0.0,"max_hp_gain":0.0,"max_hp_loss":0.0,"gold_gain":0.0,"event_name":"The Mausoleum","player_choice":"Ignored","floor":20.0,"gold_loss":0.0,"damage_taken":0.0},{"damage_healed":0.0,"max_hp_gain":0.0,"max_hp_loss":0.0,"gold_gain":0.0,"event_name":"Cursed Tome","player_choice":"Obtained Book","floor":30.0,"gold_loss":0.0,"damage_taken":21.0},{"damage_healed":0.0,"max_hp_gain":0.0,"max_hp_loss":0.0,"gold_gain":0.0,"event_name":"MindBloom","player_choice":"Fight","floor":36.0,"gold_loss":0.0,"damage_taken":0.0},{"damage_healed":0.0,"max_hp_gain":0.0,"max_hp_loss":0.0,"gold_gain":0.0,"event_name":"SensoryStone","player_choice":"Memory 3","floor":37.0,"gold_loss":0.0,"damage_taken":10.0},{"damage_healed":0.0,"max_hp_gain":0.0,"max_hp_loss":0.0,"gold_gain":0.0,"event_name":"Tomb of Lord Red Mask","player_choice":"Paid","floor":48.0,"gold_loss":25.0,"damage_taken":0.0,"relics_obtained":["Red Mask"]}],"is_beta":false,"boss_relics":[{"not_picked":["Orrery","Philosopher\u0027s Stone"],"picked":"Runic Dome"},{"not_picked":["Eternal Feather","Black Blood"],"picked":"Mark of Pain"}],"items_purged_floors":[19,21,47],"is_endless":false,"potions_floor_spawned":[4,7,10,14,22,23,33,41,42,44],"killed_by":"Awakened One","ascension_level":20}