{"gold_per_floor":[18,31,51,64,114,139,139,149,149,149,184,201,40,72,72,147,147,160,170,170,184,109,109,136,136,136,165,182,214,214,246,246,319,319,335,353,50,63,0,0,27,27,27,57,207,217,267,284,284,284,284,284,284,17,42,42],"floor_reached":57,"playtime":2430,"items_purged":["Strike_R","Strike_R"],"score":3641,"play_id":"45908642-177a-4e2e-a904-e6532f714672","local_time":"20190507012637","is_ascension_mode":true,"campfire_choices":[{"data":"Battle Trance","floor":7,"key":"SMITH"},{"data":"Immolate","floor":10,"key":"SMITH"},{"data":"Disarm","floor":15,"key":"SMITH"},{"data":"Dual Wield","floor":23,"key":"SMITH"},{"floor":25,"key":"RECALL"},{"data":"Evolve","floor":32,"key":"SMITH"},{"data":"Armaments","floor":40,"key":"SMITH"},{"data":"Corruption","floor":42,"key":"SMITH"},{"data":"Armaments","floor":49,"key":"SMITH"},{"data":"Sentinel","floor":53,"key":"SMITH"}],"neow_cost":"NO_GOLD","seed_source_timestamp":111026853158800,"circlet_count":0,"master_deck":["AscendersBane","Strike_R","Strike_R","Defend_R+1","Defend_R","Defend_R","Defend_R","Bash","Battle Trance+1","Cleave","Wild Strike","Anger","Spot Weakness","Immolate+1","Exhume","Pummel","Disarm+1","Reaper","Dual Wield+1","Juggernaut","Corruption+1","Second Wind","Fiend Fire","Evolve+1","Disarm","Offering","Disarm","True Grit+1","Armaments+1","Entrench","Sentinel+1","Armaments+1","Barricade","Spot Weakness","Feed","Second Wind+1","Dark Embrace"],"relics":["Burning Blood","Gambling Chip","Pantograph","Dead Branch","Bag of Preparation","Ornamental Fan","Snecko Eye","Bottled Tornado","Self Forming Clay","Pen Nib","Potion Belt","SsserpentHead","Juzu Bracelet","Orrery","War Paint","Red Mask","Blood Vial","Kunai","Mango","Du-Vu Doll","OrangePellets","Strawberry"],"potions_floor_usage":[14,14,55,56,56],"damage_taken":[{"damage":7,"enemies":"Small Slimes","floor":1,"turns":4},{"damage":1,"enemies":"Cultist","floor":2,"turns":3},{"damage":11,"enemies":"Jaw Worm","floor":3,"turns":6},{"damage":11,"enemies":"Lots of Slimes","floor":4,"turns":3},{"damage":8,"enemies":"Gremlin Nob","floor":6,"turns":3},{"damage":1,"enemies":"2 Fungi Beasts","floor":8,"turns":3},{"damage":10,"enemies":"3 Sentries","floor":11,"turns":3},{"damage":11,"enemies":"Blue Slaver","floor":12,"turns":3},{"damage":54,"enemies":"Gremlin Nob","floor":14,"turns":5},{"damage":13,"enemies":"The Guardian","floor":16,"turns":15},{"damage":12,"enemies":"3 Byrds","floor":18,"turns":5},{"damage":0,"enemies":"2 Thieves","floor":19,"turns":1},{"damage":2,"enemies":"Sentry and Sphere","floor":21,"turns":3},{"damage":41,"enemies":"Gremlin Leader","floor":24,"turns":3},{"damage":0,"enemies":"Book of Stabbing","floor":27,"turns":3},{"damage":0,"enemies":"Cultist and Chosen","floor":28,"turns":3},{"damage":0,"enemies":"Gremlin Leader","floor":29,"turns":2},{"damage":0,"enemies":"Book of Stabbing","floor":31,"turns":5},{"damage":0,"enemies":"Collector","floor":33,"turns":2},{"damage":6,"enemies":"3 Shapes","floor":35,"turns":2},{"damage":6,"enemies":"Orb Walker","floor":36,"turns":2},{"damage":45,"enemies":"Transient","floor":38,"turns":6},{"damage":0,"enemies":"Reptomancer","floor":41,"turns":3},{"damage":0,"enemies":"Giant Head","floor":44,"turns":1},{"damage":0,"enemies":"Mind Bloom Boss Battle","floor":45,"turns":4},{"damage":0,"enemies":"3 Darklings","floor":48,"turns":1},{"damage":0,"enemies":"Donu and Deca","floor":50,"turns":3},{"damage":6,"enemies":"Awakened One","floor":51,"turns":4},{"damage":12,"enemies":"Shield and Spear","floor":55,"turns":1},{"damage":6,"enemies":"The Heart","floor":56,"turns":8}],"seed_played":"-7455670414557590724","potions_obtained":[{"floor":2,"key":"SkillPotion"},{"floor":3,"key":"LiquidBronze"},{"floor":6,"key":"Poison Potion"},{"floor":11,"key":"SkillPotion"},{"floor":16,"key":"PowerPotion"},{"floor":18,"key":"Poison Potion"},{"floor":29,"key":"Dexterity Potion"},{"floor":33,"key":"PowerPotion"},{"floor":38,"key":"Regen Potion"},{"floor":46,"key":"Swift Potion"},{"floor":46,"key":"Ancient Potion"}],"is_trial":false,"path_per_floor":["M","M","M","M","?","E","R","M","T","R","E","M","$","E","R","B",null,"M","M","?","M","$","R","E","R","T","E","M","E","?","E","R","B",null,"M","M","$","M","?","R","E","R","T","E","?","?","?","M","R","B","B",null,"R","$","E","B",null],"character_chosen":"IRONCLAD","items_purchased":["Bag of Preparation","War Paint","Sentinel","OrangePellets","SteroidPotion"],"campfire_rested":0,"item_purchase_floors":[13,37,37,54,54],"current_hp_per_floor":[67,72,67,62,62,60,60,65,65,65,61,56,56,8,8,26,63,59,75,75,75,75,75,72,72,72,75,75,75,75,75,75,75,75,75,75,75,58,58,58,64,64,64,89,89,89,89,89,89,93,93,93,93,93,100,100],"gold":42,"neow_bonus":"ONE_RARE_RELIC","is_prod":false,"is_daily":false,"chose_seed":false,"campfire_upgraded":9,"win_rate":0,"timestamp":1557159997,"path_taken":["M","M","M","M","?","E","R","?","T","R","E","M","?","E","R","BOSS","M","M","?","M","$","R","E","R","T","E","M","E","?","E","R","BOSS","M","M","?","M","?","R","E","R","T","E","?","?","?","M","R","BOSS","BOSS","R","$","E","BOSS"],"build_version":"2019-01-23","purchased_purges":2,"victory":true,"max_hp_per_floor":[75,75,75,75,75,75,75,75,75,75,75,75,75,75,75,75,75,75,75,75,75,75,75,75,75,75,75,75,75,75,75,75,75,75,75,75,75,75,75,75,75,75,75,89,89,89,89,89,89,93,93,93,93,93,100,100],"card_choices":[{"not_picked":["Twin Strike","Power Through"],"picked":"Battle Trance","floor":1},{"not_picked":["Burning Pact","Body Slam"],"picked":"Cleave","floor":2},{"not_picked":["Thunderclap","Pummel"],"picked":"Wild Strike","floor":3},{"not_picked":["Body Slam","Entrench"],"picked":"Anger","floor":4},{"not_picked":["Sever Soul","Headbutt"],"picked":"Spot Weakness","floor":6},{"not_picked":["Warcry","Body Slam"],"picked":"Immolate","floor":8},{"not_picked":["Clothesline","Fire Breathing"],"picked":"Exhume","floor":11},{"not_picked":["Thunderclap","Metallicize"],"picked":"Pummel","floor":12},{"not_picked":["Fire Breathing","Flex"],"picked":"Disarm","floor":14},{"not_picked":["Dark Embrace","Limit Break"],"picked":"Reaper","floor":16},{"not_picked":["Clothesline+1","Searing Blow"],"picked":"Dual Wield","floor":18},{"not_picked":["Headbutt+1","Thunderclap+1"],"picked":"Juggernaut","floor":19},{"not_picked":["True Grit","Armaments"],"picked":"Second Wind","floor":21},{"not_picked":["Combust","Metallicize","Sword Boomerang"],"picked":"SKIP","floor":24},{"not_picked":["Whirlwind","Second Wind+1"],"picked":"Fiend Fire","floor":27},{"not_picked":["Carnage","Inflame"],"picked":"Evolve","floor":28},{"not_picked":["Power Through","Heavy Blade"],"picked":"Disarm","floor":29},{"not_picked":["Pommel Strike","Twin Strike","Wild Strike"],"picked":"SKIP","floor":31},{"not_picked":["Fiend Fire","Brutality"],"picked":"Offering","floor":33},{"not_picked":["Armaments","Perfected Strike"],"picked":"Disarm","floor":34},{"not_picked":["Clothesline","Twin Strike"],"picked":"True Grit","floor":34},{"not_picked":["Corruption","Fire Breathing+1"],"picked":"Armaments","floor":34},{"not_picked":["Combust","Demon Form","Armaments"],"picked":"SKIP","floor":35},{"not_picked":["Battle Trance","Warcry"],"picked":"Entrench","floor":36},{"not_picked":["Clothesline+1","Twin Strike+1"],"picked":"Armaments","floor":38},{"not_picked":["Pommel Strike+1","Cleave","Clothesline"],"picked":"SKIP","floor":41},{"not_picked":["Shrug It Off","Clash"],"picked":"Barricade","floor":44},{"not_picked":["Headbutt+1","Iron Wave+1"],"picked":"Spot Weakness","floor":45},{"not_picked":["Iron Wave+1","Bloodletting"],"picked":"Second Wind+1","floor":48},{"not_picked":["Inflame","Limit Break"],"picked":"Dark Embrace","floor":55}],"player_experience":4930772,"relics_obtained":[{"floor":6,"key":"Pantograph"},{"floor":11,"key":"Dead Branch"},{"floor":14,"key":"Ornamental Fan"},{"floor":24,"key":"Bottled Tornado"},{"floor":26,"key":"Self Forming Clay"},{"floor":27,"key":"Pen Nib"},{"floor":29,"key":"Potion Belt"},{"floor":31,"key":"Juzu Bracelet"},{"floor":41,"key":"Blood Vial"},{"floor":43,"key":"Kunai"},{"floor":44,"key":"Mango"},{"floor":45,"key":"Du-Vu Doll"},{"floor":55,"key":"Strawberry"}],"event_choices":[{"damage_healed":0,"gold_gain":50,"player_choice":"Pray","damage_taken":0,"max_hp_gain":0,"max_hp_loss":0,"event_name":"Golden Shrine","floor":5,"gold_loss":0},{"damage_healed":0,"gold_gain":0,"player_choice":"Read","damage_taken":0,"max_hp_gain":0,"max_hp_loss":0,"event_name":"The Library","floor":20,"gold_loss":0,"cards_obtained":["Corruption"]},{"damage_healed":0,"gold_gain":0,"player_choice":"Trade","damage_taken":0,"relics_obtained":["SsserpentHead"],"max_hp_gain":0,"max_hp_loss":0,"event_name":"FaceTrader","floor":30,"gold_loss":0},{"damage_healed":0,"gold_gain":0,"player_choice":"Paid","damage_taken":0,"relics_obtained":["Red Mask"],"max_hp_gain":0,"max_hp_loss":0,"event_name":"Tomb of Lord Red Mask","floor":39,"gold_loss":113},{"damage_healed":0,"gold_gain":0,"player_choice":"Fight","damage_taken":0,"max_hp_gain":0,"max_hp_loss":0,"event_name":"MindBloom","floor":45,"gold_loss":0},{"damage_healed":0,"gold_gain":0,"player_choice":"Bought 3 Potions","damage_taken":0,"max_hp_gain":0,"max_hp_loss":0,"event_name":"The Woman in Blue","floor":46,"gold_loss":0},{"damage_healed":0,"gold_gain":0,"cards_transformed":["Strike_R"],"player_choice":"Transformed","damage_taken":0,"max_hp_gain":0,"max_hp_loss":0,"event_name":"Transmorgrifier","floor":47,"gold_loss":0,"cards_obtained":["Feed"]}],"is_beta":false,"boss_relics":[{"not_picked":["Velvet Choker","Tiny House"],"picked":"Snecko Eye"},{"not_picked":["Astrolabe","Runic Cube"],"picked":"Orrery"}],"items_purged_floors":[22,37],"is_endless":false,"potions_floor_spawned":[2,3,6,11,12,16,18,28,29,33,38,44,48],"ascension_level":20}