{"gold_per_floor":[113,113,127,127,144,144,172,172,225,237,29,63,79,109,109,109],"floor_reached":16,"playtime":408,"items_purged":["Writhe"],"score":240,"play_id":"852faf3e-9466-4cf7-8ccf-dcb9a23956ed","local_time":"20190711003923","is_ascension_mode":true,"campfire_choices":[{"data":"Inflame","floor":6,"key":"SMITH"},{"floor":8,"key":"REST"},{"data":"Armaments","floor":15,"key":"SMITH"}],"neow_cost":"NONE","seed_source_timestamp":24762744561900,"circlet_count":0,"master_deck":["AscendersBane","Strike_R","Strike_R","Strike_R","Strike_R","Strike_R","Defend_R","Defend_R","Defend_R","Defend_R","Bash","Clothesline","Pummel","Inflame+1","Inflame","Bludgeon","Clash","Pummel","Armaments+1","Flex","Whirlwind"],"relics":["Burning Blood","Regal Pillow","Boot","Self Forming Clay","Ancient Tea Set"],"potions_floor_usage":[12],"damage_taken":[{"damage":16,"enemies":"Jaw Worm","floor":1,"turns":5},{"damage":6,"enemies":"Cultist","floor":3,"turns":4},{"damage":1,"enemies":"2 Louse","floor":5,"turns":3},{"damage":60,"enemies":"3 Sentries","floor":7,"turns":11},{"damage":9,"enemies":"Looter","floor":10,"turns":3},{"damage":30,"enemies":"Gremlin Nob","floor":12,"turns":4},{"damage":11,"enemies":"3 Louse","floor":13,"turns":3},{"damage":19,"enemies":"3 Sentries","floor":14,"turns":6},{"damage":13,"enemies":"Slime Boss","floor":16,"turns":5}],"seed_played":"3516260648864555306","potions_obtained":[{"floor":7,"key":"SpeedPotion"},{"floor":10,"key":"SkillPotion"},{"floor":12,"key":"SpeedPotion"}],"is_trial":false,"path_per_floor":["M","?","M","?","M","R","E","R","T","M","$","E","M","E","R","B"],"character_chosen":"IRONCLAD","items_purchased":["Pummel","Armaments"],"campfire_rested":1,"item_purchase_floors":[11,11],"current_hp_per_floor":[65,65,65,70,75,75,21,62,62,59,59,35,30,17,17,4],"gold":109,"neow_bonus":"TEN_PERCENT_HP_BONUS","is_prod":false,"is_daily":false,"chose_seed":false,"campfire_upgraded":2,"win_rate":0,"timestamp":1562773163,"path_taken":["M","?","?","?","M","R","E","R","T","M","$","E","M","E","R","BOSS"],"build_version":"2019-07-05","purchased_purges":1,"victory":false,"max_hp_per_floor":[82,82,82,87,87,87,87,87,87,87,87,87,87,87,87,87],"card_choices":[{"not_picked":["Armaments","Thunderclap"],"picked":"Clothesline","floor":1},{"not_picked":["Clash","Bloodletting"],"picked":"Inflame","floor":3},{"not_picked":["Exhume","Havoc"],"picked":"Inflame","floor":5},{"not_picked":["Flex","Carnage"],"picked":"Bludgeon","floor":7},{"not_picked":["Entrench","Clothesline"],"picked":"Clash","floor":10},{"not_picked":["Thunderclap","Burning Pact"],"picked":"Flex","floor":12},{"not_picked":["Cleave","Armaments","Sentinel"],"picked":"SKIP","floor":13},{"not_picked":["Dropkick","Twin Strike"],"picked":"Whirlwind","floor":14}],"player_experience":5640317,"relics_obtained":[{"floor":7,"key":"Regal Pillow"},{"floor":9,"key":"Boot"},{"floor":12,"key":"Self Forming Clay"},{"floor":14,"key":"Ancient Tea Set"}],"event_choices":[{"damage_healed":0,"gold_gain":0,"player_choice":"2 cards matched","damage_taken":0,"max_hp_gain":0,"max_hp_loss":0,"event_name":"Match and Keep!","floor":2,"gold_loss":0,"cards_obtained":["Writhe","Pummel"]},{"damage_healed":0,"gold_gain":0,"player_choice":"Donut","damage_taken":0,"max_hp_gain":5,"max_hp_loss":0,"event_name":"Big Fish","floor":4,"gold_loss":0}],"is_beta":false,"boss_relics":[],"items_purged_floors":[11],"is_endless":false,"potions_floor_spawned":[7,10,12,13],"killed_by":"Slime Boss","ascension_level":20}