{"gold_per_floor":[112,112,37,57,57,84,84,110,110,110,127,146,159,187,187,261,261,279,279,293,293,193,219,219,246,258,299,323,335,373,398,410,499,511,541,158,158,8,8,8,33,49,76,96,96,196,224,234,234,234,234,234,234,8,43,43],"floor_reached":57,"playtime":2178,"items_purged":["Defend_G","Strike_G","Strike_G","Neutralize"],"score":3412,"play_id":"6e44b58f-74db-4b40-8687-1f61fca05fed","local_time":"20190605210249","is_ascension_mode":true,"campfire_choices":[{"data":"Wraith Form v2","floor":7,"key":"SMITH"},{"data":"Demon Form","floor":15,"key":"SMITH"},{"data":"Calculated Gamble","floor":29,"key":"SMITH"},{"data":"Crippling Poison","floor":32,"key":"SMITH"},{"floor":40,"key":"RECALL"},{"data":"Echo Form","floor":45,"key":"SMITH"},{"data":"Predator","floor":49,"key":"SMITH"},{"data":"Survivor","floor":53,"key":"SMITH"}],"neow_cost":"","seed_source_timestamp":856351354820600,"circlet_count":0,"master_deck":["Defend_G","Defend_G","Defend_G","Survivor+1","Wraith Form v2+1","Demon Form+1","Echo Form+1","Predator+1","Terror","Calculated Gamble+1","Storm of Steel","Bane","Crippling Poison+1","Bullet Time","Riddle With Holes","Riddle With Holes","Night Terror","Crippling Poison+1","Wraith Form v2+1"],"relics":["Ring of the Snake","Snecko Eye","Tingsha","Pear","Kunai","Bag of Preparation","Orrery","Oddly Smooth Stone","MawBank","Tough Bandages","Blood Vial","Mercury Hourglass","Sozu","Mummified Hand","Juzu Bracelet","Pocketwatch","Ornamental Fan","DollysMirror","Gambling Chip"],"potions_floor_usage":[6,25,56],"damage_taken":[{"damage":0,"enemies":"2 Louse","floor":1,"turns":3},{"damage":0,"enemies":"Jaw Worm","floor":4,"turns":2},{"damage":0,"enemies":"Lagavulin","floor":6,"turns":3},{"damage":0,"enemies":"Gremlin Nob","floor":8,"turns":3},{"damage":0,"enemies":"Small Slimes","floor":11,"turns":2},{"damage":2,"enemies":"2 Fungi Beasts","floor":12,"turns":4},{"damage":0,"enemies":"3 Louse","floor":13,"turns":3},{"damage":0,"enemies":"Lagavulin","floor":14,"turns":4},{"damage":37,"enemies":"Hexaghost","floor":16,"turns":6},{"damage":0,"enemies":"Chosen","floor":18,"turns":2},{"damage":0,"enemies":"2 Thieves","floor":20,"turns":3},{"damage":0,"enemies":"Book of Stabbing","floor":23,"turns":4},{"damage":21,"enemies":"Slavers","floor":25,"turns":3},{"damage":0,"enemies":"Book of Stabbing","floor":27,"turns":3},{"damage":0,"enemies":"Sentry and Sphere","floor":28,"turns":4},{"damage":0,"enemies":"Gremlin Leader","floor":30,"turns":3},{"damage":0,"enemies":"Snake Plant","floor":31,"turns":2},{"damage":0,"enemies":"Collector","floor":33,"turns":4},{"damage":0,"enemies":"Orb Walker","floor":35,"turns":2},{"damage":0,"enemies":"Nemesis","floor":41,"turns":5},{"damage":0,"enemies":"3 Shapes","floor":42,"turns":2},{"damage":0,"enemies":"Transient","floor":44,"turns":5},{"damage":0,"enemies":"Mind Bloom Boss Battle","floor":46,"turns":3},{"damage":0,"enemies":"Giant Head","floor":47,"turns":4},{"damage":0,"enemies":"Spire Growth","floor":48,"turns":4},{"damage":15,"enemies":"Donu and Deca","floor":50,"turns":5},{"damage":0,"enemies":"Time Eater","floor":51,"turns":5},{"damage":0,"enemies":"Shield and Spear","floor":55,"turns":4},{"damage":20,"enemies":"The Heart","floor":56,"turns":6}],"seed_played":"4736076797387240976","potions_obtained":[{"floor":1,"key":"FearPotion"},{"floor":6,"key":"Energy Potion"},{"floor":13,"key":"SteroidPotion"},{"floor":25,"key":"SpeedPotion"},{"floor":30,"key":"Dexterity Potion"}],"is_trial":true,"path_per_floor":["M","?","$","M","?","E","R","E","T","?","M","M","M","E","R","B",null,"M","?","M","?","$","E","?","E","T","E","M","R","E","M","R","B",null,"M","$","?","$","?","R","E","M","T","M","R","?","E","M","R","B","B",null,"R","$","E","B",null],"character_chosen":"THE_SILENT","items_purchased":["Mummified Hand","DollysMirror"],"campfire_rested":0,"item_purchase_floors":[36,54],"current_hp_per_floor":[59,59,59,59,59,59,59,69,69,74,74,72,72,72,72,35,70,70,70,70,70,70,70,70,49,49,49,51,51,53,55,55,57,75,77,77,77,77,67,67,69,71,71,73,73,75,77,79,79,66,68,78,78,78,80,61],"gold":43,"neow_bonus":"","is_prod":false,"is_daily":false,"chose_seed":false,"campfire_upgraded":7,"win_rate":0,"timestamp":1559736169,"path_taken":["M","?","$","M","?","E","R","E","T","?","M","M","M","E","R","BOSS","M","?","M","?","$","E","?","E","T","E","M","R","E","M","R","BOSS","M","$","?","$","?","R","E","M","T","M","R","?","E","M","R","BOSS","BOSS","R","$","E","BOSS"],"build_version":"2019-01-23","purchased_purges":4,"victory":true,"max_hp_per_floor":[66,66,66,66,66,66,66,76,76,81,81,81,81,81,81,81,81,81,81,81,81,81,81,81,81,81,81,81,81,81,81,81,81,81,81,81,81,81,81,81,81,81,81,81,81,81,81,81,81,81,81,81,81,81,81,81],"card_choices":[{"not_picked":["PiercingWail","Well Laid Plans"],"picked":"Predator","floor":1},{"not_picked":["Accuracy","Quick Slash","Sucker Punch"],"picked":"SKIP","floor":4},{"not_picked":["Bane","Underhanded Strike"],"picked":"Predator","floor":6},{"not_picked":["Blade Dance","Doppelganger","Sucker Punch"],"picked":"SKIP","floor":8},{"not_picked":["Dagger Spray","Setup","Deflect"],"picked":"SKIP","floor":11},{"not_picked":["Bane","Masterful Stab","Sucker Punch"],"picked":"SKIP","floor":12},{"not_picked":["Reflex","Underhanded Strike"],"picked":"Terror","floor":13},{"not_picked":["Choke","Unload"],"picked":"Calculated Gamble","floor":14},{"not_picked":["Doppelganger","Glass Knife"],"picked":"Storm of Steel","floor":16},{"not_picked":["All Out Attack","Outmaneuver","Heel Hook"],"picked":"SKIP","floor":18},{"not_picked":["Infinite Blades","Endless Agony","Deadly Poison"],"picked":"SKIP","floor":20},{"not_picked":["Prepared","Cloak And Dagger"],"picked":"Bullet Time","floor":23},{"not_picked":["Acrobatics","Flying Knee+1"],"picked":"Riddle With Holes","floor":25},{"not_picked":["Backstab","Poisoned Stab","Cloak And Dagger"],"picked":"SKIP","floor":27},{"not_picked":["Poisoned Stab","Distraction","Bouncing Flask"],"picked":"SKIP","floor":28},{"not_picked":["Underhanded Strike","Deflect"],"picked":"Riddle With Holes","floor":30},{"not_picked":["Dodge and Roll","Acrobatics+1"],"picked":"Night Terror","floor":31},{"not_picked":["Dodge and Roll","Deadly Poison+1"],"picked":"Crippling Poison+1","floor":35},{"not_picked":["Escape Plan","Quick Slash","Deadly Poison"],"picked":"SKIP","floor":41},{"not_picked":["Bane","Deflect","Acrobatics"],"picked":"SKIP","floor":42},{"not_picked":["Prepared","Terror+1","Poisoned Stab"],"picked":"SKIP","floor":44},{"not_picked":["Cloak And Dagger","Backflip","Unload"],"picked":"SKIP","floor":47},{"not_picked":["Deflect","Prepared+1","Flechettes"],"picked":"SKIP","floor":48},{"not_picked":["Slice","Blur+1","PiercingWail"],"picked":"SKIP","floor":55}],"player_experience":5269190,"relics_obtained":[{"floor":6,"key":"Tingsha"},{"floor":8,"key":"Pear"},{"floor":9,"key":"Kunai"},{"floor":14,"key":"Bag of Preparation"},{"floor":23,"key":"Oddly Smooth Stone"},{"floor":25,"key":"MawBank"},{"floor":26,"key":"Tough Bandages"},{"floor":27,"key":"Blood Vial"},{"floor":30,"key":"Mercury Hourglass"},{"floor":41,"key":"Juzu Bracelet"},{"floor":46,"key":"Pocketwatch"},{"floor":47,"key":"Ornamental Fan"},{"floor":55,"key":"Gambling Chip"}],"event_choices":[{"cards_removed":["Strike_G"],"damage_healed":0,"gold_gain":0,"player_choice":"Forget","damage_taken":0,"max_hp_gain":0,"max_hp_loss":0,"event_name":"Living Wall","floor":2,"gold_loss":0},{"damage_healed":0,"gold_gain":0,"player_choice":"Ignored","damage_taken":0,"max_hp_gain":0,"max_hp_loss":0,"event_name":"Liars Game","floor":5,"gold_loss":0},{"damage_healed":0,"gold_gain":0,"player_choice":"Donut","damage_taken":0,"max_hp_gain":5,"max_hp_loss":0,"event_name":"Big Fish","floor":10,"gold_loss":0},{"cards_removed":["Strike_G"],"damage_healed":0,"gold_gain":0,"player_choice":"Elegance","damage_taken":0,"max_hp_gain":0,"max_hp_loss":0,"event_name":"Back to Basics","floor":19,"gold_loss":0},{"damage_healed":0,"gold_gain":0,"cards_transformed":["Defend_G","Strike_G"],"player_choice":"Became Test Subject","damage_taken":0,"max_hp_gain":0,"max_hp_loss":0,"event_name":"Drug Dealer","floor":21,"gold_loss":0,"cards_obtained":["Bane","Crippling Poison"]},{"damage_healed":0,"gold_gain":0,"player_choice":"Ignored","damage_taken":0,"max_hp_gain":0,"max_hp_loss":0,"event_name":"The Mausoleum","floor":24,"gold_loss":0},{"cards_removed":["Predator"],"damage_healed":0,"gold_gain":0,"player_choice":"Removed Attack","damage_taken":0,"max_hp_gain":0,"max_hp_loss":0,"event_name":"Falling","floor":37,"gold_loss":0},{"damage_healed":0,"gold_gain":0,"player_choice":"Memory 3","damage_taken":10,"max_hp_gain":0,"max_hp_loss":0,"event_name":"SensoryStone","floor":39,"gold_loss":0},{"damage_healed":0,"gold_gain":0,"player_choice":"Fight","damage_taken":0,"max_hp_gain":0,"max_hp_loss":0,"event_name":"MindBloom","floor":46,"gold_loss":0}],"is_beta":false,"boss_relics":[{"not_picked":["Tiny House","Ectoplasm"],"picked":"Orrery"},{"not_picked":["Ring of the Serpent","Empty Cage"],"picked":"Sozu"}],"items_purged_floors":[3,22,36,38],"is_endless":false,"potions_floor_spawned":[1,6,13,14,16,23,25,30,31,35,48],"ascension_level":20}