{"gold_per_floor":[14,14,24,40,53,53,65,83,132,163,178,213,229,229,229,307,307,327,252,264,264,264,295,307,338,350,396,420,432,478,500,512,595,607,636,507,517,517,530,530,563,563,563,594,594,604,137,164,164,164,164,164,164,86,114,114],"floor_reached":57,"playtime":2790,"items_purged":["Defend_G","Defend_G","Parasite"],"score":3428,"play_id":"647b10f4-ea81-4a21-89f1-11e6a1eebb9b","local_time":"20190729031842","is_ascension_mode":true,"campfire_choices":[{"data":"Deadly Poison","floor":6.0,"key":"SMITH"},{"floor":15,"key":"RECALL"},{"data":"Dash","floor":24,"key":"SMITH"},{"data":"Backflip","floor":29,"key":"SMITH"},{"data":"Backflip","floor":32,"key":"SMITH"},{"data":"Wraith Form v2","floor":40,"key":"SMITH"},{"floor":45,"key":"REST"},{"data":"Well Laid Plans","floor":49,"key":"SMITH"},{"data":"Survivor","floor":53,"key":"SMITH"}],"neow_cost":"NO_GOLD","seed_source_timestamp":407514710542700,"circlet_count":0,"master_deck":["AscendersBane","Strike_G","Strike_G+1","Defend_G","Defend_G","Defend_G","Survivor+1","Neutralize+1","Dash+1","Poisoned Stab+1","Deadly Poison+1","PiercingWail","Backflip+1","Backflip+1","Leg Sweep+1","Crippling Poison+1","Backstab","Adrenaline+1","Bane+1","Corpse Explosion+1","Heel Hook+1","Deflect+1","Ghostly+1","Ghostly+1","Ghostly+1","Prepared+1","Tactician+1","Acrobatics+1","Noxious Fumes+1","Calculated Gamble+1","Prepared+1","Calculated Gamble+1","Wraith Form v2+1","Bandage Up+1","Well Laid Plans+1","Blur+1","Calculated Gamble+1","Wraith Form v2"],"special_seed":0,"relics":["Ring of the Snake","Prayer Wheel","Whetstone","Ninja Scroll","Toxic Egg 2","Astrolabe","MawBank","Tough Bandages","Mummified Hand","Black Star","Molten Egg 2","Kunai","Singing Bowl","Ancient Tea Set","Art of War","Paper Crane","Pen Nib","Pear","Snake Skull","Centennial Puzzle"],"potions_floor_usage":[12,23,30,37,41,56],"damage_taken":[{"damage":0.0,"enemies":"Small Slimes","floor":1.0,"turns":4.0},{"damage":0.0,"enemies":"Cultist","floor":3.0,"turns":4.0},{"damage":0.0,"enemies":"Jaw Worm","floor":4.0,"turns":3.0},{"damage":0.0,"enemies":"2 Fungi Beasts","floor":5.0,"turns":4.0},{"damage":0.0,"enemies":"Exordium Wildlife","floor":7.0,"turns":3.0},{"damage":3.0,"enemies":"Looter","floor":8.0,"turns":4.0},{"damage":40.0,"enemies":"Gremlin Nob","floor":10.0,"turns":6.0},{"damage":4.0,"enemies":"3 Louse","floor":11.0,"turns":2.0},{"damage":10,"enemies":"Lagavulin","floor":12,"turns":4},{"damage":7,"enemies":"Large Slime","floor":13,"turns":5},{"damage":0,"enemies":"The Guardian","floor":16,"turns":12},{"damage":2,"enemies":"Chosen","floor":18,"turns":3},{"damage":2,"enemies":"3 Byrds","floor":20,"turns":2},{"damage":1,"enemies":"Book of Stabbing","floor":23,"turns":5},{"damage":0,"enemies":"Cultist and Chosen","floor":25,"turns":4},{"damage":0,"enemies":"Slavers","floor":27,"turns":2},{"damage":4,"enemies":"Snecko","floor":28,"turns":4},{"damage":10,"enemies":"Gremlin Leader","floor":30,"turns":8},{"damage":0,"enemies":"Shelled Parasite and Fungi","floor":31,"turns":3},{"damage":0,"enemies":"Collector","floor":33,"turns":9},{"damage":2,"enemies":"3 Darklings","floor":35,"turns":5},{"damage":1,"enemies":"Orb Walker","floor":37,"turns":3},{"damage":5,"enemies":"Jaw Worm Horde","floor":39,"turns":5},{"damage":25,"enemies":"Giant Head","floor":41,"turns":10},{"damage":0,"enemies":"Reptomancer","floor":44,"turns":8},{"damage":0,"enemies":"Writhing Mass","floor":46,"turns":6},{"damage":0,"enemies":"Nemesis","floor":48,"turns":9},{"damage":0,"enemies":"Awakened One","floor":50,"turns":17},{"damage":8,"enemies":"Time Eater","floor":51,"turns":17},{"damage":0,"enemies":"Shield and Spear","floor":55,"turns":6},{"damage":0,"enemies":"The Heart","floor":56,"turns":13}],"seed_played":"7481417113431470272","potions_obtained":[{"floor":1.0,"key":"Ancient Potion"},{"floor":4.0,"key":"EssenceOfSteel"},{"floor":5.0,"key":"Regen Potion"},{"floor":11.0,"key":"Strength Potion"},{"floor":13,"key":"Explosive Potion"},{"floor":14,"key":"FairyPotion"},{"floor":23,"key":"Block Potion"},{"floor":33,"key":"GhostInAJar"},{"floor":35,"key":"Regen Potion"},{"floor":39,"key":"SkillPotion"},{"floor":46,"key":"GamblersBrew"}],"is_trial":false,"path_per_floor":["M","?","M","M","M","R","M","M","T","E","M","E","M","?","R","B",null,"M","$","M","?","?","E","R","M","T","E","M","R","E","M","R","B",null,"M","$","M","?","M","R","E","?","T","E","R","M","$","E","R","B","B",null,"R","$","E","B",null],"character_chosen":"THE_SILENT","items_purchased":["Calculated Gamble+1","Blur+1","Paper Crane","Calculated Gamble+1"],"campfire_rested":1,"item_purchase_floors":[36,47,47,54],"current_hp_per_floor":[59,59,59,59,59,59,59,66,66,26,22,12,5,5,5,5,51,49,49,47,33,33,32,32,32,32,32,28,28,18,18,18,18,29,27,27,33,23,24,24,5,5,5,13,22,30,30,44,44,44,42,44,44,44,44,44],"gold":114,"neow_bonus":"ONE_RARE_RELIC","is_prod":false,"is_daily":false,"chose_seed":false,"campfire_upgraded":7,"win_rate":0,"timestamp":1564337922,"path_taken":["M","?","?","M","?","R","M","M","T","E","M","E","M","?","R","BOSS","M","$","?","?","?","E","R","M","T","E","M","R","E","M","R","BOSS","M","$","M","?","M","R","E","?","T","E","R","M","$","E","R","BOSS","BOSS","R","$","E","BOSS"],"build_version":"2019-07-17","purchased_purges":3,"victory":true,"max_hp_per_floor":[66,66,66,66,66,66,66,66,66,66,66,66,66,66,66,66,66,66,66,66,33,33,33,33,33,33,33,33,33,33,33,33,33,33,33,33,33,33,33,33,33,31,31,33,33,35,32,44,44,44,44,44,44,44,44,44],"card_choices":[{"not_picked":["Concentrate","Setup"],"picked":"Dash","floor":1.0},{"not_picked":["Slice","Catalyst"],"picked":"Poisoned Stab","floor":1.0},{"not_picked":["Dash","Quick Slash"],"picked":"Deadly Poison","floor":3.0},{"not_picked":["Underhanded Strike","Endless Agony","Dagger Spray"],"picked":"SKIP","floor":3.0},{"not_picked":["Poisoned Stab","Distraction","Slice"],"picked":"SKIP","floor":4.0},{"not_picked":["Cloak And Dagger","Quick Slash","Blade Dance"],"picked":"SKIP","floor":4.0},{"not_picked":["Dagger Spray","Finisher"],"picked":"PiercingWail","floor":5.0},{"not_picked":["Cloak And Dagger","Deflect","Terror"],"picked":"SKIP","floor":5.0},{"not_picked":["Bane","Reflex"],"picked":"Backflip","floor":7.0},{"not_picked":["Deflect","Night Terror","Quick Slash"],"picked":"SKIP","floor":7.0},{"not_picked":["Accuracy","Slice"],"picked":"Backflip","floor":8.0},{"not_picked":["Quick Slash","Prepared","Deflect"],"picked":"SKIP","floor":8.0},{"not_picked":["Crippling Poison","Skewer","Bane"],"picked":"SKIP","floor":10.0},{"not_picked":["Underhanded Strike","Prepared","Predator"],"picked":"SKIP","floor":11.0},{"not_picked":["PiercingWail","Endless Agony","Dash"],"picked":"SKIP","floor":11.0},{"not_picked":["Terror","Phantasmal Killer"],"picked":"Leg Sweep","floor":12},{"not_picked":["Deadly Poison+1","Underhanded Strike"],"picked":"Crippling Poison+1","floor":13},{"not_picked":["Blade Dance+1","Backstab","Bane"],"picked":"SKIP","floor":13},{"not_picked":["Blade Dance+1","Bane"],"picked":"Backstab","floor":13},{"not_picked":["Storm of Steel+1","Grand Finale"],"picked":"Adrenaline+1","floor":16},{"not_picked":["Setup+1","Poisoned Stab"],"picked":"Deflect+1","floor":18},{"not_picked":["Riddle With Holes","Terror+1","PiercingWail+1"],"picked":"SKIP","floor":18},{"not_picked":["Slice","Heel Hook","Bouncing Flask+1"],"picked":"SKIP","floor":20},{"not_picked":["Quick Slash","Dagger Spray","Blade Dance+1"],"picked":"SKIP","floor":20},{"not_picked":["Die Die Die","Grand Finale","Setup+1"],"picked":"SKIP","floor":23},{"not_picked":["Sucker Punch","Blade Dance+1","Cloak And Dagger+1"],"picked":"SKIP","floor":25},{"not_picked":["Backstab","Infinite Blades","Endless Agony"],"picked":"SKIP","floor":25},{"not_picked":["Dodge and Roll+1","Skewer"],"picked":"Prepared+1","floor":27},{"not_picked":["Prepared+1","Acrobatics+1"],"picked":"Tactician+1","floor":28},{"not_picked":["Poisoned Stab","Flying Knee+1","Crippling Poison+1"],"picked":"SKIP","floor":28},{"not_picked":["Backstab","Deflect+1"],"picked":"Acrobatics+1","floor":30},{"not_picked":["Footwork","Dagger Spray"],"picked":"Noxious Fumes+1","floor":31},{"not_picked":["Dagger Spray","Terror+1","Noxious Fumes"],"picked":"SKIP","floor":31},{"not_picked":["Dagger Spray","Quick Slash"],"picked":"Calculated Gamble+1","floor":35},{"not_picked":["Blade Dance+1","Slice"],"picked":"Prepared+1","floor":35},{"not_picked":["Underhanded Strike","Bane"],"picked":"Wraith Form v2","floor":37},{"not_picked":["Leg Sweep+1","Outmaneuver+1","Expertise+1"],"picked":"SKIP","floor":37},{"not_picked":["Panache","Thinking Ahead+1"],"picked":"Bandage Up+1","floor":38},{"not_picked":["PiercingWail+1","Prepared+1","Choke+1"],"picked":"SKIP","floor":39},{"not_picked":["Bane","Cloak And Dagger+1","Flying Knee+1"],"picked":"SKIP","floor":39},{"not_picked":["Dagger Throw","Finisher","Crippling Poison+1"],"picked":"SKIP","floor":41},{"not_picked":["Skewer+1","Dagger Spray+1","Dash+1"],"picked":"Singing Bowl","floor":44},{"not_picked":["Prepared+1","Leg Sweep+1","Underhanded Strike+1"],"picked":"Singing Bowl","floor":46},{"not_picked":["Blade Dance+1","All Out Attack+1"],"picked":"Well Laid Plans","floor":46},{"not_picked":["Expertise+1","Slice+1","Poisoned Stab+1"],"picked":"Singing Bowl","floor":48},{"not_picked":["Endless Agony+1","Outmaneuver+1"],"picked":"Wraith Form v2","floor":55}],"player_experience":5842123,"relics_obtained":[{"floor":9.0,"key":"Whetstone"},{"floor":10.0,"key":"Ninja Scroll"},{"floor":12,"key":"Toxic Egg 2"},{"floor":23,"key":"MawBank"},{"floor":27,"key":"Tough Bandages"},{"floor":30,"key":"Mummified Hand"},{"floor":41,"key":"Molten Egg 2"},{"floor":41,"key":"Kunai"},{"floor":43,"key":"Singing Bowl"},{"floor":44,"key":"Ancient Tea Set"},{"floor":44,"key":"Art of War"},{"floor":48,"key":"Pen Nib"},{"floor":48,"key":"Pear"},{"floor":55,"key":"Snake Skull"},{"floor":55,"key":"Centennial Puzzle"}],"event_choices":[{"damage_healed":0.0,"max_hp_gain":0.0,"max_hp_loss":0.0,"gold_gain":0.0,"event_name":"Accursed Blacksmith","player_choice":"Forge","floor":2.0,"gold_loss":0.0,"damage_taken":0.0,"cards_upgraded":["Poisoned Stab"]},{"damage_healed":0,"gold_gain":0,"player_choice":"Got Potions","damage_taken":0,"max_hp_gain":0,"max_hp_loss":0,"event_name":"Lab","floor":14,"gold_loss":0},{"damage_healed":0,"gold_gain":0,"player_choice":"Became a Ghost","damage_taken":0,"max_hp_gain":0,"max_hp_loss":33,"event_name":"Ghosts","floor":21,"gold_loss":0,"cards_obtained":["Ghostly","Ghostly","Ghostly"]},{"damage_healed":0,"gold_gain":0,"player_choice":"Ignored","damage_taken":0,"max_hp_gain":0,"max_hp_loss":0,"event_name":"Vampires","floor":22,"gold_loss":0},{"damage_healed":0,"gold_gain":0,"player_choice":"Memory 3","damage_taken":10,"max_hp_gain":0,"max_hp_loss":0,"event_name":"SensoryStone","floor":38,"gold_loss":0},{"damage_healed":0,"gold_gain":0,"player_choice":"Max HP","damage_taken":0,"max_hp_gain":0,"max_hp_loss":2,"event_name":"Winding Halls","floor":42,"gold_loss":0}],"is_beta":false,"boss_relics":[{"not_picked":["Calling Bell","Orrery"],"picked":"Astrolabe"},{"not_picked":["White Beast Statue","Tiny House"],"picked":"Black Star"}],"items_purged_floors":[19,36,47],"is_endless":false,"potions_floor_spawned":[1,4,5,11,13,16,20,23,25,33,35,39,46],"ascension_level":20}