{"gold_per_floor":[117,132,132,132,151,177,21,21,21,21,38,72,72,84,84,84],"floor_reached":16,"playtime":575,"items_purged":["Defend_B"],"score":116,"play_id":"9646e601-d3f3-4ddc-9148-b5988c1d1f3a","local_time":"20190719152119","is_ascension_mode":true,"campfire_choices":[{"floor":8.0,"key":"RECALL"},{"data":"Tempest","floor":10,"key":"SMITH"},{"floor":15,"key":"REST"}],"neow_cost":"NONE","seed_source_timestamp":0,"circlet_count":0,"master_deck":["Strike_B","Strike_B","Strike_B","Defend_B","Defend_B","Defend_B","Zap","Dualcast","Tempest+1","Regret","Cold Snap","Skim","Heatsinks","Defragment","BootSequence","Auto Shields"],"special_seed":0,"relics":["Cracked Core","Meat on the Bone","Sundial","Orichalcum","Ornamental Fan"],"potions_floor_usage":[12],"damage_taken":[{"damage":1.0,"enemies":"Cultist","floor":1.0,"turns":3.0},{"damage":6.0,"enemies":"2 Louse","floor":2.0,"turns":3.0},{"damage":18.0,"enemies":"Small Slimes","floor":5.0,"turns":4.0},{"damage":25.0,"enemies":"Lagavulin","floor":6.0,"turns":6.0},{"damage":25,"enemies":"Exordium Wildlife","floor":11,"turns":4},{"damage":7,"enemies":"Gremlin Nob","floor":12,"turns":4},{"damage":0,"enemies":"3 Louse","floor":14,"turns":3},{"damage":71,"enemies":"Slime Boss","floor":16,"turns":8}],"seed_played":"4135869337625823932","potions_obtained":[{"floor":2.0,"key":"Weak Potion"},{"floor":5.0,"key":"FocusPotion"}],"is_trial":false,"path_per_floor":["M","M","?","?","M","E","$","R","T","R","M","E","?","M","R","B"],"character_chosen":"DEFECT","items_purchased":["Heatsinks"],"campfire_rested":1,"item_purchase_floors":[7],"current_hp_per_floor":[81,75,75,75,57,44,44,44,44,44,31,36,29,41,65,0],"gold":84,"neow_bonus":"TEN_PERCENT_HP_BONUS","is_prod":false,"is_daily":false,"chose_seed":false,"campfire_upgraded":1,"win_rate":0,"timestamp":1563567679,"path_taken":["M","M","?","?","?","E","?","R","T","R","M","E","?","M","R","BOSS"],"build_version":"2019-07-17","purchased_purges":1,"victory":false,"max_hp_per_floor":[82,82,82,82,82,82,82,82,82,82,82,82,82,82,82,82],"card_choices":[{"not_picked":["Redo","Beam Cell"],"picked":"Force Field","floor":1.0},{"not_picked":["Leap","Darkness"],"picked":"Tempest","floor":2.0},{"not_picked":["Go for the Eyes","Reinforced Body"],"picked":"Cold Snap","floor":5.0},{"not_picked":["Steam","Leap"],"picked":"Skim","floor":6.0},{"not_picked":["Steam","Redo"],"picked":"Defragment","floor":11},{"not_picked":["Beam Cell","Fission"],"picked":"BootSequence","floor":12},{"not_picked":["Skim","Reprogram"],"picked":"Auto Shields","floor":14}],"player_experience":93080,"relics_obtained":[{"floor":6.0,"key":"Orichalcum"},{"floor":12,"key":"Ornamental Fan"}],"event_choices":[{"damage_healed":0.0,"max_hp_gain":0.0,"max_hp_loss":0.0,"gold_gain":0.0,"event_name":"Big Fish","player_choice":"Box","floor":3.0,"gold_loss":0.0,"damage_taken":0.0,"relics_obtained":["Meat on the Bone"],"cards_obtained":["Regret"]},{"cards_removed":["Force Field"],"damage_healed":0.0,"max_hp_gain":0.0,"max_hp_loss":0.0,"gold_gain":0.0,"event_name":"WeMeetAgain","player_choice":"Gave Card","floor":4.0,"gold_loss":0.0,"damage_taken":0.0,"relics_obtained":["Sundial"]},{"cards_removed":["Strike_B"],"damage_healed":0,"gold_gain":0,"player_choice":"Card Removal","damage_taken":7,"max_hp_gain":0,"max_hp_loss":0,"event_name":"Golden Wing","floor":13,"gold_loss":0}],"is_beta":false,"boss_relics":[],"items_purged_floors":[7],"is_endless":false,"potions_floor_spawned":[2,5],"killed_by":"Slime Boss","ascension_level":1}