{"gold_per_floor":[112,112,112,125,29,56,71,96,96,106,106,134,145,157,157,236,236,250,175,185,197,217,217,231,257,257,290,290,308,103,115,115,192,192,206,206,219,233,249,249,268,268,293,303,263,163,178,204,204,204,204,204,204,36,64,64],"floor_reached":56,"playtime":2040,"items_purged":["Strike_R","Strike_R","Strike_R"],"score":1950,"play_id":"d2732e57-78f3-4708-9c72-6801c99dae78","local_time":"20190410014704","is_ascension_mode":true,"campfire_choices":[{"data":"Demon Form","floor":11.0,"key":"SMITH"},{"data":"Whirlwind","floor":15.0,"key":"SMITH"},{"data":"Armaments","floor":23.0,"key":"SMITH"},{"data":"Shockwave","floor":28.0,"key":"SMITH"},{"data":"Feel No Pain","floor":32.0,"key":"SMITH"},{"floor":40.0,"key":"REST"},{"floor":42.0,"key":"RECALL"},{"floor":49.0,"key":"REST"},{"data":"Evolve","floor":53.0,"key":"SMITH"}],"neow_cost":"NONE","seed_source_timestamp":629512475145600,"circlet_count":0,"master_deck":["AscendersBane","Defend_R","Defend_R","Defend_R","Defend_R","Bash","Anger","Demon Form+1","Whirlwind+1","Sword Boomerang","Shockwave+1","Fiend Fire","Flame Barrier","Shrug It Off","Evolve+1","Feed","Immolate","Rage","Shrug It Off","Seeing Red","Armaments+1","Sword Boomerang+1","True Grit+1","Feel No Pain+1","Impervious","Ghostly Armor+1","Offering","Reckless Charge"],"special_seed":0,"relics":["Burning Blood","NeowsBlessing","Gremlin Horn","Meat on the Bone","Letter Opener","Pantograph","Art of War","Runic Pyramid","Red Mask","Charon\u0027s Ashes","Du-Vu Doll","Velvet Choker","Omamori","Happy Flower"],"potions_floor_usage":[56],"damage_taken":[{"damage":0.0,"enemies":"Small Slimes","floor":1.0,"turns":1.0},{"damage":0.0,"enemies":"Jaw Worm","floor":4.0,"turns":1.0},{"damage":0.0,"enemies":"Gremlin Nob","floor":6.0,"turns":1.0},{"damage":6.0,"enemies":"Cultist","floor":7.0,"turns":3.0},{"damage":22.0,"enemies":"Lagavulin","floor":8.0,"turns":8.0},{"damage":16.0,"enemies":"Large Slime","floor":10.0,"turns":6.0},{"damage":27.0,"enemies":"3 Sentries","floor":12.0,"turns":7.0},{"damage":11.0,"enemies":"Red Slaver","floor":13.0,"turns":5.0},{"damage":17.0,"enemies":"Blue Slaver","floor":14.0,"turns":6.0},{"damage":36.0,"enemies":"The Guardian","floor":16.0,"turns":14.0},{"damage":0.0,"enemies":"3 Byrds","floor":18.0,"turns":3.0},{"damage":17.0,"enemies":"Shell Parasite","floor":20.0,"turns":4.0},{"damage":5.0,"enemies":"Chosen and Byrds","floor":21.0,"turns":4.0},{"damage":19.0,"enemies":"Centurion and Healer","floor":22.0,"turns":4.0},{"damage":2.0,"enemies":"Snecko","floor":24.0,"turns":3.0},{"damage":0.0,"enemies":"Masked Bandits","floor":25.0,"turns":2.0},{"damage":25.0,"enemies":"Book of Stabbing","floor":27.0,"turns":5.0},{"damage":3.0,"enemies":"Snake Plant","floor":29.0,"turns":4.0},{"damage":6.0,"enemies":"Centurion and Healer","floor":31.0,"turns":3.0},{"damage":0.0,"enemies":"Champ","floor":33.0,"turns":12.0},{"damage":13.0,"enemies":"3 Darklings","floor":35.0,"turns":3.0},{"damage":3.0,"enemies":"Orb Walker","floor":37.0,"turns":5.0},{"damage":24.0,"enemies":"Transient","floor":38.0,"turns":6.0},{"damage":59.0,"enemies":"Writhing Mass","floor":39.0,"turns":6.0},{"damage":0.0,"enemies":"4 Shapes","floor":41.0,"turns":5.0},{"damage":9.0,"enemies":"3 Darklings","floor":44.0,"turns":2.0},{"damage":6.0,"enemies":"Jaw Worm Horde","floor":47.0,"turns":3.0},{"damage":9.0,"enemies":"Nemesis","floor":48.0,"turns":7.0},{"damage":28.0,"enemies":"Awakened One","floor":50.0,"turns":8.0},{"damage":68.0,"enemies":"Donu and Deca","floor":51.0,"turns":11.0},{"damage":36.0,"enemies":"Shield and Spear","floor":55.0,"turns":5.0},{"damage":89,"enemies":"The Heart","floor":56,"turns":6}],"seed_played":"8455572178691443956","potions_obtained":[{"floor":4.0,"key":"Explosive Potion"},{"floor":6.0,"key":"Explosive Potion"},{"floor":13.0,"key":"Swift Potion"},{"floor":18.0,"key":"Weak Potion"},{"floor":25.0,"key":"Dexterity Potion"},{"floor":33.0,"key":"BloodPotion"},{"floor":45.0,"key":"EntropicBrew"}],"is_trial":false,"path_per_floor":["M","?","?","M","$","E","M","E","T","M","R","E","M","M","R","B",null,"M","?","M","M","M","R","M","?","T","E","R","M","$","M","R","B",null,"M","?","M","M","M","R","M","R","T","M","?","$","M","E","R","B","B",null,"R","$","E","B"],"character_chosen":"IRONCLAD","items_purchased":["Sword Boomerang","Shockwave","True Grit","Feel No Pain","Reckless Charge"],"campfire_rested":2,"item_purchase_floors":[5,5,30,30,54],"current_hp_per_floor":[74,69,69,75,75,75,75,59,59,49,49,40,47,48,48,46,70,79,79,68,69,59,59,63,69,69,50,50,56,56,60,60,91,91,84,84,87,69,28,55,61,61,61,58,58,58,58,55,82,69,41,79,79,79,64,0],"gold":64,"neow_bonus":"THREE_ENEMY_KILL","is_prod":false,"is_daily":false,"chose_seed":false,"campfire_upgraded":6,"win_rate":0,"timestamp":1554828424,"path_taken":["M","?","?","M","$","E","M","E","T","?","R","E","M","M","R","BOSS","M","?","?","M","M","R","M","?","T","E","R","M","$","M","R","BOSS","M","?","M","?","M","R","M","R","T","M","?","$","M","E","R","BOSS","BOSS","R","$","E","BOSS"],"build_version":"2019-01-23","purchased_purges":3,"victory":false,"max_hp_per_floor":[75,75,75,75,75,75,75,75,75,75,75,75,75,75,75,78,78,81,81,81,81,84,84,84,84,84,84,84,87,87,91,91,91,91,91,91,91,91,91,91,91,91,91,91,91,91,91,91,91,91,91,91,91,91,94,94],"card_choices":[{"not_picked":["Shrug It Off","Spot Weakness"],"picked":"Anger","floor":1.0},{"not_picked":["Warcry","Rampage"],"picked":"Whirlwind","floor":4.0},{"not_picked":["Fire Breathing","True Grit"],"picked":"Fiend Fire","floor":6.0},{"not_picked":["Clothesline","Dropkick"],"picked":"Flame Barrier","floor":7.0},{"not_picked":["Flex","Clash","Pommel Strike"],"picked":"SKIP","floor":8.0},{"not_picked":["Ghostly Armor","Spot Weakness"],"picked":"Shrug It Off","floor":10.0},{"not_picked":["Rage","Dual Wield"],"picked":"Evolve","floor":12.0},{"not_picked":["Body Slam","Evolve","Sever Soul"],"picked":"SKIP","floor":13.0},{"not_picked":["Iron Wave","Clash"],"picked":"Feed","floor":14.0},{"not_picked":["Berserk","Fiend Fire"],"picked":"Immolate","floor":16.0},{"not_picked":["Heavy Blade","Inflame","Headbutt"],"picked":"SKIP","floor":18.0},{"not_picked":["Cleave","Heavy Blade","Sever Soul"],"picked":"SKIP","floor":20.0},{"not_picked":["Body Slam","Blood for Blood"],"picked":"Seeing Red","floor":21.0},{"not_picked":["Evolve","Headbutt"],"picked":"Armaments","floor":22.0},{"not_picked":["Power Through+1","Disarm","Pummel"],"picked":"SKIP","floor":24.0},{"not_picked":["Headbutt+1","Infernal Blade"],"picked":"Sword Boomerang+1","floor":27.0},{"not_picked":["Warcry","Power Through","Sword Boomerang"],"picked":"SKIP","floor":29.0},{"not_picked":["Whirlwind","Fiend Fire","Anger"],"picked":"SKIP","floor":31.0},{"not_picked":["Bludgeon","Immolate"],"picked":"Impervious","floor":33.0},{"not_picked":["Bloodletting+1","Cleave","True Grit"],"picked":"SKIP","floor":35.0},{"not_picked":["Cleave","Perfected Strike","Sword Boomerang"],"picked":"SKIP","floor":37.0},{"not_picked":["Clash","Rupture","Warcry"],"picked":"SKIP","floor":38.0},{"not_picked":["Power Through","Body Slam"],"picked":"Ghostly Armor+1","floor":39.0},{"not_picked":["Heavy Blade","Bloodletting","Ghostly Armor"],"picked":"SKIP","floor":41.0},{"not_picked":["Clash+1","Havoc+1"],"picked":"Offering","floor":44.0},{"not_picked":["Body Slam","True Grit","Flex"],"picked":"SKIP","floor":47.0},{"not_picked":["Body Slam","Flex","Entrench"],"picked":"SKIP","floor":48.0},{"not_picked":["Perfected Strike+1","Twin Strike","Iron Wave"],"picked":"SKIP","floor":55.0}],"player_experience":4743672,"relics_obtained":[{"floor":6.0,"key":"Meat on the Bone"},{"floor":8.0,"key":"Letter Opener"},{"floor":9.0,"key":"Pantograph"},{"floor":12.0,"key":"Art of War"},{"floor":25.0,"key":"Red Mask"},{"floor":26.0,"key":"Charon\u0027s Ashes"},{"floor":27.0,"key":"Du-Vu Doll"},{"floor":48.0,"key":"Omamori"},{"floor":55.0,"key":"Happy Flower"}],"event_choices":[{"damage_healed":0.0,"max_hp_gain":0.0,"max_hp_loss":0.0,"gold_gain":0.0,"event_name":"Scrap Ooze","player_choice":"Success","floor":2.0,"gold_loss":0.0,"damage_taken":5.0,"relics_obtained":["Gremlin Horn"]},{"damage_healed":0.0,"max_hp_gain":0.0,"max_hp_loss":0.0,"gold_gain":0.0,"event_name":"Match and Keep!","player_choice":"1 cards matched","floor":3.0,"gold_loss":0.0,"damage_taken":0.0,"cards_obtained":["Demon Form"]},{"damage_healed":0.0,"max_hp_gain":0.0,"max_hp_loss":0.0,"gold_gain":0.0,"cards_transformed":["Strike_R","Strike_R"],"event_name":"Designer","player_choice":"Transformed Cards","floor":19.0,"gold_loss":75.0,"damage_taken":0.0,"cards_obtained":["Rage","Shrug It Off"]},{"damage_healed":0.0,"max_hp_gain":0.0,"max_hp_loss":0.0,"gold_gain":0.0,"event_name":"Masked Bandits","player_choice":"Fought Bandits","floor":25.0,"gold_loss":0.0,"damage_taken":0.0},{"damage_healed":0.0,"max_hp_gain":0.0,"max_hp_loss":0.0,"gold_gain":0.0,"event_name":"Upgrade Shrine","player_choice":"Upgraded","floor":36.0,"gold_loss":0.0,"damage_taken":0.0,"cards_upgraded":["True Grit"]},{"damage_healed":0.0,"max_hp_gain":0.0,"max_hp_loss":0.0,"gold_gain":0.0,"event_name":"The Woman in Blue","player_choice":"Bought 3 Potions","floor":45.0,"gold_loss":0.0,"damage_taken":0.0}],"is_beta":false,"boss_relics":[{"not_picked":["Eternal Feather","Coffee Dripper"],"picked":"Runic Pyramid"},{"not_picked":["Empty Cage","Pandora\u0027s Box"],"picked":"Velvet Choker"}],"items_purged_floors":[30,46,54],"is_endless":false,"potions_floor_spawned":[4,6,7,10,13,14,18,21,25,33,37,38,41,48],"killed_by":"The Heart","ascension_level":20}