{"gold_per_floor":[111,35,45,63,77,77,89,102,102,117,117,133,153,170,170,249,249,249,249,249,249,249,249,249,249,249,249,249,249,249,249,249,249,249,249,249,249,3,3,3,3,3,3,3,3,3,3,3,3,3],"floor_reached":50,"playtime":1968,"items_purged":[],"score":1595,"play_id":"f456b97a-5d98-4d1b-80ee-b720ca293f60","local_time":"20190716221042","is_ascension_mode":true,"campfire_choices":[{"data":"Bash","floor":6,"key":"SMITH"},{"data":"Shrug It Off","floor":15,"key":"SMITH"},{"data":"Offering","floor":24,"key":"SMITH"},{"data":"Berserk","floor":32,"key":"SMITH"},{"data":"Madness","floor":40,"key":"SMITH"},{"data":"Madness","floor":42,"key":"SMITH"},{"floor":49,"key":"REST"}],"neow_cost":"","seed_source_timestamp":2188263696053238,"circlet_count":0,"master_deck":["AscendersBane","Strike_R+1","Strike_R+1","Strike_R+1","Strike_R+1","Strike_R+1","Defend_R+1","Defend_R+1","Defend_R+1","Defend_R+1","Bash+1","Thunderclap+1","Clothesline+1","Shrug It Off+1","Sword Boomerang+1","Perfected Strike+1","Offering+1","Wild Strike+1","Twin Strike+1","Pommel Strike+1","Wild Strike+1","Cleave+1","Perfected Strike+1","Wild Strike+1","Iron Wave+1","Offering","Shrug It Off+1","Ghostly Armor","Pommel Strike+1","Reaper+1","Battle Trance","Power Through","Perfected Strike+1","Berserk+1","Twin Strike+1","Shrug It Off","Impervious","Iron Wave+1","Dramatic Entrance+1","The Bomb","Metamorphosis","Dual Wield","Shrug It Off","Madness+1","Madness+1","Armaments+1","Reckless Charge+1","Twin Strike+1","Power Through+1","Seeing Red+1","Shockwave+1","Perfected Strike+1","True Grit+1","Sentinel+1"],"relics":["Burning Blood","Molten Egg 2","Peace Pipe","Prayer Wheel","Medical Kit","FossilizedHelix","Mercury Hourglass","The Courier","Ectoplasm","Paper Frog","Bag of Preparation","Pen Nib","Red Mask","Mark of Pain","Bag of Marbles","Question Card","Toxic Egg 2"],"potions_floor_usage":[4,48,50],"damage_taken":[{"damage":13,"enemies":"2 Louse","floor":1,"turns":4},{"damage":0,"enemies":"Cultist","floor":3,"turns":3},{"damage":0,"enemies":"Small Slimes","floor":4,"turns":2},{"damage":0,"enemies":"Red Slaver","floor":5,"turns":2},{"damage":0,"enemies":"2 Fungi Beasts","floor":7,"turns":2},{"damage":8,"enemies":"3 Louse","floor":8,"turns":2},{"damage":0,"enemies":"Large Slime","floor":10,"turns":3},{"damage":0,"enemies":"Lots of Slimes","floor":12,"turns":2},{"damage":0,"enemies":"3 Louse","floor":13,"turns":2},{"damage":0,"enemies":"Looter","floor":14,"turns":1},{"damage":0,"enemies":"Slime Boss","floor":16,"turns":4},{"damage":0,"enemies":"Shell Parasite","floor":18,"turns":2},{"damage":0,"enemies":"Spheric Guardian","floor":21,"turns":1},{"damage":0,"enemies":"Snecko","floor":22,"turns":2},{"damage":0,"enemies":"Gremlin Leader","floor":23,"turns":5},{"damage":0,"enemies":"Book of Stabbing","floor":25,"turns":3},{"damage":6,"enemies":"Snake Plant","floor":28,"turns":1},{"damage":6,"enemies":"Masked Bandits","floor":29,"turns":2},{"damage":0,"enemies":"Shelled Parasite and Fungi","floor":31,"turns":2},{"damage":45,"enemies":"Champ","floor":33,"turns":7},{"damage":0,"enemies":"Orb Walker","floor":35,"turns":2},{"damage":0,"enemies":"3 Shapes","floor":36,"turns":3},{"damage":18,"enemies":"Spire Growth","floor":41,"turns":3},{"damage":66,"enemies":"Giant Head","floor":44,"turns":6},{"damage":6,"enemies":"4 Shapes","floor":46,"turns":4},{"damage":0,"enemies":"Sphere and 2 Shapes","floor":47,"turns":7},{"damage":37,"enemies":"Writhing Mass","floor":48,"turns":6},{"damage":114,"enemies":"Time Eater","floor":50,"turns":8}],"seed_played":"-3245078845650133536","potions_obtained":[{"floor":1,"key":"SmokeBomb"},{"floor":4,"key":"Fruit Juice"},{"floor":7,"key":"Weak Potion"},{"floor":12,"key":"Regen Potion"},{"floor":29,"key":"Regen Potion"}],"is_trial":false,"path_per_floor":["M","?","M","M","M","R","M","M","T","M","$","M","M","M","R","B",null,"M","?","$","M","M","E","R","E","T","?","M","?","?","M","R","B",null,"M","M","?","$","?","R","M","R","T","E","?","M","M","M","R","B"],"character_chosen":"IRONCLAD","items_purchased":["Molten Egg 2","Thunderclap+1","Prayer Wheel","Medical Kit","Clothesline+1","Bag of Marbles","Dual Wield","Shrug It Off"],"campfire_rested":1,"item_purchase_floors":[0,0,0,0,0,38,38,38],"current_hp_per_floor":[14,14,20,31,37,37,43,41,41,47,47,53,59,65,65,71,78,80,80,80,80,80,80,80,80,80,80,80,80,80,80,80,41,70,76,80,70,70,56,56,61,61,61,7,7,58,69,50,74,0],"gold":3,"neow_bonus":"","is_prod":false,"is_daily":false,"chose_seed":false,"campfire_upgraded":6,"win_rate":0,"timestamp":1563307842,"path_taken":["M","?","M","M","M","R","?","M","T","M","$","M","M","M","R","BOSS","M","?","$","M","?","E","R","E","T","?","M","?","?","M","R","BOSS","M","?","?","$","?","R","M","R","T","E","?","?","M","M","R","BOSS"],"build_version":"2019-07-05","purchased_purges":0,"victory":false,"max_hp_per_floor":[75,75,75,80,80,80,80,80,80,80,80,80,80,80,80,80,80,80,80,80,80,80,80,80,80,80,80,80,80,80,80,80,80,80,80,80,80,80,80,80,80,80,80,80,80,80,80,80,80,80],"card_choices":[{"not_picked":["Wild Strike+1","Hemokinesis+1"],"picked":"Shrug It Off","floor":1},{"not_picked":["Havoc","Feel No Pain"],"picked":"Sword Boomerang+1","floor":1},{"not_picked":["Thunderclap+1","Metallicize"],"picked":"Perfected Strike+1","floor":3},{"not_picked":["Dual Wield","True Grit"],"picked":"Offering","floor":3},{"not_picked":["Cleave+1","Thunderclap+1"],"picked":"Wild Strike+1","floor":4},{"not_picked":["True Grit","Hemokinesis+1","Sever Soul+1"],"picked":"SKIP","floor":4},{"not_picked":["Sword Boomerang+1","Rampage+1"],"picked":"Twin Strike+1","floor":5},{"not_picked":["Body Slam+1","Flex","Heavy Blade+1"],"picked":"SKIP","floor":5},{"not_picked":["Armaments","Pummel+1"],"picked":"Pommel Strike+1","floor":7},{"not_picked":["Blood for Blood+1","Armaments"],"picked":"Wild Strike+1","floor":7},{"not_picked":["Sentinel","Intimidate"],"picked":"Cleave+1","floor":8},{"not_picked":["Dark Embrace","Burning Pact","Anger+1"],"picked":"SKIP","floor":8},{"not_picked":["Corruption","Sword Boomerang+1"],"picked":"Perfected Strike+1","floor":10},{"not_picked":["Bloodletting","Clothesline+1","Body Slam+1"],"picked":"SKIP","floor":10},{"not_picked":["Headbutt+1","Feel No Pain"],"picked":"Wild Strike+1","floor":12},{"not_picked":["Feel No Pain","Uppercut+1"],"picked":"Iron Wave+1","floor":12},{"not_picked":["Uppercut+1","Twin Strike+1"],"picked":"Offering","floor":13},{"not_picked":["Seeing Red","Fire Breathing"],"picked":"Shrug It Off","floor":13},{"not_picked":["Bloodletting","Headbutt+1"],"picked":"Ghostly Armor","floor":14},{"not_picked":["Anger+1","Heavy Blade+1"],"picked":"Pommel Strike+1","floor":14},{"not_picked":["Limit Break","Juggernaut"],"picked":"Reaper+1","floor":16},{"not_picked":["Anger+1","Armaments","Sword Boomerang+1"],"picked":"SKIP","floor":18},{"not_picked":["Cleave+1","True Grit","Rupture"],"picked":"SKIP","floor":18},{"not_picked":["Anger+1","Armaments","Sword Boomerang+1"],"picked":"SKIP","floor":18},{"not_picked":["Cleave+1","True Grit","Rupture"],"picked":"SKIP","floor":18},{"not_picked":["Hemokinesis+1","Pummel+1","Armaments"],"picked":"SKIP","floor":21},{"not_picked":["Dropkick+1","Clothesline+1","Heavy Blade+1"],"picked":"SKIP","floor":21},{"not_picked":["Sword Boomerang+1","Havoc"],"picked":"Battle Trance","floor":22},{"not_picked":["Warcry","Dropkick+1","Anger+1"],"picked":"SKIP","floor":22},{"not_picked":["Headbutt+1","Sword Boomerang+1","Heavy Blade+1"],"picked":"SKIP","floor":23},{"not_picked":["Clothesline+1","Armaments"],"picked":"Power Through","floor":25},{"not_picked":["Cleave+1","Anger+1"],"picked":"Perfected Strike+1","floor":28},{"not_picked":["Sever Soul+1","Cleave+1"],"picked":"Berserk","floor":28},{"not_picked":["Heavy Blade+1","Anger+1"],"picked":"Twin Strike+1","floor":31},{"not_picked":["Heavy Blade+1","Body Slam+1"],"picked":"Shrug It Off","floor":31},{"not_picked":["Berserk","Fiend Fire+1"],"picked":"Impervious","floor":33},{"not_picked":["Sword Boomerang+1","Thunderclap+1"],"picked":"Iron Wave+1","floor":35},{"not_picked":["Ghostly Armor","Metallicize","Second Wind"],"picked":"SKIP","floor":35},{"not_picked":["Iron Wave+1","Anger+1","Inflame+1"],"picked":"SKIP","floor":36},{"not_picked":["Anger+1","Dropkick+1","Cleave+1"],"picked":"SKIP","floor":36},{"not_picked":["Discovery","Swift Strike+1"],"picked":"Dramatic Entrance+1","floor":37},{"not_picked":["Swift Strike+1","Flash of Steel+1"],"picked":"The Bomb","floor":37},{"not_picked":["Swift Strike+1","Good Instincts"],"picked":"Metamorphosis","floor":37},{"not_picked":["Wild Strike+1","Anger+1"],"picked":"Armaments+1","floor":41},{"not_picked":["Warcry","Clothesline+1"],"picked":"Reckless Charge+1","floor":41},{"not_picked":["Warcry","Sword Boomerang+1","Berserk"],"picked":"Twin Strike+1","floor":44},{"not_picked":["True Grit+1","Combust+1","Flex+1"],"picked":"Power Through+1","floor":46},{"not_picked":["Iron Wave+1","Body Slam+1","Dual Wield+1"],"picked":"Seeing Red+1","floor":46},{"not_picked":["True Grit+1","Dark Embrace","Shrug It Off+1"],"picked":"Shockwave+1","floor":47},{"not_picked":["Carnage+1","Second Wind+1","Clash+1"],"picked":"Perfected Strike+1","floor":47},{"not_picked":["Flex+1","Clash+1","Iron Wave+1"],"picked":"True Grit+1","floor":48},{"not_picked":["Second Wind+1","Havoc+1","Pommel Strike+1"],"picked":"Sentinel+1","floor":48}],"player_experience":447521,"relics_obtained":[{"floor":9,"key":"The Courier"},{"floor":23,"key":"Paper Frog"},{"floor":25,"key":"Bag of Preparation"},{"floor":26,"key":"Pen Nib"},{"floor":29,"key":"Red Mask"},{"floor":43,"key":"Question Card"},{"floor":44,"key":"Toxic Egg 2"}],"event_choices":[{"damage_healed":0,"gold_gain":0,"player_choice":"Paid Gold","damage_taken":0,"relics_obtained":["Mercury Hourglass"],"max_hp_gain":0,"max_hp_loss":0,"event_name":"WeMeetAgain","floor":2,"gold_loss":76},{"damage_healed":0,"gold_gain":0,"player_choice":"Upgraded","damage_taken":0,"max_hp_gain":0,"max_hp_loss":0,"event_name":"Upgrade Shrine","floor":19,"gold_loss":0,"cards_upgraded":["Shrug It Off"]},{"damage_healed":0,"gold_gain":0,"player_choice":"Simplicity","damage_taken":0,"max_hp_gain":0,"max_hp_loss":0,"event_name":"Back to Basics","floor":27,"gold_loss":0,"cards_upgraded":["Strike_R","Strike_R","Strike_R","Strike_R","Strike_R","Defend_R","Defend_R","Defend_R","Defend_R"]},{"damage_healed":0,"gold_gain":0,"player_choice":"Fought Bandits","damage_taken":0,"max_hp_gain":0,"max_hp_loss":0,"event_name":"Masked Bandits","floor":29,"gold_loss":0},{"damage_healed":0,"gold_gain":0,"player_choice":"Ignored","damage_taken":0,"max_hp_gain":0,"max_hp_loss":0,"event_name":"Purifier","floor":30,"gold_loss":0},{"damage_healed":0,"gold_gain":0,"player_choice":"Memory 3","damage_taken":10,"max_hp_gain":0,"max_hp_loss":0,"event_name":"SensoryStone","floor":37,"gold_loss":0},{"damage_healed":0,"gold_gain":0,"player_choice":"Embrace Madness","damage_taken":14,"max_hp_gain":0,"max_hp_loss":0,"event_name":"Winding Halls","floor":39,"gold_loss":0,"cards_obtained":["Madness","Madness"]},{"damage_healed":0,"gold_gain":0,"player_choice":"Ignored","damage_taken":0,"max_hp_gain":0,"max_hp_loss":0,"event_name":"Purifier","floor":45,"gold_loss":0}],"is_beta":false,"boss_relics":[{"not_picked":["Calling Bell","Orrery"],"picked":"Ectoplasm"},{"not_picked":["Cursed Key","Empty Cage"],"picked":"Mark of Pain"}],"items_purged_floors":[],"is_endless":false,"potions_floor_spawned":[1,4,7,12,14,16,18,21,25,28,29,36,41,44,46],"killed_by":"Time Eater","ascension_level":18}