{"gold_per_floor":[20,20,34,34,52,52,87,162,162,178,192,192,224,243,243,338,338,355,355,370,388,408,408],"floor_reached":23,"playtime":1589,"items_purged":[],"score":205,"play_id":"09f82b2f-4164-4e37-917b-cea08ef294e7","local_time":"20190714124830","is_ascension_mode":false,"campfire_choices":[{"data":"Go for the Eyes","floor":6.0,"key":"SMITH"},{"floor":12.0,"key":"REST"},{"floor":15.0,"key":"REST"}],"neow_cost":"NO_GOLD","seed_source_timestamp":0,"circlet_count":0,"master_deck":["Strike_B","Strike_B","Strike_B","Defend_B","Defend_B","Zap","Dualcast+1","Static Discharge+1","Blizzard","Lockon","Go for the Eyes+1","Rainbow","Stack","Auto Shields","Capacitor","Genetic Algorithm","Biased Cognition+1","Lockon","Ball Lightning","Beam Cell","Genetic Algorithm"],"special_seed":0,"relics":["Cracked Core","Bottled Tornado","Nunchaku","Bottled Flame","Nuclear Battery"],"potions_floor_usage":[23],"damage_taken":[{"damage":0.0,"enemies":"2 Louse","floor":1.0,"turns":2.0},{"damage":0.0,"enemies":"Small Slimes","floor":3.0,"turns":3.0},{"damage":6.0,"enemies":"Jaw Worm","floor":5.0,"turns":2.0},{"damage":17.0,"enemies":"Lagavulin","floor":7.0,"turns":4.0},{"damage":7.0,"enemies":"Red Slaver","floor":10.0,"turns":2.0},{"damage":13.0,"enemies":"Lots of Slimes","floor":11.0,"turns":2.0},{"damage":11.0,"enemies":"3 Sentries","floor":13.0,"turns":5.0},{"damage":7.0,"enemies":"Exordium Thugs","floor":14.0,"turns":4.0},{"damage":9.0,"enemies":"Hexaghost","floor":16.0,"turns":8.0},{"damage":5,"enemies":"Chosen","floor":18,"turns":4},{"damage":7,"enemies":"2 Thieves","floor":20,"turns":4},{"damage":20,"enemies":"3 Cultists","floor":21,"turns":4},{"damage":21,"enemies":"Snake Plant","floor":22,"turns":3},{"damage":26,"enemies":"Gremlin Leader","floor":23,"turns":2}],"seed_played":"7150563648392164562","potions_obtained":[{"floor":1.0,"key":"EssenceOfSteel"},{"floor":5.0,"key":"FearPotion"},{"floor":7.0,"key":"Regen Potion"},{"floor":11.0,"key":"Strength Potion"},{"floor":20,"key":"FocusPotion"}],"is_trial":false,"path_per_floor":["M","?","M","?","M","R","E","?","T","M","M","R","E","M","R","B",null,"M","?","M","M","M","E"],"character_chosen":"DEFECT","items_purchased":[],"campfire_rested":2,"item_purchase_floors":[],"current_hp_per_floor":[75,75,75,60,54,54,37,26,26,19,11,33,22,15,37,28,75,70,70,63,43,22,0],"gold":408,"neow_bonus":"REMOVE_TWO","is_prod":false,"is_daily":false,"chose_seed":false,"campfire_upgraded":1,"win_rate":0.0,"timestamp":1563126510,"path_taken":["M","?","M","?","M","R","E","?","T","M","M","R","E","M","R","BOSS","M","?","M","?","?","E"],"build_version":"2019-07-05","purchased_purges":0,"victory":false,"max_hp_per_floor":[75,75,75,75,75,75,75,75,75,75,75,75,75,75,75,75,75,75,75,75,75,75,75],"card_choices":[{"not_picked":["Gash","Leap"],"picked":"Static Discharge","floor":1.0},{"not_picked":["Barrage","Melter"],"picked":"Lockon","floor":3.0},{"not_picked":["Compile Driver","Skim"],"picked":"Go for the Eyes","floor":5.0},{"not_picked":["Leap","Coolheaded"],"picked":"Rainbow","floor":7.0},{"not_picked":["Conserve Battery","Beam Cell"],"picked":"Stack","floor":10.0},{"not_picked":["Sweeping Beam","Glacier"],"picked":"Auto Shields","floor":11.0},{"not_picked":["Auto Shields","Rainbow"],"picked":"Capacitor","floor":13.0},{"not_picked":["Rebound","Ball Lightning"],"picked":"Genetic Algorithm","floor":14.0},{"not_picked":["Thunder Strike","Multi-Cast"],"picked":"Biased Cognition","floor":16.0},{"not_picked":["BootSequence","Genetic Algorithm+1"],"picked":"Lockon","floor":18},{"not_picked":["Coolheaded+1","Gash"],"picked":"Ball Lightning","floor":20},{"not_picked":["Sweeping Beam","Streamline+1"],"picked":"Beam Cell","floor":21},{"not_picked":["Chaos","Go for the Eyes+1"],"picked":"Genetic Algorithm","floor":22}],"player_experience":36537,"relics_obtained":[{"floor":7.0,"key":"Bottled Tornado"},{"floor":9.0,"key":"Nunchaku"},{"floor":13.0,"key":"Bottled Flame"}],"event_choices":[{"damage_healed":0.0,"max_hp_gain":0.0,"max_hp_loss":0.0,"gold_gain":0.0,"cards_transformed":["Defend_B"],"event_name":"Living Wall","player_choice":"Change","floor":2.0,"gold_loss":0.0,"damage_taken":0.0,"cards_obtained":["Blizzard"]},{"damage_healed":0.0,"max_hp_gain":0.0,"max_hp_loss":0.0,"gold_gain":0.0,"event_name":"Shining Light","player_choice":"Entered Light","floor":4.0,"gold_loss":0.0,"damage_taken":15.0,"cards_upgraded":["Dualcast","Static Discharge"]},{"damage_healed":0.0,"max_hp_gain":0.0,"max_hp_loss":0.0,"gold_gain":75.0,"event_name":"World of Goop","player_choice":"Gather Gold","floor":8.0,"gold_loss":0.0,"damage_taken":11.0},{"damage_healed":0,"gold_gain":0,"player_choice":"Upgraded","damage_taken":0,"max_hp_gain":0,"max_hp_loss":0,"event_name":"Upgrade Shrine","floor":19,"gold_loss":0,"cards_upgraded":["Biased Cognition"]}],"is_beta":false,"boss_relics":[{"not_picked":["Fusion Hammer","FrozenCore"],"picked":"Nuclear Battery"}],"items_purged_floors":[],"is_endless":false,"potions_floor_spawned":[1,5,7,11,20],"killed_by":"Gremlin Leader","ascension_level":0}