{"gold_per_floor":[114,126,142,142,53,53,85,85,85,104,135,154,204,214,214,293,293,306,306,320,320,333,333,333,248,248,268,28,44,44,54,54,128,128,147,161,176,176,194,194,194,194,194,207,207],"floor_reached":45,"playtime":1766,"items_purged":["Envenom"],"score":908,"play_id":"830558c7-ff98-4886-9975-370a1e17ebbf","local_time":"20190419015531","is_ascension_mode":true,"campfire_choices":[{"data":"Noxious Fumes","floor":6.0,"key":"SMITH"},{"floor":8.0,"key":"REST"},{"floor":15.0,"key":"REST"},{"floor":23.0,"key":"REST"},{"floor":32.0,"key":"REST"},{"data":"Prepared","floor":40,"key":"SMITH"},{"data":"Expertise","floor":42,"key":"SMITH"}],"neow_cost":"TEN_PERCENT_HP_LOSS","seed_source_timestamp":177818364540600,"circlet_count":0,"master_deck":["AscendersBane","Survivor","Neutralize","Escape Plan","Dash+1","Noxious Fumes+1","Glass Knife","Dagger Spray","PiercingWail","Die Die Die","Doppelganger","Phantasmal Killer","Concentrate+1","Poisoned Stab","Dagger Throw","Leg Sweep","Terror","Blur","Poisoned Stab","Backflip","A Thousand Cuts","Expertise+1","Backflip","Grand Finale","Well Laid Plans","Acrobatics","Adrenaline","Prepared+1"],"special_seed":0,"relics":["Ring of the Snake","Torii","Turnip","Pen Nib","Pandora\u0027s Box","Centennial Puzzle","Blood Vial","Bottled Tornado","Sozu","Mummified Hand"],"potions_floor_usage":[],"damage_taken":[{"damage":7.0,"enemies":"Small Slimes","floor":1.0,"turns":4.0},{"damage":1.0,"enemies":"2 Louse","floor":2.0,"turns":4.0},{"damage":1.0,"enemies":"Cultist","floor":3.0,"turns":4.0},{"damage":18.0,"enemies":"Lagavulin","floor":7.0,"turns":7.0},{"damage":8.0,"enemies":"Blue Slaver","floor":10.0,"turns":4.0},{"damage":18.0,"enemies":"Gremlin Nob","floor":11.0,"turns":4.0},{"damage":0.0,"enemies":"2 Fungi Beasts","floor":12.0,"turns":2.0},{"damage":2.0,"enemies":"Exordium Thugs","floor":14.0,"turns":4.0},{"damage":21.0,"enemies":"The Guardian","floor":16.0,"turns":12.0},{"damage":9.0,"enemies":"Spheric Guardian","floor":18.0,"turns":4.0},{"damage":6.0,"enemies":"2 Thieves","floor":20.0,"turns":5.0},{"damage":31.0,"enemies":"Snecko","floor":22.0,"turns":7.0},{"damage":1.0,"enemies":"Centurion and Healer","floor":27.0,"turns":5.0},{"damage":11.0,"enemies":"Sentry and Sphere","floor":29.0,"turns":3.0},{"damage":13.0,"enemies":"Snake Plant","floor":31.0,"turns":5.0},{"damage":21.0,"enemies":"Automaton","floor":33.0,"turns":7.0},{"damage":0.0,"enemies":"3 Darklings","floor":35.0,"turns":2.0},{"damage":0.0,"enemies":"3 Shapes","floor":36.0,"turns":3.0},{"damage":10,"enemies":"Transient","floor":37,"turns":6},{"damage":10,"enemies":"Writhing Mass","floor":39,"turns":6},{"damage":7,"enemies":"Maw","floor":44,"turns":5},{"damage":38,"enemies":"Nemesis","floor":45,"turns":5}],"seed_played":"3340712474592190796","potions_obtained":[{"floor":1.0,"key":"LiquidBronze"},{"floor":3.0,"key":"Poison Potion"},{"floor":12.0,"key":"SkillPotion"},{"floor":16.0,"key":"FairyPotion"},{"floor":18.0,"key":"Block Potion"},{"floor":20.0,"key":"Poison Potion"},{"floor":31.0,"key":"PowerPotion"}],"is_trial":false,"path_per_floor":["M","M","M","?","$","R","E","R","T","M","E","M","?","M","R","B",null,"M","?","M","?","M","R","T","?","T","M","$","M","$","M","R","B",null,"M","M","M","?","M","R","?","R","T","M","E"],"character_chosen":"THE_SILENT","items_purchased":["Noxious Fumes","Grand Finale","Well Laid Plans"],"campfire_rested":4,"item_purchase_floors":[5,28,28],"current_hp_per_floor":[52,51,50,32,32,32,14,32,32,24,6,6,6,4,22,1,45,36,36,30,42,11,29,29,29,29,30,30,21,21,10,28,9,47,49,51,43,43,35,35,35,35,35,30,0],"gold":207,"neow_bonus":"ONE_RARE_RELIC","is_prod":false,"is_daily":false,"chose_seed":false,"campfire_upgraded":3,"win_rate":0,"timestamp":1555606531,"path_taken":["M","M","M","?","$","R","E","R","T","M","E","M","?","?","R","BOSS","M","?","M","?","?","R","?","?","T","M","$","M","?","M","R","BOSS","M","?","M","?","?","R","?","R","T","?","E"],"build_version":"2019-01-23","purchased_purges":1,"victory":false,"max_hp_per_floor":[60,60,60,60,60,60,60,60,60,60,60,60,60,60,60,60,60,60,60,60,60,60,60,60,60,60,60,60,60,60,60,60,60,60,60,60,60,60,60,60,60,60,60,60,60],"card_choices":[{"not_picked":["Quick Slash","Endless Agony"],"picked":"Escape Plan","floor":1.0},{"not_picked":["Finisher","Tactician"],"picked":"Dash","floor":2.0},{"not_picked":["Blade Dance","Distraction"],"picked":"Flechettes","floor":3.0},{"not_picked":["Blade Dance","Eviscerate"],"picked":"Glass Knife","floor":7.0},{"not_picked":["Heel Hook","Bane"],"picked":"Dagger Spray","floor":10.0},{"not_picked":["After Image","Riddle With Holes","Bane"],"picked":"SKIP","floor":11.0},{"not_picked":["Flying Knee","Eviscerate","Slice"],"picked":"SKIP","floor":12.0},{"not_picked":["Burst","Outmaneuver"],"picked":"PiercingWail","floor":14.0},{"not_picked":["Burst","Adrenaline"],"picked":"Die Die Die","floor":16.0},{"not_picked":["Riddle With Holes","Outmaneuver"],"picked":"Backflip","floor":18.0},{"not_picked":["Masterful Stab","Choke+1"],"picked":"Expertise","floor":20.0},{"not_picked":["Underhanded Strike","Flying Knee","Deflect"],"picked":"SKIP","floor":22.0},{"not_picked":["Underhanded Strike","Backflip","Bouncing Flask"],"picked":"SKIP","floor":27.0},{"not_picked":["Underhanded Strike","Bouncing Flask"],"picked":"Backflip","floor":27.0},{"not_picked":["Blade Dance+1","Underhanded Strike","Leg Sweep"],"picked":"SKIP","floor":29.0},{"not_picked":["Flying Knee","Dodge and Roll"],"picked":"Acrobatics","floor":31.0},{"not_picked":["Envenom","Die Die Die"],"picked":"Adrenaline","floor":33.0},{"not_picked":["Crippling Poison","Dagger Throw+1","Accuracy"],"picked":"SKIP","floor":35.0},{"not_picked":["Bane+1","Dagger Spray+1","Distraction"],"picked":"SKIP","floor":36},{"not_picked":["Accuracy","Bane+1","Tools of the Trade"],"picked":"SKIP","floor":37},{"not_picked":["Dagger Throw","Masterful Stab"],"picked":"Prepared","floor":39},{"not_picked":["Flying Knee","Distraction","Blade Dance"],"picked":"SKIP","floor":44}],"player_experience":4837635,"relics_obtained":[{"floor":7.0,"key":"Turnip"},{"floor":11.0,"key":"Pen Nib"},{"floor":24.0,"key":"Centennial Puzzle"},{"floor":26.0,"key":"Bottled Tornado"},{"floor":43,"key":"Mummified Hand"}],"event_choices":[{"damage_healed":0.0,"max_hp_gain":0.0,"max_hp_loss":0.0,"gold_gain":0.0,"event_name":"Shining Light","player_choice":"Entered Light","floor":4.0,"gold_loss":0.0,"damage_taken":18.0,"cards_upgraded":["Dash","Strike_G"]},{"damage_healed":0.0,"max_hp_gain":0.0,"max_hp_loss":0.0,"gold_gain":50.0,"event_name":"Golden Shrine","player_choice":"Pray","floor":13.0,"gold_loss":0.0,"damage_taken":0.0},{"damage_healed":0.0,"max_hp_gain":0.0,"max_hp_loss":0.0,"gold_gain":0.0,"cards_transformed":["Flechettes","Caltrops"],"event_name":"Drug Dealer","player_choice":"Became Test Subject","floor":19.0,"gold_loss":0.0,"damage_taken":0.0,"cards_obtained":["A Thousand Cuts","Envenom"]},{"damage_healed":12.0,"max_hp_gain":0.0,"max_hp_loss":0.0,"gold_gain":0.0,"event_name":"The Library","player_choice":"Heal","floor":21.0,"gold_loss":0.0,"damage_taken":0.0},{"damage_healed":0.0,"max_hp_gain":0.0,"max_hp_loss":0.0,"gold_gain":0.0,"event_name":"Addict","player_choice":"Obtained Relic","floor":25.0,"gold_loss":85.0,"damage_taken":0.0,"relics_obtained":["Blood Vial"]},{"damage_healed":0,"gold_gain":0,"player_choice":"Forge","damage_taken":0,"max_hp_gain":0,"max_hp_loss":0,"event_name":"Accursed Blacksmith","floor":38,"gold_loss":0,"cards_upgraded":["Concentrate"]},{"damage_healed":0,"gold_gain":0,"player_choice":"Got Potions","damage_taken":0,"max_hp_gain":0,"max_hp_loss":0,"event_name":"Lab","floor":41,"gold_loss":0}],"is_beta":false,"boss_relics":[{"not_picked":["Busted Crown","Runic Dome"],"picked":"Pandora\u0027s Box"},{"not_picked":["Lizard Tail","HoveringKite"],"picked":"Sozu"}],"items_purged_floors":[28],"is_endless":false,"potions_floor_spawned":[1,3,12,16,18,20,22,31,35,39],"killed_by":"Nemesis","ascension_level":20}