{"gold_per_floor":[118,118,193,41,54,54,86,86,86,117,135,135],"floor_reached":12,"playtime":433,"items_purged":[],"score":90,"play_id":"d72b1e88-778f-481d-8841-33ee8184a187","local_time":"20190720105756","is_ascension_mode":true,"campfire_choices":[{"floor":6,"key":"RECALL"},{"data":"Ball Lightning","floor":8,"key":"SMITH"}],"neow_cost":"NONE","seed_source_timestamp":838749869859500,"circlet_count":0,"master_deck":["Strike_B","Strike_B","Strike_B","Strike_B","Defend_B","Defend_B","Defend_B","Zap","Dualcast","Ball Lightning+1","Darkness","Streamline","Thunder Strike","Auto Shields"],"relics":["Cracked Core","Oddly Smooth Stone","Cables","Lantern"],"potions_floor_usage":[10],"damage_taken":[{"damage":0,"enemies":"Small Slimes","floor":1,"turns":3},{"damage":1,"enemies":"Jaw Worm","floor":5,"turns":3},{"damage":24,"enemies":"Lagavulin","floor":7,"turns":5},{"damage":18,"enemies":"3 Sentries","floor":10,"turns":4},{"damage":0,"enemies":"Cultist","floor":11,"turns":2},{"damage":24,"enemies":"Gremlin Nob","floor":12,"turns":3}],"seed_played":"-4848829138891527555","potions_obtained":[{"floor":7,"key":"Fire Potion"}],"is_trial":false,"path_per_floor":["M","?","?","$","M","R","E","R","T","E","M","E"],"character_chosen":"DEFECT","items_purchased":["Oddly Smooth Stone"],"campfire_rested":0,"item_purchase_floors":[4],"current_hp_per_floor":[82,75,64,64,63,63,39,39,39,21,21,0],"gold":135,"neow_bonus":"TEN_PERCENT_HP_BONUS","is_prod":false,"is_daily":false,"chose_seed":false,"campfire_upgraded":1,"win_rate":0,"timestamp":1563638276,"path_taken":["M","?","?","$","?","R","E","R","T","E","M","E"],"build_version":"2019-07-17","purchased_purges":0,"victory":false,"max_hp_per_floor":[82,82,82,82,82,82,82,82,82,82,82,82],"card_choices":[{"not_picked":["Coolheaded","Cold Snap"],"picked":"Ball Lightning","floor":1},{"not_picked":["Leap","Sweeping Beam"],"picked":"Darkness","floor":5},{"not_picked":["Hologram","Go for the Eyes"],"picked":"Streamline","floor":7},{"not_picked":["Tempest","Turbo"],"picked":"Thunder Strike","floor":10},{"not_picked":["Beam Cell","Scrape"],"picked":"Auto Shields","floor":11}],"player_experience":103823,"relics_obtained":[{"floor":7,"key":"Cables"},{"floor":10,"key":"Lantern"}],"event_choices":[{"cards_removed":["Defend_B"],"damage_healed":0,"gold_gain":0,"player_choice":"Card Removal","damage_taken":7,"max_hp_gain":0,"max_hp_loss":0,"event_name":"Golden Wing","floor":2,"gold_loss":0},{"damage_healed":0,"gold_gain":75,"player_choice":"Gather Gold","damage_taken":11,"max_hp_gain":0,"max_hp_loss":0,"event_name":"World of Goop","floor":3,"gold_loss":0}],"is_beta":false,"boss_relics":[],"items_purged_floors":[],"is_endless":false,"potions_floor_spawned":[7],"killed_by":"Gremlin Nob","ascension_level":1}