{"gold_per_floor":[113,126,136,136,136,136,167,167,167,183,196,271,290,5,5,82,82,92,92,109,109,159,159,179,179,179,179,213,223,239,239],"floor_reached":31,"playtime":539,"items_purged":["Strike_R"],"score":514,"play_id":"6126e085-cc51-4e94-9f64-4b9313bc7df3","local_time":"20190414031328","is_ascension_mode":true,"campfire_choices":[{"data":"Whirlwind","floor":6,"key":"SMITH"},{"data":"Blood for Blood","floor":8,"key":"SMITH"},{"floor":15,"key":"REST"},{"data":"Inflame","floor":23,"key":"SMITH"},{"data":"True Grit","floor":25,"key":"SMITH"}],"neow_cost":"NONE","seed_source_timestamp":184860615923400,"circlet_count":0,"master_deck":["AscendersBane","Strike_R","Strike_R","Defend_R","Defend_R","Defend_R","Defend_R","Bash","Clash","Rage","Whirlwind+1","Blood for Blood+1","True Grit+1","Burning Pact","Double Tap","Inflame+1","Impervious","Exhume","Inflame+1","Sword Boomerang"],"relics":["Burning Blood","Boot","Gremlin Horn","Chemical X","Sozu","Self Forming Clay","Frozen Egg 2","Shuriken"],"potions_floor_usage":[7,16,30],"damage_taken":[{"damage":3,"enemies":"2 Louse","floor":1,"turns":4},{"damage":2,"enemies":"Jaw Worm","floor":2,"turns":3},{"damage":2,"enemies":"Cultist","floor":3,"turns":4},{"damage":36,"enemies":"Lagavulin","floor":7,"turns":7},{"damage":7,"enemies":"Looter","floor":10,"turns":3},{"damage":1,"enemies":"Large Slime","floor":11,"turns":4},{"damage":2,"enemies":"Exordium Thugs","floor":13,"turns":4},{"damage":32,"enemies":"Slime Boss","floor":16,"turns":7},{"damage":7,"enemies":"2 Thieves","floor":18,"turns":2},{"damage":5,"enemies":"3 Byrds","floor":20,"turns":3},{"damage":0,"enemies":"Sentry and Sphere","floor":24,"turns":2},{"damage":33,"enemies":"Gremlin Leader","floor":28,"turns":6},{"damage":14,"enemies":"Centurion and Healer","floor":29,"turns":2},{"damage":26,"enemies":"Shelled Parasite and Fungi","floor":30,"turns":2},{"damage":14,"enemies":"Book of Stabbing","floor":31,"turns":2}],"seed_played":"8397920354136379841","potions_obtained":[{"floor":1,"key":"Explosive Potion"},{"floor":10,"key":"SkillPotion"},{"floor":11,"key":"Ancient Potion"},{"floor":16,"key":"Energy Potion"}],"is_trial":false,"path_per_floor":["M","M","M","?","?","R","E","R","T","M","M","?","M","$","R","B",null,"M","?","M","T","?","R","M","R","T","?","E","M","M","E"],"character_chosen":"IRONCLAD","items_purchased":["Chemical X"],"campfire_rested":1,"item_purchase_floors":[14],"current_hp_per_floor":[78,82,82,75,64,64,34,34,34,33,38,27,31,31,55,29,69,68,68,69,69,61,61,67,67,67,67,40,32,12,0],"gold":239,"neow_bonus":"TEN_PERCENT_HP_BONUS","is_prod":false,"is_daily":false,"chose_seed":false,"campfire_upgraded":4,"win_rate":0,"timestamp":1555179208,"path_taken":["M","M","M","?","?","R","E","R","T","?","?","?","M","$","R","BOSS","M","?","M","?","?","R","?","R","T","?","E","?","M","E"],"build_version":"2019-01-23","purchased_purges":1,"victory":false,"max_hp_per_floor":[82,82,82,82,82,82,82,82,82,82,82,82,82,82,82,82,82,82,82,82,82,82,82,82,82,82,82,82,82,82,82],"card_choices":[{"not_picked":["Metallicize","Rage"],"picked":"Clash","floor":1},{"not_picked":["Rupture","Headbutt"],"picked":"Rage","floor":2},{"not_picked":["Flex","Heavy Blade"],"picked":"Whirlwind","floor":3},{"not_picked":["True Grit","Rupture"],"picked":"Blood for Blood","floor":7},{"not_picked":["Sentinel","Clothesline","Exhume"],"picked":"SKIP","floor":10},{"not_picked":["Cleave","Shockwave"],"picked":"True Grit","floor":11},{"not_picked":["Havoc","Whirlwind"],"picked":"Burning Pact","floor":13},{"not_picked":["Brutality","Immolate"],"picked":"Double Tap","floor":16},{"not_picked":["Reckless Charge","Clash"],"picked":"Inflame","floor":18},{"not_picked":["Twin Strike","Heavy Blade+1","Iron Wave"],"picked":"SKIP","floor":20},{"not_picked":["Wild Strike","Entrench"],"picked":"Impervious","floor":24},{"not_picked":["Twin Strike+1","Headbutt"],"picked":"Inflame+1","floor":28},{"not_picked":["Pommel Strike","Thunderclap"],"picked":"Sword Boomerang","floor":29},{"not_picked":["Armaments+1","Clash","Pommel Strike"],"picked":"SKIP","floor":30}],"player_experience":4784750,"relics_obtained":[{"floor":7,"key":"Gremlin Horn"},{"floor":21,"key":"Self Forming Clay"},{"floor":26,"key":"Frozen Egg 2"},{"floor":28,"key":"Shuriken"}],"event_choices":[{"cards_removed":["Strike_R"],"damage_healed":0,"gold_gain":0,"player_choice":"Card Removal","damage_taken":7,"max_hp_gain":0,"max_hp_loss":0,"event_name":"Golden Wing","floor":4,"gold_loss":0},{"damage_healed":0,"gold_gain":0,"player_choice":"Success","damage_taken":11,"relics_obtained":["Boot"],"max_hp_gain":0,"max_hp_loss":0,"event_name":"Scrap Ooze","floor":5,"gold_loss":0},{"damage_healed":0,"gold_gain":75,"player_choice":"Gather Gold","damage_taken":11,"max_hp_gain":0,"max_hp_loss":0,"event_name":"World of Goop","floor":12,"gold_loss":0},{"damage_healed":0,"gold_gain":0,"player_choice":"Ignored","damage_taken":0,"max_hp_gain":0,"max_hp_loss":0,"event_name":"Vampires","floor":19,"gold_loss":0},{"damage_healed":0,"gold_gain":50,"player_choice":"Touch","damage_taken":8,"max_hp_gain":0,"max_hp_loss":0,"event_name":"FaceTrader","floor":22,"gold_loss":0},{"damage_healed":0,"gold_gain":0,"cards_transformed":["Strike_R"],"player_choice":"Transformed","damage_taken":0,"max_hp_gain":0,"max_hp_loss":0,"event_name":"Transmorgrifier","floor":27,"gold_loss":0,"cards_obtained":["Exhume"]}],"is_beta":false,"boss_relics":[{"not_picked":["White Beast Statue","Lizard Tail"],"picked":"Sozu"}],"items_purged_floors":[14],"is_endless":false,"potions_floor_spawned":[1,10,11,16,18,24,29],"killed_by":"Book of Stabbing","ascension_level":20}