{"gold_per_floor":[110,120,130,148,158,158,183,183,209,238,238,33,46,56,56,133,133,143,153,170,95,9,9,9,9,34,34],"floor_reached":27,"playtime":808,"items_purged":["Strike_B","Strike_B"],"score":550,"play_id":"2249e524-8178-44b8-8aaa-98bd8d5ad3fd","local_time":"20190707234426","is_ascension_mode":true,"campfire_choices":[{"floor":6,"key":"REST"},{"data":"Recycle","floor":11,"key":"SMITH"},{"data":"Zap","floor":15,"key":"SMITH"},{"data":"Beam Cell","floor":23,"key":"SMITH"}],"neow_cost":"NONE","seed_source_timestamp":434776698552300,"circlet_count":0,"master_deck":["AscendersBane","Defend_B","Defend_B","Zap+1","Dualcast","Steam Power","Cold Snap","Sweeping Beam","Streamline","Cold Snap","Beam Cell+1","Recycle+1","All For One","Echo Form","Chill","Skim","Sweeping Beam","Reboot","Gash","Coolheaded","Self Repair","Stack"],"relics":["Cracked Core","Dodecahedron","Smiling Mask","Lantern","Runic Pyramid","Orichalcum"],"potions_floor_usage":[7,10,16,16],"damage_taken":[{"damage":1,"enemies":"2 Louse","floor":1,"turns":3},{"damage":5,"enemies":"Cultist","floor":2,"turns":4},{"damage":0,"enemies":"Jaw Worm","floor":3,"turns":4},{"damage":9,"enemies":"Blue Slaver","floor":4,"turns":4},{"damage":12,"enemies":"Large Slime","floor":5,"turns":5},{"damage":12,"enemies":"3 Sentries","floor":7,"turns":6},{"damage":14,"enemies":"Gremlin Nob","floor":10,"turns":3},{"damage":7,"enemies":"Lots of Slimes","floor":13,"turns":4},{"damage":2,"enemies":"3 Louse","floor":14,"turns":3},{"damage":0,"enemies":"Slime Boss","floor":16,"turns":4},{"damage":7,"enemies":"2 Thieves","floor":18,"turns":3},{"damage":4,"enemies":"Chosen","floor":19,"turns":5},{"damage":18,"enemies":"Centurion and Healer","floor":20,"turns":6},{"damage":33,"enemies":"Slavers","floor":27,"turns":2}],"seed_played":"4642419677269986581","potions_obtained":[{"floor":4,"key":"FearPotion"},{"floor":5,"key":"FearPotion"},{"floor":8,"key":"Poison Potion"},{"floor":10,"key":"SkillPotion"},{"floor":13,"key":"Poison Potion"},{"floor":20,"key":"GamblersBrew"}],"is_trial":false,"path_per_floor":["M","M","M","M","M","R","E","?","T","E","R","$","M","M","R","B",null,"M","M","M","?","$","R","?","?","T","E"],"character_chosen":"DEFECT","items_purchased":["Echo Form","Chill","Self Repair"],"campfire_rested":1,"item_purchase_floors":[12,12,22],"current_hp_per_floor":[63,58,58,49,37,58,46,46,46,32,32,32,25,23,23,23,59,52,48,30,30,30,30,30,30,30,0],"gold":34,"neow_bonus":"TRANSFORM_CARD","is_prod":false,"is_daily":false,"chose_seed":false,"campfire_upgraded":3,"win_rate":0,"timestamp":1562510666,"path_taken":["M","M","M","M","M","R","E","?","T","E","R","$","?","M","R","BOSS","M","?","M","?","$","R","?","?","T","E"],"build_version":"2019-07-05","purchased_purges":2,"victory":false,"max_hp_per_floor":[71,71,71,71,71,71,71,71,71,71,71,71,71,71,71,71,71,71,71,71,71,71,71,71,71,71,71],"card_choices":[{"not_picked":["Redo","Auto Shields"],"picked":"Cold Snap","floor":1},{"not_picked":["Coolheaded","Beam Cell"],"picked":"Sweeping Beam","floor":2},{"not_picked":["Cold Snap","Conserve Battery"],"picked":"Streamline","floor":3},{"not_picked":["Streamline","Coolheaded"],"picked":"Cold Snap","floor":4},{"not_picked":["Tempest","Go for the Eyes"],"picked":"Beam Cell","floor":5},{"not_picked":["Aggregate","Heatsinks"],"picked":"Recycle","floor":7},{"not_picked":["Doom and Gloom","Loop"],"picked":"All For One","floor":10},{"not_picked":["Double Energy","Loop"],"picked":"Skim","floor":13},{"not_picked":["Redo","Compile Driver"],"picked":"Sweeping Beam","floor":14},{"not_picked":["Seek","Rainbow"],"picked":"Reboot","floor":16},{"not_picked":["Glacier","Leap"],"picked":"Gash","floor":18},{"not_picked":["Streamline","Stack+1","Aggregate"],"picked":"SKIP","floor":19},{"not_picked":["Ball Lightning","Rebound"],"picked":"Coolheaded","floor":20}],"player_experience":5607663,"relics_obtained":[{"floor":7,"key":"Dodecahedron"},{"floor":9,"key":"Smiling Mask"},{"floor":10,"key":"Lantern"},{"floor":26,"key":"Orichalcum"}],"event_choices":[{"damage_healed":0,"gold_gain":0,"player_choice":"Got Potions","damage_taken":0,"max_hp_gain":0,"max_hp_loss":0,"event_name":"Lab","floor":8,"gold_loss":0},{"cards_removed":["Strike_B"],"damage_healed":0,"gold_gain":0,"player_choice":"Gave Gold","damage_taken":0,"max_hp_gain":0,"max_hp_loss":0,"event_name":"Beggar","floor":21,"gold_loss":75},{"damage_healed":0,"gold_gain":0,"cards_transformed":["Defend_B","Defend_B"],"player_choice":"Became Test Subject","damage_taken":0,"max_hp_gain":0,"max_hp_loss":0,"event_name":"Drug Dealer","floor":24,"gold_loss":0,"cards_obtained":["Stack","Lockon"]},{"cards_removed":["Lockon"],"damage_healed":0,"gold_gain":0,"player_choice":"Purged","damage_taken":0,"max_hp_gain":0,"max_hp_loss":0,"event_name":"Purifier","floor":25,"gold_loss":0}],"is_beta":false,"boss_relics":[{"not_picked":["Cursed Key","Philosopher\u0027s Stone"],"picked":"Runic Pyramid"}],"items_purged_floors":[12,22],"is_endless":false,"potions_floor_spawned":[4,5,10,13,20],"killed_by":"Slavers","ascension_level":20}