{"gold_per_floor":[116,116,136,156,7,7,7,18,41,57,83,101,101,114,114,191,191,208,133,183,198,198,198,208,208,208,227,247,58,58,92,92,167,167,180,180,180,196,213,242,34,62,116,116,132,82,82,109,109,109,109,109,109,59,84,84],"floor_reached":57,"playtime":2896,"items_purged":["Defend_G","Defend_G","Predator","Slice","Deadly Poison"],"score":3379,"play_id":"fbb9d39f-222b-4775-afc0-68b2e84298bb","local_time":"20190422003628","is_ascension_mode":true,"campfire_choices":[{"data":"Tactician","floor":6.0,"key":"SMITH"},{"data":"Reflex","floor":15.0,"key":"SMITH"},{"data":"Acrobatics","floor":23.0,"key":"SMITH"},{"data":"Prepared","floor":25.0,"key":"SMITH"},{"data":"Calculated Gamble","floor":30.0,"key":"SMITH"},{"data":"Burst","floor":32,"key":"SMITH"},{"data":"Reflex","floor":44,"key":"SMITH"},{"floor":47,"key":"RECALL"},{"data":"Footwork","floor":49,"key":"SMITH"},{"data":"Grand Finale","floor":53,"key":"SMITH"}],"neow_cost":"PERCENT_DAMAGE","seed_source_timestamp":74973648216900,"circlet_count":0,"master_deck":["AscendersBane","Survivor","Neutralize+1","Well Laid Plans","Tactician+1","Prepared+1","Footwork+1","Reflex+1","Burst+1","Acrobatics+1","Footwork","Grand Finale+1","Calculated Gamble+1","Backflip","Night Terror","Reflex+1"],"special_seed":0,"relics":["Ring of the Snake","Orichalcum","Odd Mushroom","Sundial","HoveringKite","Ancient Tea Set","Empty Cage","Smiling Mask","Lantern","Dream Catcher","Regal Pillow","Mummified Hand","Letter Opener"],"potions_floor_usage":[42],"damage_taken":[{"damage":1.0,"enemies":"2 Louse","floor":1.0,"turns":4.0},{"damage":0.0,"enemies":"Cultist","floor":3.0,"turns":3.0},{"damage":2.0,"enemies":"Small Slimes","floor":4.0,"turns":3.0},{"damage":5.0,"enemies":"Gremlin Gang","floor":8.0,"turns":4.0},{"damage":0.0,"enemies":"Looter","floor":10.0,"turns":3.0},{"damage":0.0,"enemies":"The Mushroom Lair","floor":11.0,"turns":4.0},{"damage":0.0,"enemies":"Blue Slaver","floor":12.0,"turns":4.0},{"damage":1.0,"enemies":"Red Slaver","floor":14.0,"turns":3.0},{"damage":0.0,"enemies":"The Guardian","floor":16.0,"turns":8.0},{"damage":18.0,"enemies":"Chosen","floor":18.0,"turns":5.0},{"damage":6.0,"enemies":"3 Byrds","floor":21.0,"turns":5.0},{"damage":3.0,"enemies":"Centurion and Healer","floor":24.0,"turns":5.0},{"damage":12.0,"enemies":"Snake Plant","floor":27.0,"turns":4.0},{"damage":0.0,"enemies":"Shelled Parasite and Fungi","floor":28.0,"turns":4.0},{"damage":0,"enemies":"Gremlin Leader","floor":31,"turns":4},{"damage":3,"enemies":"Champ","floor":33,"turns":2},{"damage":0,"enemies":"3 Darklings","floor":35,"turns":1},{"damage":0,"enemies":"3 Shapes","floor":38,"turns":1},{"damage":3,"enemies":"Sphere and 2 Shapes","floor":39,"turns":4},{"damage":0,"enemies":"Giant Head","floor":40,"turns":1},{"damage":0,"enemies":"Nemesis","floor":42,"turns":1},{"damage":0,"enemies":"Transient","floor":45,"turns":5},{"damage":0,"enemies":"Reptomancer","floor":48,"turns":1},{"damage":0,"enemies":"Donu and Deca","floor":50,"turns":1},{"damage":0,"enemies":"Awakened One","floor":51,"turns":2},{"damage":0,"enemies":"Shield and Spear","floor":55,"turns":1},{"damage":17,"enemies":"The Heart","floor":56,"turns":4}],"seed_played":"2521151281913377711","potions_obtained":[{"floor":1.0,"key":"PowerPotion"},{"floor":10.0,"key":"Poison Potion"},{"floor":27.0,"key":"Swift Potion"},{"floor":31,"key":"GhostInAJar"},{"floor":42,"key":"FairyPotion"}],"is_trial":false,"path_per_floor":["M","?","M","M","$","R","?","M","T","M","?","M","T","M","R","B",null,"M","?","?","M","?","R","M","R","T","M","M","$","R","E","R","B",null,"M","?","?","M","M","E","$","E","T","R","M","$","R","E","R","B","B",null,"R","$","E","B",null],"character_chosen":"THE_SILENT","items_purchased":["Tactician","Calculated Gamble","Lantern"],"campfire_rested":0,"item_purchase_floors":[5,29,41],"current_hp_per_floor":[43,43,43,41,41,41,41,36,36,36,36,36,36,35,35,35,58,40,40,40,34,34,34,31,31,31,19,19,19,19,19,19,16,54,54,54,54,54,51,51,51,51,51,51,51,51,51,51,51,51,51,60,60,60,60,43],"gold":84,"neow_bonus":"REMOVE_TWO","is_prod":false,"is_daily":false,"chose_seed":false,"campfire_upgraded":9,"win_rate":0,"timestamp":1555860988,"path_taken":["M","?","M","M","?","R","?","M","T","?","?","M","?","?","R","BOSS","M","?","?","M","?","R","?","R","T","M","M","$","R","E","R","BOSS","M","?","?","?","M","E","$","E","T","R","M","$","R","E","R","BOSS","BOSS","R","$","E","BOSS"],"build_version":"2019-01-23","purchased_purges":5,"victory":true,"max_hp_per_floor":[66,66,66,66,66,66,66,66,66,66,66,66,66,66,66,66,66,66,66,66,66,66,66,66,66,66,66,66,66,66,66,66,66,66,66,63,63,63,63,63,63,63,63,63,63,63,63,63,63,63,63,63,63,63,63,63],"card_choices":[{"not_picked":["PiercingWail","Blade Dance"],"picked":"Predator","floor":1.0},{"not_picked":["Acrobatics","Deflect"],"picked":"Slice","floor":3.0},{"not_picked":["Quick Slash","A Thousand Cuts"],"picked":"Well Laid Plans","floor":4.0},{"not_picked":["Outmaneuver","Distraction"],"picked":"Prepared","floor":8.0},{"not_picked":["Prepared","Terror"],"picked":"Footwork","floor":10.0},{"not_picked":["Catalyst","PiercingWail"],"picked":"Deadly Poison","floor":12.0},{"not_picked":["Quick Slash","Cloak And Dagger"],"picked":"Reflex","floor":14.0},{"not_picked":["Tools of the Trade","Malaise"],"picked":"Burst","floor":16.0},{"not_picked":["Slice","Well Laid Plans"],"picked":"Acrobatics","floor":18.0},{"not_picked":["Blade Dance+1","Deflect","Poisoned Stab"],"picked":"SKIP","floor":21.0},{"not_picked":["Footwork","Prepared","Dodge and Roll"],"picked":"SKIP","floor":24.0},{"not_picked":["Prepared","Dodge and Roll"],"picked":"Footwork","floor":24.0},{"not_picked":["Flechettes","Finisher","Dagger Spray"],"picked":"SKIP","floor":27.0},{"not_picked":["Infinite Blades","Riddle With Holes"],"picked":"Grand Finale","floor":28.0},{"not_picked":["All Out Attack","Escape Plan+1"],"picked":"Backflip","floor":31},{"not_picked":["Phantasmal Killer","Doppelganger"],"picked":"Night Terror","floor":33},{"not_picked":["Poisoned Stab","Prepared","Blur"],"picked":"SKIP","floor":35},{"not_picked":["Sucker Punch+1","Dodge and Roll"],"picked":"Reflex","floor":38},{"not_picked":["Backflip","Noxious Fumes+1","Dagger Spray"],"picked":"SKIP","floor":39},{"not_picked":["Burst","Cloak And Dagger","Blade Dance"],"picked":"SKIP","floor":40},{"not_picked":["Flechettes","Concentrate","Endless Agony"],"picked":"SKIP","floor":42},{"not_picked":["Flying Knee","Sucker Punch","Well Laid Plans"],"picked":"SKIP","floor":45},{"not_picked":["Poisoned Stab+1","Outmaneuver","Bane+1"],"picked":"SKIP","floor":48},{"not_picked":["Footwork+1","Masterful Stab","Cloak And Dagger+1"],"picked":"SKIP","floor":55}],"player_experience":4851615,"relics_obtained":[{"floor":9.0,"key":"Orichalcum"},{"floor":11.0,"key":"Odd Mushroom"},{"floor":13.0,"key":"Sundial"},{"floor":31,"key":"Ancient Tea Set"},{"floor":40,"key":"Smiling Mask"},{"floor":42,"key":"Dream Catcher"},{"floor":43,"key":"Regal Pillow"},{"floor":48,"key":"Mummified Hand"},{"floor":55,"key":"Letter Opener"}],"event_choices":[{"cards_removed":["Strike_G"],"damage_healed":0.0,"max_hp_gain":0.0,"max_hp_loss":0.0,"gold_gain":0.0,"event_name":"Purifier","player_choice":"Purged","floor":2.0,"gold_loss":0.0,"damage_taken":0.0},{"damage_healed":0.0,"max_hp_gain":0.0,"max_hp_loss":0.0,"gold_gain":0.0,"event_name":"Accursed Blacksmith","player_choice":"Forge","floor":7.0,"gold_loss":0.0,"damage_taken":0.0,"cards_upgraded":["Neutralize"]},{"damage_healed":0.0,"max_hp_gain":0.0,"max_hp_loss":0.0,"gold_gain":0.0,"event_name":"Mushrooms","player_choice":"Fought Mushrooms","floor":11.0,"gold_loss":0.0,"damage_taken":0.0},{"cards_removed":["Strike_G"],"damage_healed":0.0,"max_hp_gain":0.0,"max_hp_loss":0.0,"gold_gain":0.0,"event_name":"Beggar","player_choice":"Gave Gold","floor":19.0,"gold_loss":75.0,"damage_taken":0.0},{"damage_healed":0.0,"max_hp_gain":0.0,"max_hp_loss":0.0,"gold_gain":50.0,"event_name":"Nest","player_choice":"Stole From Cult","floor":20.0,"gold_loss":0.0,"damage_taken":0.0},{"cards_removed":["Strike_G"],"damage_healed":0.0,"max_hp_gain":0.0,"max_hp_loss":0.0,"gold_gain":0.0,"event_name":"Bonfire Elementals","player_choice":"Offered Basic","floor":22.0,"gold_loss":0.0,"damage_taken":0.0},{"damage_healed":0,"gold_gain":0,"player_choice":"Max HP","damage_taken":0,"max_hp_gain":0,"max_hp_loss":3,"event_name":"Winding Halls","floor":36,"gold_loss":0},{"cards_removed":["Defend_G"],"damage_healed":0,"gold_gain":0,"player_choice":"Card Removal","damage_taken":0,"max_hp_gain":0,"max_hp_loss":0,"event_name":"Wheel of Change","floor":37,"gold_loss":0}],"is_beta":false,"boss_relics":[{"not_picked":["Philosopher\u0027s Stone","Sozu"],"picked":"HoveringKite"},{"not_picked":["Fusion Hammer","Velvet Choker"],"picked":"Empty Cage"}],"items_purged_floors":[5,29,41,46,54],"is_endless":false,"potions_floor_spawned":[1,10,12,14,27,31,40,42,48,55],"ascension_level":20}