{"gold_per_floor":[115,40,58,76,76,103,103,3,59,134,153,153,217,231,231,335,335,348,223,223,258,284,318,318,344,369,397,419,431,44,56,56,157,157,176,1,19,119,119,119,119,144,171,171,184,202,217,231,231,231],"floor_reached":50,"playtime":1663,"items_purged":["Strike_R","Defend_R","Strike_R","Strike_R","Strike_R"],"score":560,"play_id":"80ac4658-2e51-4950-be23-a8ee8d63d4a9","local_time":"20190703210944","is_ascension_mode":false,"campfire_choices":[{"data":"Anger","floor":7.0,"key":"SMITH"},{"data":"Clash","floor":12.0,"key":"SMITH"},{"data":"Bash","floor":15.0,"key":"SMITH"},{"data":"Defend_R","floor":24.0,"key":"SMITH"},{"data":"Defend_R","floor":29.0,"key":"SMITH"},{"data":"Defend_R","floor":32.0,"key":"SMITH"},{"floor":40,"key":"REST"},{"floor":49,"key":"REST"}],"neow_cost":"NONE","seed_source_timestamp":1065280458423676,"circlet_count":0,"master_deck":["Defend_R+1","Defend_R+1","Bash+1","Anger+1","Clash+1"],"special_seed":0,"relics":["Burning Blood","Omamori","Tiny Chest","Pen Nib","Busted Crown","MutagenicStrength","Red Mask","Regal Pillow","Orichalcum","Question Card","MawBank","Ornamental Fan","Empty Cage","FossilizedHelix","Self Forming Clay","Blood Vial","Bag of Preparation"],"potions_floor_usage":[],"damage_taken":[{"damage":0.0,"enemies":"Small Slimes","floor":1.0,"turns":4.0},{"damage":5.0,"enemies":"2 Louse","floor":3.0,"turns":3.0},{"damage":2.0,"enemies":"Jaw Worm","floor":4.0,"turns":5.0},{"damage":16.0,"enemies":"Lagavulin","floor":6.0,"turns":6.0},{"damage":3.0,"enemies":"2 Fungi Beasts","floor":11.0,"turns":3.0},{"damage":20.0,"enemies":"Lagavulin Event","floor":13.0,"turns":5.0},{"damage":7.0,"enemies":"Blue Slaver","floor":14.0,"turns":3.0},{"damage":40.0,"enemies":"Hexaghost","floor":16.0,"turns":8.0},{"damage":7.0,"enemies":"Shell Parasite","floor":18.0,"turns":2.0},{"damage":15.0,"enemies":"Masked Bandits","floor":21.0,"turns":3.0},{"damage":0.0,"enemies":"Gremlin Leader","floor":23.0,"turns":5.0},{"damage":19.0,"enemies":"Slavers","floor":25.0,"turns":5.0},{"damage":0.0,"enemies":"3 Byrds","floor":27.0,"turns":5.0},{"damage":8.0,"enemies":"Cultist and Chosen","floor":28.0,"turns":5.0},{"damage":0.0,"enemies":"3 Cultists","floor":31.0,"turns":5.0},{"damage":56.0,"enemies":"Collector","floor":33.0,"turns":8.0},{"damage":0.0,"enemies":"3 Shapes","floor":35.0,"turns":6.0},{"damage":18.0,"enemies":"3 Darklings","floor":37.0,"turns":6.0},{"damage":30.0,"enemies":"Mind Bloom Boss Battle","floor":38.0,"turns":5.0},{"damage":28,"enemies":"Reptomancer","floor":42,"turns":6},{"damage":0,"enemies":"Maw","floor":45,"turns":6},{"damage":0,"enemies":"Spire Growth","floor":46,"turns":3},{"damage":0,"enemies":"Jaw Worm Horde","floor":47,"turns":3},{"damage":0,"enemies":"Transient","floor":48,"turns":5},{"damage":106,"enemies":"Time Eater","floor":50,"turns":9}],"seed_played":"-1069612349005238315","potions_obtained":[{"floor":0.0,"key":"Fruit Juice"},{"floor":0.0,"key":"Explosive Potion"},{"floor":0.0,"key":"SmokeBomb"},{"floor":3.0,"key":"Poison Potion"},{"floor":13.0,"key":"AttackPotion"},{"floor":14.0,"key":"SkillPotion"},{"floor":25.0,"key":"PowerPotion"},{"floor":27.0,"key":"Fire Potion"},{"floor":33.0,"key":"Poison Potion"},{"floor":35.0,"key":"Energy Potion"},{"floor":38.0,"key":"Energy Potion"},{"floor":45,"key":"FairyPotion"}],"is_trial":false,"path_per_floor":["M","$","M","M","?","E","R","$","T","?","M","R","?","M","R","B",null,"M","$","?","?","T","E","R","E","T","M","M","R","$","M","R","B",null,"M","$","M","?","?","R","T","E","T","?","M","M","M","M","R","B"],"character_chosen":"IRONCLAD","items_purchased":["Ornamental Fan"],"campfire_rested":2,"item_purchase_floors":[30],"current_hp_per_floor":[85,85,85,85,85,75,75,75,75,64,67,67,53,52,52,18,85,84,84,84,75,75,81,81,68,68,74,72,72,72,78,78,28,85,85,85,73,49,49,85,85,63,63,63,71,79,85,85,85,0],"gold":231,"neow_bonus":"THREE_SMALL_POTIONS","is_prod":false,"is_daily":false,"chose_seed":false,"campfire_upgraded":6,"win_rate":0,"timestamp":1562184584,"path_taken":["M","$","M","M","?","E","R","$","T","?","M","R","?","M","R","BOSS","M","$","?","?","?","E","R","E","T","M","M","R","$","M","R","BOSS","M","$","M","?","?","R","?","E","T","?","M","M","M","?","R","BOSS"],"build_version":"2019-07-01","purchased_purges":5,"victory":false,"max_hp_per_floor":[85,85,85,85,85,85,85,85,85,85,85,85,85,85,85,85,85,85,85,85,85,85,85,85,85,85,85,85,85,85,85,85,85,85,85,85,85,85,85,85,85,85,85,85,85,85,85,85,85,85],"card_choices":[{"not_picked":["Feel No Pain","Ghostly Armor"],"picked":"Anger","floor":1.0},{"not_picked":["Body Slam","Warcry","Intimidate"],"picked":"SKIP","floor":3.0},{"not_picked":["Blood for Blood","Brutality"],"picked":"Clash","floor":4.0},{"not_picked":["Wild Strike","Hemokinesis","Carnage"],"picked":"SKIP","floor":6.0},{"not_picked":["Body Slam","Pommel Strike","Searing Blow"],"picked":"SKIP","floor":11.0},{"not_picked":["Clothesline","Feed","Headbutt"],"picked":"SKIP","floor":14.0},{"not_picked":["Dual Wield"],"picked":"SKIP","floor":18.0},{"not_picked":["Pommel Strike"],"picked":"SKIP","floor":23.0},{"not_picked":["Twin Strike"],"picked":"SKIP","floor":25.0},{"not_picked":["Pommel Strike","Flex"],"picked":"SKIP","floor":27.0},{"not_picked":["Sword Boomerang","Warcry"],"picked":"SKIP","floor":28.0},{"not_picked":["Carnage","Armaments+1"],"picked":"SKIP","floor":31.0},{"not_picked":["Perfected Strike+1","Sword Boomerang"],"picked":"SKIP","floor":35.0},{"not_picked":["Wild Strike","Cleave"],"picked":"SKIP","floor":37.0},{"not_picked":["Bloodletting","Clothesline"],"picked":"SKIP","floor":42},{"not_picked":["True Grit","Shrug It Off"],"picked":"SKIP","floor":45},{"not_picked":["Rampage","Thunderclap+1"],"picked":"SKIP","floor":46},{"not_picked":["Reckless Charge+1","Body Slam+1"],"picked":"SKIP","floor":47},{"not_picked":["Inflame+1","Iron Wave+1"],"picked":"SKIP","floor":48}],"player_experience":104660,"relics_obtained":[{"floor":6.0,"key":"Omamori"},{"floor":9.0,"key":"Tiny Chest"},{"floor":13.0,"key":"Pen Nib"},{"floor":21.0,"key":"Red Mask"},{"floor":22.0,"key":"Regal Pillow"},{"floor":23.0,"key":"Orichalcum"},{"floor":25.0,"key":"Question Card"},{"floor":26.0,"key":"MawBank"},{"floor":38.0,"key":"FossilizedHelix"},{"floor":41,"key":"Self Forming Clay"},{"floor":42,"key":"Blood Vial"},{"floor":43,"key":"Bag of Preparation"}],"event_choices":[{"damage_healed":0.0,"max_hp_gain":0.0,"max_hp_loss":0.0,"gold_gain":0.0,"event_name":"Scrap Ooze","player_choice":"Fled","floor":5.0,"gold_loss":0.0,"damage_taken":0.0},{"damage_healed":0.0,"max_hp_gain":0.0,"max_hp_loss":0.0,"gold_gain":75.0,"event_name":"World of Goop","player_choice":"Gather Gold","floor":10.0,"gold_loss":0.0,"damage_taken":11.0},{"damage_healed":0.0,"max_hp_gain":0.0,"max_hp_loss":0.0,"gold_gain":0.0,"event_name":"Dead Adventurer","player_choice":"Searched \u00272\u0027 times","floor":13.0,"gold_loss":0.0,"damage_taken":0.0},{"damage_healed":0.0,"max_hp_gain":0.0,"max_hp_loss":0.0,"gold_gain":0.0,"event_name":"Drug Dealer","player_choice":"Inject Mutagens","floor":20.0,"gold_loss":0.0,"damage_taken":0.0,"relics_obtained":["MutagenicStrength"]},{"damage_healed":0.0,"max_hp_gain":0.0,"max_hp_loss":0.0,"gold_gain":0.0,"event_name":"Masked Bandits","player_choice":"Fought Bandits","floor":21.0,"gold_loss":0.0,"damage_taken":0.0},{"damage_healed":0.0,"max_hp_gain":0.0,"max_hp_loss":0.0,"gold_gain":0.0,"event_name":"MindBloom","player_choice":"Fight","floor":38.0,"gold_loss":0.0,"damage_taken":0.0},{"damage_healed":0,"gold_gain":0,"player_choice":"Memory 1","damage_taken":0,"max_hp_gain":0,"max_hp_loss":0,"event_name":"SensoryStone","floor":39,"gold_loss":0},{"damage_healed":0,"gold_gain":0,"player_choice":"Ignored","damage_taken":0,"max_hp_gain":0,"max_hp_loss":0,"event_name":"Upgrade Shrine","floor":44,"gold_loss":0}],"is_beta":false,"boss_relics":[{"not_picked":["Black Star","Orrery"],"picked":"Busted Crown"},{"not_picked":["Sozu","Runic Cube"],"picked":"Empty Cage"}],"items_purged_floors":[2,8,19,30,36],"is_endless":false,"potions_floor_spawned":[3,4,13,14,25,27,33,35,38,45,48],"killed_by":"Time Eater","ascension_level":0}