{"gold_per_floor":[113,131,131,151,0,28,28,28,28,28,39,12,30,40,40,140,140,151,151],"floor_reached":19,"playtime":725,"items_purged":[],"score":270,"play_id":"da79300a-c2c0-48f8-962a-4cdc83c1d1c3","local_time":"20190711025640","is_ascension_mode":true,"campfire_choices":[{"data":"Bash","floor":7,"key":"SMITH"},{"data":"Shrug It Off","floor":10,"key":"SMITH"},{"floor":15,"key":"REST"}],"neow_cost":"NONE","seed_source_timestamp":1691858854811061,"circlet_count":0,"master_deck":["AscendersBane","Strike_R","Strike_R","Strike_R","Strike_R","Defend_R","Defend_R","Defend_R","Defend_R","Bash+1","Armaments+1","Shrug It Off+1","Limit Break","Dropkick","Dropkick","Dropkick","Dual Wield","Berserk","Feed"],"relics":["Black Blood","Happy Flower","The Courier","Bottled Flame"],"potions_floor_usage":[6,16,16],"damage_taken":[{"damage":6,"enemies":"Jaw Worm","floor":1,"turns":4},{"damage":0,"enemies":"Small Slimes","floor":2,"turns":3},{"damage":0,"enemies":"Cultist","floor":4,"turns":4},{"damage":17,"enemies":"3 Sentries","floor":6,"turns":6},{"damage":0,"enemies":"Exordium Thugs","floor":11,"turns":4},{"damage":5,"enemies":"2 Fungi Beasts","floor":13,"turns":4},{"damage":37,"enemies":"Exordium Wildlife","floor":14,"turns":7},{"damage":61,"enemies":"Slime Boss","floor":16,"turns":14},{"damage":19,"enemies":"3 Byrds","floor":18,"turns":7},{"damage":63,"enemies":"Spheric Guardian","floor":19,"turns":6}],"seed_played":"8711008763909786564","potions_obtained":[{"floor":1,"key":"Block Potion"},{"floor":2,"key":"AttackPotion"},{"floor":14,"key":"Dexterity Potion"}],"is_trial":false,"path_per_floor":["M","M","?","M","$","E","R","?","T","R","M","$","M","M","R","B",null,"M","M"],"character_chosen":"IRONCLAD","items_purchased":["Limit Break","Dropkick","Dual Wield"],"campfire_rested":1,"item_purchase_floors":[5,5,12],"current_hp_per_floor":[72,78,78,80,80,69,69,69,69,69,75,75,76,45,69,14,64,58,0],"gold":151,"neow_bonus":"RANDOM_COMMON_RELIC","is_prod":false,"is_daily":false,"chose_seed":false,"campfire_upgraded":2,"win_rate":0,"timestamp":1562810200,"path_taken":["M","M","?","M","$","E","R","?","T","R","M","$","?","M","R","BOSS","M","M"],"build_version":"2019-07-05","purchased_purges":0,"victory":false,"max_hp_per_floor":[80,80,80,80,80,80,80,80,80,80,80,80,80,80,80,80,80,83,83],"card_choices":[{"not_picked":["Seeing Red","Havoc"],"picked":"Armaments","floor":1},{"not_picked":["Inflame","Armaments"],"picked":"Shrug It Off","floor":2},{"not_picked":["Clash","Rage","Sever Soul"],"picked":"SKIP","floor":4},{"not_picked":["Havoc","Armaments"],"picked":"Dropkick","floor":6},{"not_picked":["Carnage","Iron Wave"],"picked":"Dropkick","floor":11},{"not_picked":["Armaments","Warcry"],"picked":"Berserk","floor":13},{"not_picked":["Sword Boomerang","Perfected Strike","Power Through"],"picked":"SKIP","floor":14},{"not_picked":["Barricade","Exhume"],"picked":"Feed","floor":16},{"not_picked":["Perfected Strike","Clothesline","Sword Boomerang"],"picked":"SKIP","floor":18}],"player_experience":346290,"relics_obtained":[{"floor":6,"key":"The Courier"},{"floor":9,"key":"Bottled Flame"}],"event_choices":[{"damage_healed":0,"gold_gain":0,"player_choice":"Grow","damage_taken":0,"max_hp_gain":0,"max_hp_loss":0,"event_name":"Living Wall","floor":3,"gold_loss":0,"cards_upgraded":["Armaments"]},{"cards_removed":["Strike_R"],"damage_healed":0,"gold_gain":0,"player_choice":"Purged","damage_taken":0,"max_hp_gain":0,"max_hp_loss":0,"event_name":"Purifier","floor":8,"gold_loss":0}],"is_beta":false,"boss_relics":[{"not_picked":["Snecko Eye","Calling Bell"],"picked":"Black Blood"}],"items_purged_floors":[],"is_endless":false,"potions_floor_spawned":[1,2,4,14],"killed_by":"Spheric Guardian","ascension_level":12}