{"gold_per_floor":[112,112,126,276,63,94,2,2,2,15,32,32,50,75,75,148,148,168,188,238,249,264,264,281,281,363,363,222,61,61,75,75,150,150,163,163,263,143,143,143,177,195,245,105,0,32,32,362,362,362,362,362,362,118,151,151],"floor_reached":57,"playtime":3048,"items_purged":["Doubt","Dagger Spray","Deadly Poison","Slice+1","Choke+1","Cloak And Dagger+1"],"score":3342,"play_id":"03bc1819-35a5-44cf-abd9-63ce64c53751","local_time":"20190529015721","is_ascension_mode":true,"campfire_choices":[{"data":"Neutralize","floor":8,"key":"SMITH"},{"data":"Cloak And Dagger","floor":12,"key":"SMITH"},{"data":"Well Laid Plans","floor":15,"key":"SMITH"},{"data":"Acrobatics","floor":23,"key":"SMITH"},{"data":"Tactician","floor":25,"key":"SMITH"},{"data":"Reflex","floor":30,"key":"SMITH"},{"data":"Tactician","floor":32,"key":"SMITH"},{"data":"Prepared","floor":40,"key":"SMITH"},{"data":"Wraith Form v2","floor":47,"key":"SMITH"},{"floor":49,"key":"RECALL"},{"data":"Survivor","floor":53,"key":"SMITH"}],"neow_cost":"NONE","seed_source_timestamp":185839014146300,"circlet_count":0,"master_deck":["AscendersBane","Survivor+1","Neutralize+1","Dagger Throw","Infinite Blades","Well Laid Plans+1","Grand Finale+1","Malaise","Wraith Form v2+1","Endless Agony+1","Tactician+1","Dash+1","Prepared+1","Acrobatics+1","Tactician+1","Reflex+1"],"relics":["Ring of the Snake","NeowsBlessing","ClockworkSouvenir","The Courier","Gremlin Horn","Molten Egg 2","Pandora\u0027s Box","Black Star","Gambling Chip","PreservedInsect","Singing Bowl","Vajra","Red Mask","Calipers","Strawberry","The Specimen","Old Coin","Mummified Hand","Ginger"],"potions_floor_usage":[14,16,16,24,24,37,41,51,51,56,56],"damage_taken":[{"damage":0,"enemies":"Small Slimes","floor":1,"turns":1},{"damage":0,"enemies":"Cultist","floor":3,"turns":1},{"damage":0,"enemies":"Lagavulin","floor":6,"turns":1},{"damage":0,"enemies":"2 Louse","floor":10,"turns":2},{"damage":13,"enemies":"Large Slime","floor":11,"turns":4},{"damage":2,"enemies":"Exordium Wildlife","floor":13,"turns":7},{"damage":15,"enemies":"Gremlin Nob","floor":14,"turns":5},{"damage":4,"enemies":"The Guardian","floor":16,"turns":18},{"damage":2,"enemies":"Spheric Guardian","floor":18,"turns":4},{"damage":0,"enemies":"Chosen","floor":19,"turns":3},{"damage":6,"enemies":"Snake Plant","floor":21,"turns":6},{"damage":0,"enemies":"Centurion and Healer","floor":22,"turns":10},{"damage":16,"enemies":"Shelled Parasite and Fungi","floor":24,"turns":4},{"damage":0,"enemies":"Cultist and Chosen","floor":31,"turns":3},{"damage":0,"enemies":"Champ","floor":33,"turns":7},{"damage":3,"enemies":"3 Darklings","floor":35,"turns":3},{"damage":0,"enemies":"Mind Bloom Boss Battle","floor":37,"turns":3},{"damage":0,"enemies":"Nemesis","floor":41,"turns":1},{"damage":0,"enemies":"Orb Walker","floor":42,"turns":1},{"damage":0,"enemies":"Reptomancer","floor":46,"turns":2},{"damage":0,"enemies":"Nemesis","floor":48,"turns":1},{"damage":0,"enemies":"Donu and Deca","floor":50,"turns":3},{"damage":0,"enemies":"Time Eater","floor":51,"turns":9},{"damage":0,"enemies":"Shield and Spear","floor":55,"turns":2},{"damage":0,"enemies":"The Heart","floor":56,"turns":5}],"seed_played":"1530997229556134548","potions_obtained":[{"floor":1,"key":"GhostInAJar"},{"floor":3,"key":"EssenceOfSteel"},{"floor":14,"key":"Swift Potion"},{"floor":19,"key":"Strength Potion"},{"floor":22,"key":"EssenceOfSteel"},{"floor":24,"key":"Block Potion"},{"floor":35,"key":"SteroidPotion"},{"floor":37,"key":"FearPotion"},{"floor":46,"key":"Energy Potion"}],"is_trial":false,"path_per_floor":["M","?","M","?","$","E","$","R","T","M","M","R","M","E","R","B",null,"M","M","?","M","M","R","M","R","T","?","$","$","R","M","R","B",null,"M","?","?","$","?","R","E","M","T","$","?","E","R","E","R","B","B",null,"R","$","E","B",null],"character_chosen":"THE_SILENT","items_purchased":["ClockworkSouvenir","Infinite Blades","Tactician","Reflex","Dexterity Potion","Swift Potion"],"campfire_rested":0,"item_purchase_floors":[5,7,28,29,54,54],"current_hp_per_floor":[59,59,59,59,59,59,59,59,59,59,46,46,44,29,29,25,56,54,54,54,48,48,48,32,32,32,32,32,32,32,32,32,32,58,55,55,55,55,55,55,57,59,59,59,59,68,68,70,70,70,70,76,76,76,78,78],"gold":151,"neow_bonus":"THREE_ENEMY_KILL","is_prod":false,"is_daily":false,"chose_seed":false,"campfire_upgraded":10,"win_rate":0,"timestamp":1559062641,"path_taken":["M","?","?","?","$","E","$","R","T","M","M","R","M","E","R","BOSS","M","M","?","M","M","R","M","R","T","?","?","$","R","M","R","BOSS","M","?","?","$","?","R","E","M","T","$","?","E","R","E","R","BOSS","BOSS","R","$","E","BOSS"],"build_version":"2019-01-23","purchased_purges":6,"victory":true,"max_hp_per_floor":[66,66,66,66,66,66,66,66,66,66,66,66,66,66,66,66,66,66,66,66,66,66,66,66,66,66,66,66,66,66,66,66,66,66,66,66,66,66,63,63,65,67,67,67,67,76,76,78,78,78,78,78,78,78,80,80],"card_choices":[{"not_picked":["Expertise","Blade Dance"],"picked":"Dagger Throw","floor":1},{"not_picked":["Slice","Backflip"],"picked":"Dagger Spray","floor":3},{"not_picked":["Venomology","Poisoned Stab"],"picked":"Cloak And Dagger","floor":6},{"not_picked":["Flechettes","Accuracy"],"picked":"Well Laid Plans","floor":10},{"not_picked":["Flying Knee","Dagger Throw","Concentrate"],"picked":"SKIP","floor":11},{"not_picked":["Sucker Punch","Skewer","Dagger Spray"],"picked":"SKIP","floor":13},{"not_picked":["Bane","Dagger Throw","Predator"],"picked":"SKIP","floor":14},{"not_picked":["Bullet Time","Doppelganger"],"picked":"Grand Finale+1","floor":16},{"not_picked":["Poisoned Stab+1","Outmaneuver"],"picked":"Prepared","floor":18},{"not_picked":["Prepared","Slice+1","Cloak And Dagger"],"picked":"SKIP","floor":19},{"not_picked":["Bouncing Flask","Riddle With Holes+1","Choke+1"],"picked":"SKIP","floor":21},{"not_picked":["Backflip","Well Laid Plans"],"picked":"Acrobatics","floor":22},{"not_picked":["Flechettes+1","Eviscerate+1","Riddle With Holes+1"],"picked":"SKIP","floor":24},{"not_picked":["Deflect","Bane+1","Choke+1"],"picked":"SKIP","floor":31},{"not_picked":["PiercingWail","Dodge and Roll","Expertise+1"],"picked":"SKIP","floor":35},{"not_picked":["Outmaneuver","Concentrate+1","Blade Dance+1"],"picked":"Singing Bowl","floor":41},{"not_picked":["Blade Dance","Bane+1","Bouncing Flask+1"],"picked":"Singing Bowl","floor":42},{"not_picked":["Poisoned Stab+1","Dodge and Roll","Bullet Time"],"picked":"Singing Bowl","floor":46},{"not_picked":["Deadly Poison","Flying Knee+1","Underhanded Strike+1"],"picked":"Singing Bowl","floor":48},{"not_picked":["Noxious Fumes","Flechettes+1","Accuracy"],"picked":"Singing Bowl","floor":55}],"player_experience":5185833,"relics_obtained":[{"floor":6,"key":"The Courier"},{"floor":9,"key":"Gremlin Horn"},{"floor":14,"key":"Molten Egg 2"},{"floor":37,"key":"Gambling Chip"},{"floor":41,"key":"PreservedInsect"},{"floor":41,"key":"Singing Bowl"},{"floor":43,"key":"Vajra"},{"floor":46,"key":"Calipers"},{"floor":46,"key":"Strawberry"},{"floor":48,"key":"The Specimen"},{"floor":48,"key":"Old Coin"},{"floor":55,"key":"Mummified Hand"},{"floor":55,"key":"Ginger"}],"event_choices":[{"cards_removed":["Strike_G"],"damage_healed":0,"gold_gain":0,"player_choice":"Purged","damage_taken":0,"max_hp_gain":0,"max_hp_loss":0,"event_name":"Purifier","floor":2,"gold_loss":0},{"damage_healed":0,"gold_gain":150,"player_choice":"AGREE","damage_taken":0,"max_hp_gain":0,"max_hp_loss":0,"event_name":"Liars Game","floor":4,"gold_loss":0,"cards_obtained":["Doubt"]},{"damage_healed":0,"gold_gain":50,"player_choice":"Stole From Cult","damage_taken":0,"max_hp_gain":0,"max_hp_loss":0,"event_name":"Nest","floor":20,"gold_loss":0},{"damage_healed":0,"gold_gain":0,"player_choice":"Ignored","damage_taken":0,"max_hp_gain":0,"max_hp_loss":0,"event_name":"Cursed Tome","floor":27,"gold_loss":0},{"cards_removed":["Setup"],"damage_healed":0,"gold_gain":0,"player_choice":"Removed Skill","damage_taken":0,"max_hp_gain":0,"max_hp_loss":0,"event_name":"Falling","floor":36,"gold_loss":0},{"damage_healed":0,"gold_gain":0,"player_choice":"Fight","damage_taken":0,"max_hp_gain":0,"max_hp_loss":0,"event_name":"MindBloom","floor":37,"gold_loss":0},{"damage_healed":0,"gold_gain":0,"player_choice":"Max HP","damage_taken":0,"max_hp_gain":0,"max_hp_loss":3,"event_name":"Winding Halls","floor":39,"gold_loss":0},{"damage_healed":0,"gold_gain":0,"player_choice":"Paid","damage_taken":0,"relics_obtained":["Red Mask"],"max_hp_gain":0,"max_hp_loss":0,"event_name":"Tomb of Lord Red Mask","floor":45,"gold_loss":105}],"is_beta":false,"boss_relics":[{"not_picked":["Sozu","Ring of the Serpent"],"picked":"Pandora\u0027s Box"},{"not_picked":["Philosopher\u0027s Stone","Coffee Dripper"],"picked":"Black Star"}],"items_purged_floors":[7,28,29,38,44,54],"is_endless":false,"potions_floor_spawned":[1,3,14,19,22,24,35,37,46,55],"ascension_level":20}