{"gold_per_floor":[118,128,145,70,87,87,121,121,121,72,72],"floor_reached":11,"playtime":409,"items_purged":["Strike_R"],"score":117,"play_id":"c906a49d-869c-450f-bab4-08fa7b1affa5","local_time":"20190711011759","is_ascension_mode":true,"campfire_choices":[{"floor":6,"key":"REST"}],"neow_cost":"TEN_PERCENT_HP_LOSS","seed_source_timestamp":1686254615084346,"circlet_count":0,"master_deck":["AscendersBane","Strike_R","Strike_R","Strike_R","Strike_R","Defend_R","Defend_R","Defend_R","Defend_R","Bash+1","Feed","Headbutt","Shrug It Off","Flex","Flame Barrier","Shrug It Off"],"relics":["Burning Blood","Blood Vial","Ornamental Fan"],"potions_floor_usage":[7,7],"damage_taken":[{"damage":20,"enemies":"2 Louse","floor":1,"turns":5},{"damage":1,"enemies":"Cultist","floor":2,"turns":3},{"damage":6,"enemies":"Jaw Worm","floor":3,"turns":3},{"damage":47,"enemies":"Exordium Wildlife","floor":5,"turns":10},{"damage":50,"enemies":"Lagavulin","floor":7,"turns":13},{"damage":23,"enemies":"Exordium Thugs","floor":11,"turns":5}],"seed_played":"-2558107628878822593","potions_obtained":[{"floor":1,"key":"EssenceOfSteel"},{"floor":3,"key":"LiquidBronze"},{"floor":5,"key":"Ancient Potion"}],"is_trial":false,"path_per_floor":["M","M","M","$","M","R","E","?","T","$","M"],"character_chosen":"IRONCLAD","items_purchased":["Shrug It Off"],"campfire_rested":1,"item_purchase_floors":[10],"current_hp_per_floor":[61,69,72,72,34,59,15,15,15,15,0],"gold":72,"neow_bonus":"THREE_RARE_CARDS","is_prod":false,"is_daily":false,"chose_seed":false,"campfire_upgraded":0,"win_rate":0,"timestamp":1562804279,"path_taken":["M","M","M","$","M","R","E","?","T","$","?"],"build_version":"2019-07-05","purchased_purges":1,"victory":false,"max_hp_per_floor":[75,78,81,81,84,84,84,84,84,84,84],"card_choices":[{"not_picked":["Barricade","Double Tap"],"picked":"Feed","floor":0},{"not_picked":["Metallicize","Power Through","Headbutt"],"picked":"SKIP","floor":1},{"not_picked":["Metallicize","Power Through"],"picked":"Headbutt","floor":1},{"not_picked":["Rampage","Wild Strike"],"picked":"Shrug It Off","floor":2},{"not_picked":["Sword Boomerang","Thunderclap"],"picked":"Flex","floor":3},{"not_picked":["Clash","Pummel","Warcry"],"picked":"SKIP","floor":5},{"not_picked":["Ghostly Armor","Wild Strike"],"picked":"Flame Barrier","floor":7}],"player_experience":340791,"relics_obtained":[{"floor":7,"key":"Blood Vial"},{"floor":9,"key":"Ornamental Fan"}],"event_choices":[{"damage_healed":0,"gold_gain":0,"player_choice":"Upgraded","damage_taken":0,"max_hp_gain":0,"max_hp_loss":0,"event_name":"Upgrade Shrine","floor":8,"gold_loss":0,"cards_upgraded":["Bash"]}],"is_beta":false,"boss_relics":[],"items_purged_floors":[4],"is_endless":false,"potions_floor_spawned":[1,3,5],"killed_by":"Exordium Thugs","ascension_level":12}