{"gold_per_floor":[118,129,147,157,176,205,229,246,246,279,6,38,38,71,71,147,147,159,177,102,102,118,146,156,156,156,190,190,216,616,616,616,691,691,707,707,724,724,257,257,15,15,66,80,92,92,92,121,121,121,121,121,121,71,97,97],"floor_reached":57,"playtime":2394,"items_purged":["Conserve Battery","Flying Knee","Flying Knee"],"score":2971,"play_id":"d16b61fc-0603-43a5-a99c-bdb7b90a4b42","local_time":"20190708012114","daily_mods":["Heirloom"],"is_ascension_mode":true,"campfire_choices":[{"data":"Inflame","floor":13.0,"key":"SMITH"},{"data":"Uppercut","floor":15.0,"key":"SMITH"},{"floor":25.0,"key":"RECALL"},{"floor":32.0,"key":"REST"},{"floor":40,"key":"REST"},{"floor":42,"key":"REST"},{"floor":47,"key":"REST"},{"floor":49,"key":"REST"},{"floor":53,"key":"REST"}],"neow_cost":"","seed_source_timestamp":435595288529600,"circlet_count":0,"master_deck":["Bash","Conserve Battery","Conserve Battery","Conserve Battery","Power Through","Uppercut+1","Feed","Carnage","Inflame+1","Flame Barrier+1","Barricade","Warcry+1","Havoc+1","Armaments+1","Dark Embrace","Ghostly Armor+1","Flame Barrier+1","Warcry+1","Rampage","Shrug It Off+1","Apotheosis+1","Evolve","Second Wind+1","Finesse+1","Second Wind+1","Bandage Up+1","Impatience+1","Entrench+1","Body Slam"],"special_seed":0,"relics":["Burning Blood","Bird Faced Urn","Ornamental Fan","Odd Mushroom","Smiling Mask","Red Skull","Toxic Egg 2","Omamori","Darkstone Periapt","Fusion Hammer","Happy Flower","Juzu Bracelet","Bottled Tornado","Red Mask","PreservedInsect","Old Coin","Question Card","Mark of Pain","Ancient Tea Set","Pear","Magic Flower"],"potions_floor_usage":[56],"damage_taken":[{"damage":0.0,"enemies":"Jaw Worm","floor":1.0,"turns":3.0},{"damage":0.0,"enemies":"Small Slimes","floor":2.0,"turns":3.0},{"damage":1.0,"enemies":"2 Louse","floor":3.0,"turns":3.0},{"damage":0.0,"enemies":"Exordium Thugs","floor":4.0,"turns":5.0},{"damage":0.0,"enemies":"2 Fungi Beasts","floor":5.0,"turns":3.0},{"damage":18.0,"enemies":"3 Sentries","floor":6.0,"turns":10.0},{"damage":6.0,"enemies":"The Mushroom Lair","floor":7.0,"turns":4.0},{"damage":0.0,"enemies":"Large Slime","floor":8.0,"turns":2.0},{"damage":0.0,"enemies":"Lagavulin","floor":10.0,"turns":10.0},{"damage":9.0,"enemies":"3 Sentries","floor":12.0,"turns":5.0},{"damage":0.0,"enemies":"Lagavulin","floor":14.0,"turns":4.0},{"damage":0.0,"enemies":"The Guardian","floor":16.0,"turns":10.0},{"damage":12.0,"enemies":"Spheric Guardian","floor":18.0,"turns":4.0},{"damage":8.0,"enemies":"2 Thieves","floor":19.0,"turns":4.0},{"damage":0.0,"enemies":"Centurion and Healer","floor":22.0,"turns":7.0},{"damage":37.0,"enemies":"Slavers","floor":23.0,"turns":7.0},{"damage":5.0,"enemies":"3 Cultists","floor":24.0,"turns":6.0},{"damage":15.0,"enemies":"Masked Bandits","floor":27.0,"turns":5.0},{"damage":44.0,"enemies":"Gremlin Leader","floor":29.0,"turns":7.0},{"damage":7.0,"enemies":"Colosseum Slavers","floor":30.0,"turns":4.0},{"damage":2.0,"enemies":"Colosseum Nobs","floor":30.0,"turns":5.0},{"damage":36.0,"enemies":"Collector","floor":33.0,"turns":17.0},{"damage":10.0,"enemies":"3 Shapes","floor":35.0,"turns":5.0},{"damage":18,"enemies":"Orb Walker","floor":37,"turns":5},{"damage":9,"enemies":"Transient","floor":44,"turns":6},{"damage":22,"enemies":"Sphere and 2 Shapes","floor":45,"turns":6},{"damage":45,"enemies":"Reptomancer","floor":48,"turns":5},{"damage":9,"enemies":"Donu and Deca","floor":50,"turns":10},{"damage":12,"enemies":"Time Eater","floor":51,"turns":17},{"damage":33,"enemies":"Shield and Spear","floor":55,"turns":12},{"damage":1,"enemies":"The Heart","floor":56,"turns":7}],"seed_played":"-1380048946125819542","potions_obtained":[{"floor":3.0,"key":"Ancient Potion"},{"floor":5.0,"key":"AttackPotion"},{"floor":6.0,"key":"PowerPotion"},{"floor":10.0,"key":"PowerPotion"},{"floor":19.0,"key":"Block Potion"},{"floor":22.0,"key":"Weak Potion"},{"floor":27.0,"key":"Fire Potion"},{"floor":29.0,"key":"FearPotion"},{"floor":30.0,"key":"PowerPotion"},{"floor":37,"key":"Dexterity Potion"}],"is_trial":true,"path_per_floor":["M","M","M","M","M","E","?","M","T","E","$","E","R","E","R","B",null,"M","M","?","?","M","E","M","R","T","?","?","E","?","?","R","B",null,"M","?","M","?","$","R","$","R","T","M","M","?","R","E","R","B","B",null,"R","$","E","B",null],"character_chosen":"IRONCLAD","items_purchased":["Toxic Egg 2","Apotheosis+1","Ancient Tea Set","Evolve","Second Wind+1","Finesse+1"],"campfire_rested":6,"item_purchase_floors":[11,39,39,39,41,41],"current_hp_per_floor":[74,75,75,75,75,63,66,75,75,84,84,84,84,87,87,90,90,87,87,87,87,96,71,78,78,78,75,75,43,61,61,91,73,99,107,107,103,103,103,111,111,111,111,108,101,91,115,86,123,129,125,128,129,129,112,133],"gold":97,"neow_bonus":"","is_prod":false,"is_daily":false,"chose_seed":false,"campfire_upgraded":2,"win_rate":0,"timestamp":1562516474,"path_taken":["M","M","M","M","M","E","?","M","T","E","$","E","R","E","R","BOSS","M","M","?","?","?","E","M","R","T","?","?","E","?","?","R","BOSS","M","?","M","?","$","R","$","R","T","M","M","?","R","E","R","BOSS","BOSS","R","$","E","BOSS"],"build_version":"2019-07-05","purchased_purges":3,"victory":true,"max_hp_per_floor":[75,75,75,75,75,75,78,81,81,84,84,87,87,87,87,90,90,93,93,93,93,96,100,100,100,100,100,100,100,103,103,103,107,107,111,111,111,111,111,111,111,111,111,111,115,115,115,125,125,129,129,129,129,129,133,133],"card_choices":[{"not_picked":["Warcry","Havoc","Headbutt"],"picked":"SKIP","floor":1.0},{"not_picked":["Corruption","Clash"],"picked":"Power Through","floor":2.0},{"not_picked":["Perfected Strike","Sword Boomerang","Iron Wave"],"picked":"SKIP","floor":3.0},{"not_picked":["Clash","Ghostly Armor"],"picked":"Uppercut","floor":4.0},{"not_picked":["Armaments","True Grit","Ghostly Armor"],"picked":"SKIP","floor":5.0},{"not_picked":["Iron Wave","Second Wind"],"picked":"Feed","floor":6.0},{"not_picked":["Blood for Blood","Dropkick"],"picked":"Carnage","floor":7.0},{"not_picked":["Blood for Blood","Iron Wave","Combust"],"picked":"SKIP","floor":8.0},{"not_picked":["Perfected Strike","Heavy Blade","Headbutt"],"picked":"SKIP","floor":10.0},{"not_picked":["Flex+1","Shrug It Off+1"],"picked":"Inflame","floor":12.0},{"not_picked":["Wild Strike","Cleave"],"picked":"Flame Barrier+1","floor":14.0},{"not_picked":["Reaper","Dark Embrace"],"picked":"Barricade","floor":16.0},{"not_picked":["Headbutt","Heavy Blade"],"picked":"Warcry+1","floor":18.0},{"not_picked":["Flex+1","Rampage"],"picked":"Havoc+1","floor":19.0},{"not_picked":["Anger","Wild Strike"],"picked":"Armaments+1","floor":22.0},{"not_picked":["Blood for Blood","Dropkick"],"picked":"Dark Embrace","floor":23.0},{"not_picked":["Infernal Blade+1","True Grit+1"],"picked":"Ghostly Armor+1","floor":24.0},{"not_picked":["Flex+1","Flame Barrier+1"],"picked":"Warcry+1","floor":29.0},{"not_picked":["Reaper","Feed","Brutality"],"picked":"Dark Embrace","floor":33.0},{"not_picked":["Anger+1","Armaments+1","Clothesline+1","Heavy Blade+1"],"picked":"SKIP","floor":35.0},{"not_picked":["Thunderclap","Heavy Blade+1","Wild Strike","Dark Embrace"],"picked":"SKIP","floor":37},{"not_picked":["Anger","Iron Wave","Pommel Strike","Metallicize"],"picked":"SKIP","floor":44},{"not_picked":["Bloodletting+1","Wild Strike","Inflame"],"picked":"Second Wind+1","floor":45},{"not_picked":["Thinking Ahead+1","Secret Weapon+1","HandOfGreed"],"picked":"Bandage Up+1","floor":46},{"not_picked":["Swift Strike","Flash of Steel","Dramatic Entrance"],"picked":"Impatience+1","floor":46},{"not_picked":["Dropkick","Iron Wave+1","Demon Form"],"picked":"Entrench+1","floor":48},{"not_picked":["Carnage+1","Wild Strike","Sentinel+1"],"picked":"Body Slam","floor":55}],"player_experience":5611249,"relics_obtained":[{"floor":6.0,"key":"Ornamental Fan"},{"floor":7.0,"key":"Odd Mushroom"},{"floor":9.0,"key":"Smiling Mask"},{"floor":10.0,"key":"Red Skull"},{"floor":12.0,"key":"Omamori"},{"floor":14.0,"key":"Darkstone Periapt"},{"floor":23.0,"key":"Juzu Bracelet"},{"floor":26.0,"key":"Bottled Tornado"},{"floor":27.0,"key":"Red Mask"},{"floor":29.0,"key":"PreservedInsect"},{"floor":30.0,"key":"Old Coin"},{"floor":30.0,"key":"Question Card"},{"floor":48,"key":"Pear"},{"floor":55,"key":"Magic Flower"}],"event_choices":[{"damage_healed":0.0,"max_hp_gain":0.0,"max_hp_loss":0.0,"gold_gain":0.0,"event_name":"Mushrooms","player_choice":"Fought Mushrooms","floor":7.0,"gold_loss":0.0,"damage_taken":0.0},{"cards_removed":["Flying Knee"],"damage_healed":0.0,"max_hp_gain":0.0,"max_hp_loss":0.0,"gold_gain":0.0,"event_name":"Beggar","player_choice":"Gave Gold","floor":20.0,"gold_loss":75.0,"damage_taken":0.0},{"damage_healed":0.0,"max_hp_gain":0.0,"max_hp_loss":0.0,"gold_gain":0.0,"event_name":"The Mausoleum","player_choice":"Opened","floor":21.0,"gold_loss":0.0,"damage_taken":0.0,"relics_obtained":["Happy Flower"],"cards_obtained":["Writhe"]},{"damage_healed":0.0,"max_hp_gain":0.0,"max_hp_loss":0.0,"gold_gain":0.0,"event_name":"Masked Bandits","player_choice":"Fought Bandits","floor":27.0,"gold_loss":0.0,"damage_taken":0.0},{"damage_healed":0.0,"max_hp_gain":0.0,"max_hp_loss":0.0,"gold_gain":0.0,"event_name":"Duplicator","player_choice":"Copied","floor":28.0,"gold_loss":0.0,"damage_taken":0.0,"cards_obtained":["Flame Barrier"]},{"damage_healed":0.0,"max_hp_gain":0.0,"max_hp_loss":0.0,"gold_gain":0.0,"event_name":"Colosseum","player_choice":"Fight","floor":30.0,"gold_loss":0.0,"damage_taken":0.0},{"damage_healed":0.0,"max_hp_gain":0.0,"max_hp_loss":0.0,"gold_gain":0.0,"event_name":"Colosseum","player_choice":"Fought Nobs","floor":30.0,"gold_loss":0.0,"damage_taken":0.0},{"damage_healed":0.0,"max_hp_gain":0.0,"max_hp_loss":0.0,"gold_gain":0.0,"cards_transformed":["Flying Knee","Flying Knee"],"event_name":"Drug Dealer","player_choice":"Became Test Subject","floor":31.0,"gold_loss":0.0,"damage_taken":0.0,"cards_obtained":["Rampage","Shrug It Off"]},{"damage_healed":0,"gold_gain":0,"player_choice":"Ignored","damage_taken":0,"max_hp_gain":0,"max_hp_loss":0,"event_name":"Mysterious Sphere","floor":36,"gold_loss":0},{"cards_removed":["Dark Embrace"],"damage_healed":0,"gold_gain":0,"player_choice":"Removed Power","damage_taken":0,"max_hp_gain":0,"max_hp_loss":0,"event_name":"Falling","floor":38,"gold_loss":0},{"damage_healed":0,"gold_gain":0,"player_choice":"Memory 3","damage_taken":10,"max_hp_gain":0,"max_hp_loss":0,"event_name":"SensoryStone","floor":46,"gold_loss":0}],"is_beta":false,"boss_relics":[{"not_picked":["Pandora\u0027s Box","Astrolabe"],"picked":"Fusion Hammer"},{"not_picked":["Lizard Tail","Velvet Choker"],"picked":"Mark of Pain"}],"items_purged_floors":[39,41,54],"is_endless":false,"potions_floor_spawned":[3,5,6,10,12,14,19,22,27,29,30,37],"ascension_level":20}