{"gold_per_floor":[112,37,53,53,53,53,83,83,83,109,9,24,42,62,62,139,139,154,125,125,137,50,50,50,76,123,123,141,141,153,184,184,262,262,275,150,150,150,0,0,15,15,38,38,67,81,81,91,91,91,91,91,91,6,35,35],"floor_reached":57,"playtime":2619,"items_purged":["Defend_G","Defend_G","Strike_G","Strike_G"],"score":2756,"play_id":"5df88dbf-48e7-4e8f-8534-96b93d0b6bab","local_time":"20190719020343","is_ascension_mode":true,"campfire_choices":[{"data":"Neutralize","floor":6,"key":"SMITH"},{"data":"Backflip","floor":8,"key":"SMITH"},{"data":"A Thousand Cuts","floor":15,"key":"SMITH"},{"data":"Cloak And Dagger","floor":23,"key":"SMITH"},{"floor":24,"key":"REST"},{"data":"Malaise","floor":27,"key":"SMITH"},{"data":"After Image","floor":29,"key":"SMITH"},{"data":"Cloak And Dagger","floor":32,"key":"SMITH"},{"data":"Madness","floor":40,"key":"SMITH"},{"data":"Madness","floor":42,"key":"SMITH"},{"data":"Night Terror","floor":44,"key":"SMITH"},{"floor":49,"key":"RECALL"},{"data":"Footwork","floor":53,"key":"SMITH"}],"neow_cost":"NONE","seed_source_timestamp":718806073745800,"circlet_count":0,"master_deck":["AscendersBane","Strike_G+1","Strike_G","Strike_G","Defend_G+1","Defend_G","Defend_G+1","Survivor","Neutralize+1","Heel Hook","Leg Sweep+1","Backflip+1","A Thousand Cuts+1","Deflect","Noxious Fumes+1","Backstab","After Image+1","Prepared+1","Acrobatics","Cloak And Dagger+1","PiercingWail","Malaise+1","Cloak And Dagger+1","Blur+1","Night Terror+1","PiercingWail","Madness+1","Madness+1","Footwork+1","Flechettes+1","Caltrops+1","PiercingWail","Calculated Gamble+1"],"relics":["Ring of the Snake","Pen Nib","WingedGreaves","Ornamental Fan","Question Card","Bottled Lightning","Busted Crown","Potion Belt","War Paint","Runic Pyramid","Lantern","Centennial Puzzle","Mummified Hand"],"potions_floor_usage":[7,10,16,30,31,33,46,50,55,56,56],"damage_taken":[{"damage":3,"enemies":"Cultist","floor":1,"turns":5},{"damage":1,"enemies":"2 Louse","floor":3,"turns":3},{"damage":3,"enemies":"Gremlin Nob","floor":7,"turns":3},{"damage":24,"enemies":"Lagavulin","floor":10,"turns":12},{"damage":2,"enemies":"Small Slimes","floor":12,"turns":3},{"damage":0,"enemies":"Blue Slaver","floor":13,"turns":7},{"damage":1,"enemies":"Exordium Wildlife","floor":14,"turns":6},{"damage":0,"enemies":"The Guardian","floor":16,"turns":9},{"damage":11,"enemies":"Chosen","floor":18,"turns":5},{"damage":6,"enemies":"2 Thieves","floor":19,"turns":4},{"damage":7,"enemies":"Sentry and Sphere","floor":21,"turns":7},{"damage":13,"enemies":"Book of Stabbing","floor":25,"turns":6},{"damage":0,"enemies":"Snake Plant","floor":28,"turns":7},{"damage":2,"enemies":"Centurion and Healer","floor":30,"turns":6},{"damage":3,"enemies":"Gremlin Leader","floor":31,"turns":6},{"damage":12,"enemies":"Automaton","floor":33,"turns":11},{"damage":0,"enemies":"3 Darklings","floor":35,"turns":5},{"damage":0,"enemies":"3 Shapes","floor":41,"turns":7},{"damage":0,"enemies":"Nemesis","floor":45,"turns":9},{"damage":0,"enemies":"Jaw Worm Horde","floor":46,"turns":4},{"damage":0,"enemies":"Writhing Mass","floor":48,"turns":8},{"damage":10,"enemies":"Time Eater","floor":50,"turns":19},{"damage":9,"enemies":"Donu and Deca","floor":51,"turns":14},{"damage":43,"enemies":"Shield and Spear","floor":55,"turns":11},{"damage":5,"enemies":"The Heart","floor":56,"turns":12}],"seed_played":"1716397992225628820","potions_obtained":[{"floor":1,"key":"Fire Potion"},{"floor":3,"key":"FearPotion"},{"floor":12,"key":"Strength Potion"},{"floor":25,"key":"AttackPotion"},{"floor":28,"key":"Explosive Potion"},{"floor":30,"key":"Ancient Potion"},{"floor":31,"key":"FearPotion"},{"floor":33,"key":"Explosive Potion"},{"floor":41,"key":"Weak Potion"},{"floor":48,"key":"Strength Potion"}],"is_trial":false,"path_per_floor":["M","$","M","T","?","R","E","R","T","E","$","M","M","M","R","B",null,"M","M","?","M","$","R","R","E","T","R","M","R","M","E","R","B",null,"M","$","?","?","$","R","M","R","T","R","E","M","$","M","R","B","B",null,"R","$","E","B",null],"character_chosen":"THE_SILENT","items_purchased":["Cloak And Dagger","PiercingWail","GhostInAJar"],"campfire_rested":1,"item_purchase_floors":[22,22,54],"current_hp_per_floor":[56,56,55,55,35,35,32,32,32,8,8,6,6,5,5,5,51,40,34,34,27,27,27,46,33,33,33,33,33,31,28,28,16,54,54,54,54,42,42,42,42,42,42,42,42,42,42,42,42,32,23,55,55,55,12,7],"gold":35,"neow_bonus":"RANDOM_COMMON_RELIC","is_prod":false,"is_daily":false,"chose_seed":false,"campfire_upgraded":11,"win_rate":0,"timestamp":1563469423,"path_taken":["M","?","M","?","?","R","E","R","T","E","$","M","M","M","R","BOSS","M","M","?","?","$","R","R","E","T","R","M","R","M","E","R","BOSS","M","$","?","?","$","R","M","R","T","R","E","M","?","M","R","BOSS","BOSS","R","$","E","BOSS"],"build_version":"2019-07-17","purchased_purges":4,"victory":true,"max_hp_per_floor":[66,66,66,66,66,66,66,66,66,66,66,66,66,66,66,66,66,66,66,66,66,66,66,66,66,66,66,66,66,66,66,66,66,66,66,66,66,66,66,66,66,66,66,66,66,66,66,66,66,66,66,66,66,66,66,66],"card_choices":[{"not_picked":["Outmaneuver","Poisoned Stab"],"picked":"Heel Hook","floor":1},{"not_picked":["Setup","Dagger Spray"],"picked":"Leg Sweep","floor":3},{"not_picked":["Poisoned Stab","Dagger Spray"],"picked":"Backflip","floor":7},{"not_picked":["Sucker Punch","Outmaneuver","Predator"],"picked":"A Thousand Cuts","floor":10},{"not_picked":["Slice","Dagger Spray","Catalyst"],"picked":"Deflect","floor":12},{"not_picked":["Expertise","Dodge and Roll","Masterful Stab"],"picked":"Noxious Fumes","floor":13},{"not_picked":["Flechettes","Dagger Throw","Tactician"],"picked":"Backstab","floor":14},{"not_picked":["Malaise","Storm of Steel","Corpse Explosion"],"picked":"After Image","floor":16},{"not_picked":["Backflip","Leg Sweep"],"picked":"SKIP","floor":18},{"not_picked":["Backflip","Leg Sweep"],"picked":"SKIP","floor":18},{"not_picked":["Masterful Stab+1"],"picked":"Prepared+1","floor":19},{"not_picked":["Caltrops+1"],"picked":"Acrobatics","floor":21},{"not_picked":["Deflect"],"picked":"Malaise","floor":25},{"not_picked":["Blade Dance"],"picked":"Cloak And Dagger","floor":28},{"not_picked":["Underhanded Strike","Prepared"],"picked":"SKIP","floor":30},{"not_picked":["Sucker Punch+1"],"picked":"Blur+1","floor":31},{"not_picked":["Glass Knife"],"picked":"Night Terror","floor":33},{"not_picked":["Dodge and Roll"],"picked":"PiercingWail","floor":35},{"not_picked":["Cloak And Dagger+1"],"picked":"Footwork","floor":41},{"not_picked":["Unload"],"picked":"Flechettes+1","floor":45},{"not_picked":["Eviscerate"],"picked":"Caltrops+1","floor":46},{"not_picked":["Dash+1"],"picked":"PiercingWail","floor":48},{"not_picked":["Acrobatics+1"],"picked":"Calculated Gamble+1","floor":55}],"player_experience":5741404,"relics_obtained":[{"floor":4,"key":"WingedGreaves"},{"floor":7,"key":"Ornamental Fan"},{"floor":9,"key":"Question Card"},{"floor":10,"key":"Bottled Lightning"},{"floor":25,"key":"Potion Belt"},{"floor":31,"key":"War Paint"},{"floor":43,"key":"Lantern"},{"floor":45,"key":"Centennial Puzzle"},{"floor":55,"key":"Mummified Hand"}],"event_choices":[{"damage_healed":0,"gold_gain":0,"player_choice":"Entered Light","damage_taken":20,"max_hp_gain":0,"max_hp_loss":0,"event_name":"Shining Light","floor":5,"gold_loss":0,"cards_upgraded":["Strike_G","Leg Sweep"]},{"damage_healed":0,"gold_gain":0,"player_choice":"Upgraded","damage_taken":0,"max_hp_gain":0,"max_hp_loss":0,"event_name":"Upgrade Shrine","floor":20,"gold_loss":0,"cards_upgraded":["Noxious Fumes"]},{"damage_healed":0,"gold_gain":0,"player_choice":"Ignored","damage_taken":0,"max_hp_gain":0,"max_hp_loss":0,"event_name":"Tomb of Lord Red Mask","floor":37,"gold_loss":0},{"damage_healed":0,"gold_gain":0,"player_choice":"Embrace Madness","damage_taken":12,"max_hp_gain":0,"max_hp_loss":0,"event_name":"Winding Halls","floor":38,"gold_loss":0,"cards_obtained":["Madness","Madness"]}],"is_beta":false,"boss_relics":[{"not_picked":["Black Star","Ectoplasm"],"picked":"Busted Crown"},{"not_picked":["Cursed Key","Ring of the Serpent"],"picked":"Runic Pyramid"}],"items_purged_floors":[2,11,36,39],"is_endless":false,"potions_floor_spawned":[1,3,12,25,28,30,31,33,41,48],"ascension_level":20}