{"gold_per_floor":[114,127,143,143,143,143,178,198,222,239,239,271,289,289,289,361,361,376,388,28,28,42,42,60,60,60,60,76,104,121,21,21,93,93,109,209,226,237,254,254,254,254,277,277,296,37,37,62,62,62,62,62,62,6,39,39],"floor_reached":56,"playtime":2328,"items_purged":["Strike_B","Strike_B","FTL"],"score":1818,"play_id":"b8213196-e3c6-4244-9328-d9c43bd57be2","local_time":"20190625022430","is_ascension_mode":true,"campfire_choices":[{"data":"Zap","floor":6.0,"key":"SMITH"},{"floor":11.0,"key":"REST"},{"data":"Barrage","floor":15.0,"key":"SMITH"},{"data":"Strike_B","floor":23.0,"key":"PURGE"},{"floor":25.0,"key":"REST"},{"floor":27.0,"key":"REST"},{"floor":32.0,"key":"REST"},{"data":"Defend_B","floor":40.0,"key":"PURGE"},{"data":"Defend_B","floor":41.0,"key":"PURGE"},{"data":"Defend_B","floor":42.0,"key":"PURGE"},{"floor":44.0,"key":"RECALL"},{"data":"Capacitor","floor":47.0,"key":"SMITH"},{"floor":49.0,"key":"REST"},{"data":"Zap+1","floor":53.0,"key":"PURGE"}],"neow_cost":"TEN_PERCENT_HP_LOSS","seed_source_timestamp":544208352942600,"circlet_count":0,"master_deck":["AscendersBane","Dualcast","Ball Lightning","Ball Lightning","Echo Form","Barrage+1","Multi-Cast+1","BootSequence+1","Coolheaded","Electrodynamics","Amplify+1","Conserve Battery+1","Coolheaded+1","Hologram+1","Rainbow+1","Consume+1","Undo+1","Rainbow+1","Leap+1","Conserve Battery+1","White Noise+1","Capacitor+1","Coolheaded+1","White Noise+1","Creative AI"],"special_seed":0,"relics":["Cracked Core","Regal Pillow","Dream Catcher","Ancient Tea Set","Singing Bowl","Snecko Eye","Toxic Egg 2","Peace Pipe","Shuriken","Philosopher\u0027s Stone","WingedGreaves","Anchor","War Paint","Bottled Lightning"],"potions_floor_usage":[56,56],"damage_taken":[{"damage":12.0,"enemies":"Small Slimes","floor":1.0,"turns":3.0},{"damage":7.0,"enemies":"Jaw Worm","floor":2.0,"turns":3.0},{"damage":1.0,"enemies":"Cultist","floor":3.0,"turns":3.0},{"damage":15.0,"enemies":"Lagavulin","floor":7.0,"turns":5.0},{"damage":6.0,"enemies":"Looter","floor":8.0,"turns":2.0},{"damage":1.0,"enemies":"2 Fungi Beasts","floor":10.0,"turns":2.0},{"damage":30.0,"enemies":"3 Sentries","floor":12.0,"turns":6.0},{"damage":8.0,"enemies":"Gremlin Gang","floor":13.0,"turns":3.0},{"damage":7.0,"enemies":"Slime Boss","floor":16.0,"turns":8.0},{"damage":0.0,"enemies":"Chosen","floor":18.0,"turns":3.0},{"damage":0.0,"enemies":"3 Byrds","floor":19.0,"turns":2.0},{"damage":38.0,"enemies":"Snake Plant","floor":22.0,"turns":4.0},{"damage":12.0,"enemies":"Shelled Parasite and Fungi","floor":24.0,"turns":4.0},{"damage":0.0,"enemies":"Cultist and Chosen","floor":28.0,"turns":3.0},{"damage":22.0,"enemies":"Book of Stabbing","floor":29.0,"turns":4.0},{"damage":21.0,"enemies":"Snake Plant","floor":30.0,"turns":3.0},{"damage":18.0,"enemies":"Champ","floor":33.0,"turns":14.0},{"damage":8.0,"enemies":"3 Shapes","floor":35.0,"turns":2.0},{"damage":0.0,"enemies":"Mind Bloom Boss Battle","floor":36.0,"turns":8.0},{"damage":0.0,"enemies":"Orb Walker","floor":37.0,"turns":2.0},{"damage":3.0,"enemies":"Spire Growth","floor":38.0,"turns":6.0},{"damage":1.0,"enemies":"3 Darklings","floor":39.0,"turns":4.0},{"damage":18.0,"enemies":"Transient","floor":45.0,"turns":6.0},{"damage":0.0,"enemies":"Giant Head","floor":48.0,"turns":6.0},{"damage":29.0,"enemies":"Donu and Deca","floor":50.0,"turns":8.0},{"damage":12.0,"enemies":"Awakened One","floor":51.0,"turns":12.0},{"damage":16.0,"enemies":"Shield and Spear","floor":55.0,"turns":6.0},{"damage":110,"enemies":"The Heart","floor":56,"turns":3}],"seed_played":"-6124501817525565340","potions_obtained":[{"floor":7.0,"key":"Energy Potion"},{"floor":10.0,"key":"Swift Potion"},{"floor":13.0,"key":"Regen Potion"},{"floor":16.0,"key":"EssenceOfSteel"},{"floor":18.0,"key":"FocusPotion"},{"floor":22.0,"key":"Explosive Potion"},{"floor":24.0,"key":"EntropicBrew"},{"floor":29.0,"key":"Energy Potion"},{"floor":36.0,"key":"Explosive Potion"},{"floor":45.0,"key":"Regen Potion"},{"floor":48.0,"key":"Weak Potion"},{"floor":55.0,"key":"Swift Potion"}],"is_trial":false,"path_per_floor":["M","M","M","?","?","R","E","M","T","M","R","E","M","?","R","B",null,"M","M","$","?","M","R","M","R","T","R","M","E","M","$","R","B",null,"M","?","M","M","M","R","R","R","T","R","M","$","R","E","R","B","B",null,"R","$","E","B"],"character_chosen":"DEFECT","items_purchased":["Toxic Egg 2","Capacitor","Coolheaded+1","SpeedPotion"],"campfire_rested":5,"item_purchase_floors":[20,46,46,54],"current_hp_per_floor":[52,45,44,33,33,33,18,12,12,11,45,15,7,7,7,17,54,56,58,58,58,22,22,10,46,46,72,72,50,29,29,65,47,66,58,58,60,57,58,58,58,58,58,58,42,42,42,58,80,51,39,70,70,70,54,0],"gold":39,"neow_bonus":"REMOVE_TWO","is_prod":false,"is_daily":false,"chose_seed":false,"campfire_upgraded":3,"win_rate":0,"timestamp":1561397070,"path_taken":["M","M","M","?","?","R","E","?","T","M","R","E","M","?","R","BOSS","M","M","$","?","M","R","M","R","T","R","?","E","M","$","R","BOSS","M","?","M","M","M","R","R","R","T","R","M","$","R","E","R","BOSS","BOSS","R","$","E","BOSS"],"build_version":"2019-01-23","purchased_purges":3,"victory":false,"max_hp_per_floor":[64,64,64,64,64,64,64,64,64,64,64,64,64,64,64,66,66,68,70,70,70,72,72,72,72,72,72,72,72,72,72,72,72,72,72,72,74,74,76,76,76,76,76,76,78,78,78,80,80,80,80,80,80,80,80,80],"card_choices":[{"not_picked":["Turbo","Conserve Battery"],"picked":"FTL","floor":1.0},{"not_picked":["Stack","Turbo"],"picked":"Ball Lightning","floor":2.0},{"not_picked":["Hologram","Streamline"],"picked":"Ball Lightning","floor":3.0},{"not_picked":["Stack","Barrage"],"picked":"Multi-Cast","floor":7.0},{"not_picked":["Streamline","Turbo","Gash"],"picked":"SKIP","floor":8.0},{"not_picked":["Go for the Eyes","Gash"],"picked":"BootSequence","floor":10.0},{"not_picked":["Hologram","Fusion"],"picked":"Coolheaded","floor":12.0},{"not_picked":["Auto Shields","Gash"],"picked":"Electrodynamics","floor":13.0},{"not_picked":["Meteor Strike","Multi-Cast","Echo Form"],"picked":"Singing Bowl","floor":16.0},{"not_picked":["Barrage","Leap","Steam+1"],"picked":"Singing Bowl","floor":18.0},{"not_picked":["Ball Lightning","Compile Driver","Cold Snap+1"],"picked":"Singing Bowl","floor":19.0},{"not_picked":["Go for the Eyes+1","Rip and Tear","Chaos+1"],"picked":"Singing Bowl","floor":22.0},{"not_picked":["Steam+1","Stack+1"],"picked":"Amplify+1","floor":24.0},{"not_picked":["Sweeping Beam","Beam Cell+1"],"picked":"Conserve Battery+1","floor":25.0},{"not_picked":["Fusion+1","Aggregate+1"],"picked":"Coolheaded+1","floor":27.0},{"not_picked":["Rebound","Cold Snap"],"picked":"Hologram+1","floor":28.0},{"not_picked":["Go for the Eyes","Double Energy+1"],"picked":"Rainbow+1","floor":29.0},{"not_picked":["White Noise+1","Darkness+1"],"picked":"Consume+1","floor":30.0},{"not_picked":["Double Energy+1","Doom and Gloom"],"picked":"Undo+1","floor":32.0},{"not_picked":["Amplify+1","Electrodynamics"],"picked":"Rainbow+1","floor":33.0},{"not_picked":["Scrape","Stack+1"],"picked":"Leap+1","floor":35.0},{"not_picked":["Sweeping Beam","Undo+1"],"picked":"Conserve Battery+1","floor":36.0},{"not_picked":["Chaos+1","Stack+1","Reinforced Body+1"],"picked":"Singing Bowl","floor":37.0},{"not_picked":["Self Repair","Melter+1"],"picked":"White Noise+1","floor":38.0},{"not_picked":["Barrage","Turbo+1","Cold Snap"],"picked":"Singing Bowl","floor":39.0},{"not_picked":["Turbo+1","Redo+1","Doom and Gloom"],"picked":"Singing Bowl","floor":45.0},{"not_picked":["Coolheaded+1","Go for the Eyes","White Noise+1"],"picked":"Singing Bowl","floor":48.0},{"not_picked":["BootSequence+1","Conserve Battery+1"],"picked":"White Noise+1","floor":49.0},{"not_picked":["Skim+1","Leap+1"],"picked":"Creative AI","floor":55.0}],"player_experience":5484848,"relics_obtained":[{"floor":7.0,"key":"Dream Catcher"},{"floor":9.0,"key":"Ancient Tea Set"},{"floor":12.0,"key":"Singing Bowl"},{"floor":29.0,"key":"Shuriken"},{"floor":36.0,"key":"WingedGreaves"},{"floor":43.0,"key":"Anchor"},{"floor":48.0,"key":"War Paint"},{"floor":55.0,"key":"Bottled Lightning"}],"event_choices":[{"damage_healed":0.0,"max_hp_gain":0.0,"max_hp_loss":0.0,"gold_gain":0.0,"event_name":"Scrap Ooze","player_choice":"Success","floor":4.0,"gold_loss":0.0,"damage_taken":11.0,"relics_obtained":["Regal Pillow"]},{"damage_healed":0.0,"max_hp_gain":0.0,"max_hp_loss":0.0,"gold_gain":0.0,"event_name":"Match and Keep!","player_choice":"2 cards matched","floor":5.0,"gold_loss":0.0,"damage_taken":0.0,"cards_obtained":["Echo Form","Barrage"]},{"damage_healed":0.0,"max_hp_gain":0.0,"max_hp_loss":0.0,"gold_gain":0.0,"event_name":"Shining Light","player_choice":"Ignored","floor":14.0,"gold_loss":0.0,"damage_taken":0.0},{"damage_healed":0.0,"max_hp_gain":0.0,"max_hp_loss":0.0,"gold_gain":0.0,"event_name":"WeMeetAgain","player_choice":"Gave Potion","floor":21.0,"gold_loss":0.0,"damage_taken":0.0,"relics_obtained":["Peace Pipe"]},{"damage_healed":0.0,"max_hp_gain":0.0,"max_hp_loss":0.0,"gold_gain":0.0,"event_name":"MindBloom","player_choice":"Fight","floor":36.0,"gold_loss":0.0,"damage_taken":0.0}],"is_beta":false,"boss_relics":[{"not_picked":["Velvet Choker","Cursed Key"],"picked":"Snecko Eye"},{"not_picked":["Calling Bell","Orrery"],"picked":"Philosopher\u0027s Stone"}],"items_purged_floors":[20,31,46],"is_endless":false,"potions_floor_spawned":[7,10,13,16,18,22,24,29,36,39,45,48,55],"killed_by":"The Heart","ascension_level":20}