{"gold_per_floor":[112,112,130,140,64,64,97,97,97,114,114,114,114,133,133,238,238,253,253,267,267,280,312,323,323,323,248,248,259,285,285],"floor_reached":31,"playtime":1411,"items_purged":[],"score":314,"play_id":"fcfe36ba-b7c3-42bd-94f7-c67521cfad7f","local_time":"20190720145401","is_ascension_mode":true,"campfire_choices":[{"floor":6,"key":"RECALL"},{"data":"Fusion","floor":8,"key":"SMITH"},{"data":"Reinforced Body","floor":11,"key":"SMITH"},{"data":"Storm","floor":13,"key":"SMITH"},{"data":"Redo","floor":15,"key":"SMITH"},{"floor":28,"key":"REST"}],"neow_cost":"NONE","seed_source_timestamp":851936262299800,"circlet_count":0,"master_deck":["Defend_B","Defend_B","Defend_B","Zap","Dualcast","Tempest+1","Reinforced Body+1","Redo+1","Chill","Fusion+1","Storm+1","Lockon+1","Buffer","Conserve Battery","FTL+1","Consume","Self Repair","Glacier","Static Discharge","RitualDagger+1","Lockon+1","Cold Snap+1","Heatsinks","BootSequence","Bite+1","Bite+1","Bite+1","Bite+1","Bite+1","Blizzard+1"],"relics":["Cracked Core","Molten Egg 2","Mango","Orrery","Potion Belt","Boot","Pear","Turnip"],"potions_floor_usage":[7,16,16,23,24,31],"damage_taken":[{"damage":0,"enemies":"Small Slimes","floor":1,"turns":4},{"damage":6,"enemies":"Cultist","floor":3,"turns":3},{"damage":1,"enemies":"2 Louse","floor":4,"turns":2},{"damage":27,"enemies":"3 Sentries","floor":7,"turns":12},{"damage":3,"enemies":"Red Slaver","floor":10,"turns":3},{"damage":2,"enemies":"2 Fungi Beasts","floor":14,"turns":2},{"damage":40,"enemies":"Slime Boss","floor":16,"turns":13},{"damage":27,"enemies":"2 Thieves","floor":18,"turns":5},{"damage":14,"enemies":"3 Byrds","floor":20,"turns":3},{"damage":18,"enemies":"Snake Plant","floor":22,"turns":6},{"damage":42,"enemies":"Book of Stabbing","floor":23,"turns":7},{"damage":5,"enemies":"Snecko","floor":24,"turns":7},{"damage":34,"enemies":"Centurion and Healer","floor":29,"turns":8},{"damage":29,"enemies":"Slavers","floor":30,"turns":6},{"damage":25,"enemies":"Masked Bandits","floor":31,"turns":3}],"seed_played":"-2905925683290685912","potions_obtained":[{"floor":1,"key":"Ancient Potion"},{"floor":3,"key":"Regen Potion"},{"floor":4,"key":"Energy Potion"},{"floor":20,"key":"Weak Potion"},{"floor":23,"key":"Block Potion"},{"floor":30,"key":"FocusPotion"}],"is_trial":false,"path_per_floor":["M","?","M","M","$","R","E","R","T","M","R","?","R","M","R","B",null,"M","?","M","?","M","E","M","?","T","?","R","M","E","?"],"character_chosen":"DEFECT","items_purchased":["Chill"],"campfire_rested":1,"item_purchase_floors":[5],"current_hp_per_floor":[82,82,76,75,75,75,63,63,77,74,74,74,74,72,72,32,96,76,70,63,63,52,10,5,5,15,15,38,29,16,0],"gold":285,"neow_bonus":"TEN_PERCENT_HP_BONUS","is_prod":false,"is_daily":false,"chose_seed":false,"campfire_upgraded":4,"win_rate":0,"timestamp":1563652441,"path_taken":["M","?","M","M","$","R","E","R","T","?","R","?","R","?","R","BOSS","M","?","M","?","M","E","M","?","T","?","R","M","E","?"],"build_version":"2019-07-17","purchased_purges":0,"victory":false,"max_hp_per_floor":[82,82,82,82,82,82,82,82,96,96,96,96,96,96,96,96,96,96,96,96,96,96,96,96,67,77,77,77,77,77,77],"card_choices":[{"not_picked":["Stack","Streamline"],"picked":"Tempest","floor":1},{"not_picked":["Rebound","Turbo"],"picked":"Reinforced Body","floor":3},{"not_picked":["Rebound","Steam"],"picked":"Redo","floor":4},{"not_picked":["Turbo","Sweeping Beam"],"picked":"Fusion","floor":7},{"not_picked":["Ball Lightning+1","Streamline+1"],"picked":"Storm","floor":10},{"not_picked":["Undo","Hologram"],"picked":"Lockon+1","floor":14},{"not_picked":["Hyperbeam+1","Meteor Strike+1"],"picked":"Buffer","floor":16},{"not_picked":["Streamline+1","Fusion"],"picked":"Conserve Battery","floor":17},{"not_picked":["Beam Cell+1","Barrage+1"],"picked":"FTL+1","floor":17},{"not_picked":["Redo","Rip and Tear+1"],"picked":"Consume","floor":17},{"not_picked":["Go for the Eyes+1","Fusion"],"picked":"Self Repair","floor":17},{"not_picked":["Barrage+1","Fusion"],"picked":"Glacier","floor":17},{"not_picked":["Conserve Battery","Sweeping Beam+1"],"picked":"Static Discharge","floor":18},{"not_picked":["Sweeping Beam+1","Go for the Eyes+1"],"picked":"Lockon+1","floor":20},{"not_picked":["Redo+1","Self Repair"],"picked":"Cold Snap+1","floor":22},{"not_picked":["Tempest","Lockon+1"],"picked":"Heatsinks","floor":23},{"not_picked":["Turbo","Conserve Battery"],"picked":"BootSequence","floor":24},{"not_picked":["Skim","Thunder Strike+1"],"picked":"Blizzard+1","floor":29},{"not_picked":["Turbo","Compile Driver+1","Sweeping Beam+1"],"picked":"SKIP","floor":30}],"player_experience":116766,"relics_obtained":[{"floor":7,"key":"Molten Egg 2"},{"floor":9,"key":"Mango"},{"floor":23,"key":"Boot"},{"floor":26,"key":"Pear"},{"floor":30,"key":"Turnip"}],"event_choices":[{"damage_healed":0,"gold_gain":0,"player_choice":"Upgraded","damage_taken":0,"max_hp_gain":0,"max_hp_loss":0,"event_name":"Upgrade Shrine","floor":2,"gold_loss":0,"cards_upgraded":["Tempest"]},{"damage_healed":0,"gold_gain":0,"player_choice":"Ignored","damage_taken":0,"max_hp_gain":0,"max_hp_loss":0,"event_name":"NoteForYourself","floor":12,"gold_loss":0},{"damage_healed":0,"gold_gain":0,"player_choice":"Joined the Cult","damage_taken":6,"max_hp_gain":0,"max_hp_loss":0,"event_name":"Nest","floor":19,"gold_loss":0,"cards_obtained":["RitualDagger"]},{"damage_healed":0,"gold_gain":0,"player_choice":"Opened","damage_taken":0,"relics_obtained":["Potion Belt"],"max_hp_gain":0,"max_hp_loss":0,"event_name":"The Mausoleum","floor":21,"gold_loss":0},{"damage_healed":0,"gold_gain":0,"player_choice":"Became a vampire","damage_taken":0,"max_hp_gain":0,"max_hp_loss":29,"event_name":"Vampires","floor":25,"gold_loss":0,"cards_obtained":["Bite","Bite","Bite","Bite","Bite"]},{"cards_removed":["Defend_B"],"damage_healed":0,"gold_gain":0,"player_choice":"Gave Gold","damage_taken":0,"max_hp_gain":0,"max_hp_loss":0,"event_name":"Beggar","floor":27,"gold_loss":75},{"damage_healed":0,"gold_gain":0,"player_choice":"Fought Bandits","damage_taken":0,"max_hp_gain":0,"max_hp_loss":0,"event_name":"Masked Bandits","floor":31,"gold_loss":0}],"is_beta":false,"boss_relics":[{"not_picked":["Calling Bell","Fusion Hammer"],"picked":"Orrery"}],"items_purged_floors":[],"is_endless":false,"potions_floor_spawned":[1,3,4,20,23,30],"killed_by":"Masked Bandits","ascension_level":1}