{"gold_per_floor":[119,139,64,74,88,117,117,144,144,161,171,206,72,86,86,163,163,180,199,199,211,231,231],"floor_reached":23,"playtime":687,"items_purged":["Strike_R"],"score":684,"play_id":"281625b3-f835-46ad-a958-8c46570033d2","local_time":"20190504014508","is_ascension_mode":true,"campfire_choices":[{"floor":7,"key":"REST"},{"data":"Perfected Strike","floor":15,"key":"SMITH"}],"neow_cost":"CURSE","seed_source_timestamp":1118169556360099,"circlet_count":0,"master_deck":["AscendersBane","Strike_R","Strike_R","Strike_R","Strike_R","Defend_R","Defend_R","Defend_R","Defend_R","Bash","Injury","Havoc","Perfected Strike+1","Warcry","Pommel Strike","Offering","Ghostly Armor","Havoc","Wild Strike","Power Through","Reaper","Parasite","Parasite","Injury","Second Wind","Shrug It Off+1","True Grit"],"relics":["Burning Blood","Dead Branch","Orichalcum","Mercury Hourglass","The Courier","Bag of Preparation","Red Skull","Calling Bell","Art of War","Self Forming Clay","Nloth\u0027s Gift"],"potions_floor_usage":[6,8,23],"damage_taken":[{"damage":4,"enemies":"Small Slimes","floor":1,"turns":5},{"damage":0,"enemies":"Cultist","floor":2,"turns":2},{"damage":9,"enemies":"Jaw Worm","floor":4,"turns":4},{"damage":16,"enemies":"2 Fungi Beasts","floor":5,"turns":3},{"damage":38,"enemies":"Lagavulin","floor":6,"turns":7},{"damage":6,"enemies":"3 Sentries","floor":8,"turns":2},{"damage":9,"enemies":"Blue Slaver","floor":10,"turns":2},{"damage":6,"enemies":"Large Slime","floor":11,"turns":6},{"damage":14,"enemies":"Lagavulin","floor":12,"turns":5},{"damage":4,"enemies":"Exordium Wildlife","floor":14,"turns":2},{"damage":12,"enemies":"Slime Boss","floor":16,"turns":4},{"damage":0,"enemies":"Spheric Guardian","floor":18,"turns":1},{"damage":21,"enemies":"2 Thieves","floor":19,"turns":4},{"damage":36,"enemies":"Cultist and Chosen","floor":21,"turns":4},{"damage":13,"enemies":"Centurion and Healer","floor":22,"turns":6},{"damage":53,"enemies":"Gremlin Leader","floor":23,"turns":5}],"seed_played":"-1315421832216215341","potions_obtained":[{"floor":1,"key":"SteroidPotion"},{"floor":5,"key":"SpeedPotion"},{"floor":6,"key":"AttackPotion"},{"floor":11,"key":"EssenceOfSteel"},{"floor":19,"key":"EssenceOfSteel"}],"is_trial":false,"path_per_floor":["M","M","$","M","M","E","R","E","T","M","M","E","$","M","R","B",null,"M","M","?","M","M","E"],"character_chosen":"IRONCLAD","items_purchased":["Red Skull"],"campfire_rested":1,"item_purchase_floors":[13],"current_hp_per_floor":[70,75,75,72,62,30,52,52,52,49,49,41,41,43,43,37,66,72,61,61,31,31,0],"gold":231,"neow_bonus":"ONE_RARE_RELIC","is_prod":false,"is_daily":false,"chose_seed":true,"campfire_upgraded":1,"win_rate":0,"timestamp":1556901908,"path_taken":["M","M","$","M","M","E","R","E","T","M","M","E","$","M","R","BOSS","M","M","?","M","?","E"],"build_version":"2019-01-23","purchased_purges":1,"victory":false,"max_hp_per_floor":[75,75,75,75,75,75,75,75,75,75,75,75,75,75,75,75,75,75,75,75,75,75,75],"card_choices":[{"not_picked":["Rampage","Entrench"],"picked":"Havoc","floor":1},{"not_picked":["Sever Soul","Body Slam"],"picked":"Perfected Strike","floor":2},{"not_picked":["Pommel Strike","Sword Boomerang"],"picked":"Warcry","floor":4},{"not_picked":["Body Slam","Thunderclap"],"picked":"Pommel Strike","floor":5},{"not_picked":["Flame Barrier","Armaments"],"picked":"Offering","floor":6},{"not_picked":["Uppercut","Combust"],"picked":"Ghostly Armor","floor":8},{"not_picked":["Clothesline","Shrug It Off"],"picked":"Havoc","floor":10},{"not_picked":["Iron Wave","Rupture"],"picked":"Wild Strike","floor":11},{"not_picked":["Havoc","Heavy Blade","Cleave"],"picked":"SKIP","floor":12},{"not_picked":["Clothesline","Rage"],"picked":"Power Through","floor":14},{"not_picked":["Offering","Exhume"],"picked":"Reaper","floor":16},{"not_picked":["Twin Strike","Cleave+1"],"picked":"Second Wind","floor":18},{"not_picked":["Blood for Blood","Fire Breathing"],"picked":"Shrug It Off+1","floor":19},{"not_picked":["Clash","Iron Wave"],"picked":"True Grit","floor":21},{"not_picked":["Searing Blow","Spot Weakness","Clothesline"],"picked":"SKIP","floor":22}],"player_experience":4904441,"relics_obtained":[{"floor":6,"key":"Orichalcum"},{"floor":8,"key":"Mercury Hourglass"},{"floor":9,"key":"The Courier"},{"floor":12,"key":"Bag of Preparation"},{"floor":17,"key":"Art of War"},{"floor":17,"key":"Self Forming Clay"},{"floor":17,"key":"Shovel"}],"event_choices":[{"damage_healed":0,"gold_gain":0,"player_choice":"Traded Relic","damage_taken":0,"relics_obtained":["Nloth\u0027s Gift"],"max_hp_gain":0,"max_hp_loss":0,"event_name":"N\u0027loth","floor":20,"relics_lost":["Shovel"],"gold_loss":0}],"is_beta":false,"boss_relics":[{"not_picked":["Sozu","Black Star"],"picked":"Calling Bell"}],"items_purged_floors":[3],"is_endless":false,"potions_floor_spawned":[1,5,6,11,14,19,21],"killed_by":"Gremlin Leader","ascension_level":20}