{"gold_per_floor":[111,121,131,144,160,160,180,214,238,250,293,305,342,409,421,532,544,580,613,56,80,205,244,258,258,258,258,173,206,73,73,73,169,169,187,187,187,187,202,233,133,174,174,174,17,42,55,98,98,98,98,98,98,45,81,81],"floor_reached":57,"playtime":2326,"items_purged":["Strike_R","Strike_R"],"score":3355,"play_id":"f18247de-4771-4594-bead-3807fd84db29","local_time":"20190512234149","is_ascension_mode":true,"campfire_choices":[{"floor":6.0,"key":"REST"},{"floor":12.0,"key":"REST"},{"data":"Armaments","floor":15.0,"key":"SMITH"},{"floor":25,"key":"REST"},{"floor":27,"key":"RECALL"},{"data":"Evolve","floor":32,"key":"SMITH"},{"data":"Shockwave","floor":44,"key":"SMITH"},{"data":"Power Through","floor":49,"key":"SMITH"},{"data":"Shrug It Off","floor":53,"key":"SMITH"}],"neow_cost":"NONE","seed_source_timestamp":623147260358500,"circlet_count":0,"master_deck":["AscendersBane","Strike_R","Strike_R","Defend_R","Defend_R","Defend_R","Defend_R","Bash","Armaments+1","Combust","Shockwave+1","Evolve+1","Ghostly Armor","Pommel Strike","Power Through+1","Body Slam","Dark Embrace","Shrug It Off+1","Headbutt","Body Slam","Impervious+1","Second Wind+1","True Grit+1","Barricade+1","Second Wind+1","Disarm+1","Sentinel+1"],"special_seed":0,"relics":["Burning Blood","Bag of Marbles","MawBank","Golden Idol","Centennial Puzzle","Oddly Smooth Stone","Snecko Eye","Lee\u0027s Waffle","Paper Frog","Bird Faced Urn","Darkstone Periapt","Bag of Preparation","Toxic Egg 2","Boot","Frozen Egg 2","Busted Crown","Pear","Thread and Needle","Gremlin Horn","Potion Belt","Self Forming Clay","Strawberry"],"potions_floor_usage":[33,56,56,56],"damage_taken":[{"damage":12.0,"enemies":"Cultist","floor":1.0,"turns":4.0},{"damage":10.0,"enemies":"Small Slimes","floor":2.0,"turns":5.0},{"damage":9.0,"enemies":"Jaw Worm","floor":3.0,"turns":3.0},{"damage":16.0,"enemies":"3 Louse","floor":4.0,"turns":3.0},{"damage":30.0,"enemies":"Large Slime","floor":5.0,"turns":8.0},{"damage":12.0,"enemies":"Red Slaver","floor":7.0,"turns":6.0},{"damage":20.0,"enemies":"3 Sentries","floor":8.0,"turns":7.0},{"damage":29.0,"enemies":"Lagavulin","floor":11.0,"turns":9.0},{"damage":2.0,"enemies":"2 Fungi Beasts","floor":13.0,"turns":2.0},{"damage":30.0,"enemies":"The Guardian","floor":16.0,"turns":11.0},{"damage":26.0,"enemies":"3 Byrds","floor":18.0,"turns":6.0},{"damage":30.0,"enemies":"Spheric Guardian","floor":19.0,"turns":6.0},{"damage":0.0,"enemies":"Shelled Parasite and Fungi","floor":21.0,"turns":2.0},{"damage":10.0,"enemies":"Colosseum Slavers","floor":22.0,"turns":5.0},{"damage":13.0,"enemies":"Colosseum Nobs","floor":22.0,"turns":5.0},{"damage":31,"enemies":"Gremlin Leader","floor":23,"turns":7},{"damage":16,"enemies":"Snake Plant","floor":24,"turns":4},{"damage":7,"enemies":"Book of Stabbing","floor":29,"turns":5},{"damage":47,"enemies":"Automaton","floor":33,"turns":8},{"damage":0,"enemies":"3 Darklings","floor":35,"turns":6},{"damage":3,"enemies":"3 Shapes","floor":39,"turns":4},{"damage":0,"enemies":"Nemesis","floor":40,"turns":5},{"damage":0,"enemies":"Giant Head","floor":42,"turns":5},{"damage":2,"enemies":"Transient","floor":46,"turns":5},{"damage":0,"enemies":"Writhing Mass","floor":47,"turns":5},{"damage":1,"enemies":"Nemesis","floor":48,"turns":11},{"damage":0,"enemies":"Awakened One","floor":50,"turns":6},{"damage":0,"enemies":"Time Eater","floor":51,"turns":6},{"damage":0,"enemies":"Shield and Spear","floor":55,"turns":4},{"damage":0,"enemies":"The Heart","floor":56,"turns":8}],"seed_played":"-971373913551463926","potions_obtained":[{"floor":1.0,"key":"EssenceOfSteel"},{"floor":4.0,"key":"PowerPotion"},{"floor":11.0,"key":"Dexterity Potion"},{"floor":13.0,"key":"Ancient Potion"},{"floor":21.0,"key":"Energy Potion"},{"floor":23,"key":"Dexterity Potion"},{"floor":24,"key":"Strength Potion"},{"floor":47,"key":"Explosive Potion"},{"floor":48,"key":"SneckoOil"},{"floor":55,"key":"SpeedPotion"}],"is_trial":false,"path_per_floor":["M","M","M","M","M","R","M","E","T","?","E","R","M","T","R","B",null,"M","M","$","M","?","E","M","R","T","R","?","E","$","?","R","B",null,"M","T","?","?","M","E","$","E","T","R","$","M","M","E","R","B","B",null,"R","$","E","B",null],"character_chosen":"IRONCLAD","items_purchased":["Lee\u0027s Waffle","Paper Frog","Second Wind+1","True Grit+1","Potion Belt","Block Potion"],"campfire_rested":3,"item_purchase_floors":[20,20,30,30,45,54],"current_hp_per_floor":[69,65,62,52,28,52,46,32,32,32,9,31,35,35,35,11,58,38,14,81,81,70,51,45,69,69,69,69,72,72,72,72,37,70,81,91,81,81,86,86,86,86,86,86,86,86,86,86,86,86,86,86,86,86,93,93],"gold":81,"neow_bonus":"TEN_PERCENT_HP_BONUS","is_prod":false,"is_daily":false,"chose_seed":false,"campfire_upgraded":5,"win_rate":0,"timestamp":1557672109,"path_taken":["M","M","M","M","?","R","M","E","T","?","E","R","M","?","R","BOSS","M","M","$","M","?","E","M","R","T","R","?","E","$","?","R","BOSS","M","?","?","?","?","E","?","E","T","R","$","M","M","E","R","BOSS","BOSS","R","$","E","BOSS"],"build_version":"2019-01-23","purchased_purges":2,"victory":true,"max_hp_per_floor":[82,82,82,82,82,82,82,82,82,74,74,74,74,74,74,74,74,74,74,81,81,81,81,81,81,81,81,81,81,81,81,81,81,81,81,91,91,86,86,86,86,86,86,86,86,86,86,86,86,86,86,86,86,86,93,93],"card_choices":[{"not_picked":["Spot Weakness","Clash"],"picked":"Armaments","floor":1.0},{"not_picked":["Thunderclap","Clash"],"picked":"Combust","floor":2.0},{"not_picked":["Perfected Strike","Cleave"],"picked":"Shockwave","floor":3.0},{"not_picked":["Fire Breathing","Thunderclap"],"picked":"Evolve","floor":4.0},{"not_picked":["Sentinel","Body Slam"],"picked":"Ghostly Armor","floor":5.0},{"not_picked":["Dark Embrace","Searing Blow"],"picked":"Pommel Strike","floor":7.0},{"not_picked":["Sentinel","Reckless Charge"],"picked":"Power Through","floor":8.0},{"not_picked":["Shockwave","Clothesline"],"picked":"Body Slam","floor":11.0},{"not_picked":["Intimidate","Armaments","Cleave"],"picked":"SKIP","floor":13.0},{"not_picked":["Exhume","Fiend Fire"],"picked":"Dark Embrace","floor":16.0},{"not_picked":["Cleave+1","Evolve","Wild Strike"],"picked":"SKIP","floor":18.0},{"not_picked":["Havoc","Armaments","Flex"],"picked":"SKIP","floor":19.0},{"not_picked":["Inflame","Intimidate"],"picked":"Shrug It Off","floor":21.0},{"not_picked":["Shrug It Off","Sword Boomerang"],"picked":"Headbutt","floor":22.0},{"not_picked":["Headbutt","Thunderclap"],"picked":"Body Slam","floor":23},{"not_picked":["Flex","Shrug It Off","Twin Strike"],"picked":"SKIP","floor":24},{"not_picked":["Cleave","Inflame+1"],"picked":"Impervious+1","floor":29},{"not_picked":["Reaper","Brutality+1"],"picked":"Barricade+1","floor":33},{"not_picked":[],"picked":"Second Wind+1","floor":35},{"not_picked":[],"picked":"Disarm+1","floor":39},{"not_picked":[],"picked":"Sentinel+1","floor":40},{"not_picked":["Wild Strike"],"picked":"SKIP","floor":42},{"not_picked":["Thunderclap"],"picked":"SKIP","floor":46},{"not_picked":["Headbutt"],"picked":"SKIP","floor":47},{"not_picked":["Clash"],"picked":"SKIP","floor":48},{"not_picked":["Pummel+1"],"picked":"SKIP","floor":55}],"player_experience":4997207,"relics_obtained":[{"floor":8.0,"key":"Bag of Marbles"},{"floor":9.0,"key":"MawBank"},{"floor":11.0,"key":"Centennial Puzzle"},{"floor":14.0,"key":"Oddly Smooth Stone"},{"floor":22.0,"key":"Bird Faced Urn"},{"floor":22.0,"key":"Darkstone Periapt"},{"floor":23,"key":"Bag of Preparation"},{"floor":26,"key":"Toxic Egg 2"},{"floor":29,"key":"Frozen Egg 2"},{"floor":36,"key":"Pear"},{"floor":40,"key":"Thread and Needle"},{"floor":42,"key":"Gremlin Horn"},{"floor":48,"key":"Self Forming Clay"},{"floor":55,"key":"Strawberry"}],"event_choices":[{"damage_healed":0.0,"max_hp_gain":0.0,"max_hp_loss":8.0,"gold_gain":0.0,"event_name":"Golden Idol","player_choice":"Lose Max HP","floor":10.0,"gold_loss":0.0,"damage_taken":0.0,"relics_obtained":["Golden Idol"]},{"damage_healed":0.0,"max_hp_gain":0.0,"max_hp_loss":0.0,"gold_gain":0.0,"event_name":"Colosseum","player_choice":"Fight","floor":22.0,"gold_loss":0.0,"damage_taken":0.0},{"damage_healed":0.0,"max_hp_gain":0.0,"max_hp_loss":0.0,"gold_gain":0.0,"event_name":"Colosseum","player_choice":"Fought Nobs","floor":22.0,"gold_loss":0.0,"damage_taken":0.0},{"damage_healed":0,"gold_gain":0,"player_choice":"Obtained Relic","damage_taken":0,"relics_obtained":["Boot"],"max_hp_gain":0,"max_hp_loss":0,"event_name":"Addict","floor":28,"gold_loss":85},{"cards_removed":["Strike_R"],"damage_healed":0,"gold_gain":0,"player_choice":"Offered Basic","damage_taken":0,"max_hp_gain":0,"max_hp_loss":0,"event_name":"Bonfire Elementals","floor":31,"gold_loss":0},{"damage_healed":0,"gold_gain":0,"player_choice":"Memory 3","damage_taken":10,"max_hp_gain":0,"max_hp_loss":0,"event_name":"SensoryStone","floor":37,"gold_loss":0},{"damage_healed":0,"gold_gain":0,"player_choice":"Max HP","damage_taken":0,"max_hp_gain":0,"max_hp_loss":5,"event_name":"Winding Halls","floor":38,"gold_loss":0}],"is_beta":false,"boss_relics":[{"not_picked":["Coffee Dripper","Fusion Hammer"],"picked":"Snecko Eye"},{"not_picked":["Pandora\u0027s Box","Runic Pyramid"],"picked":"Busted Crown"}],"items_purged_floors":[20,41],"is_endless":false,"potions_floor_spawned":[1,4,5,11,13,21,22,23,24,47,48,55],"ascension_level":20}