{"gold_per_floor":[412,337,350,360,370,370,370,445,445,50,50,65,65,65,65,137,137,150,160,177,177,187,187,205,205,205,255,282,282,311,311,311,389,389,406,419,519,533,433,464,464,497,497,497,515,515,546,565,565,565,565,565,565,40,67,67],"floor_reached":57,"playtime":3032,"items_purged":["Strike_B","Cold Snap","Sunder"],"score":3440,"play_id":"6f775e04-27a3-4b9e-87cf-7ecb8808a333","local_time":"20190723030411","is_ascension_mode":true,"campfire_choices":[{"floor":7.0,"key":"REST"},{"data":"Fusion","floor":11.0,"key":"SMITH"},{"data":"Dualcast","floor":13.0,"key":"SMITH"},{"data":"Skim","floor":15.0,"key":"SMITH"},{"data":"Skim","floor":23.0,"key":"SMITH"},{"data":"Fission","floor":25.0,"key":"SMITH"},{"data":"Coolheaded","floor":32,"key":"SMITH"},{"data":"Zap","floor":41,"key":"SMITH"},{"data":"Seek","floor":46,"key":"SMITH"},{"floor":49,"key":"RECALL"},{"data":"Fission","floor":53,"key":"SMITH"}],"neow_cost":"PERCENT_DAMAGE","seed_source_timestamp":186975447497200,"circlet_count":0,"master_deck":["AscendersBane","Zap+1","Dualcast+1","FTL","Fusion+1","Skim+1","Skim+1","Fission+1","Genetic Algorithm","Reinforced Body","Genetic Algorithm","Lockon","Self Repair","Coolheaded+1","Fission+1","Seek+1","Coolheaded+1","Gash"],"special_seed":0,"relics":["Cracked Core","Old Coin","Sundial","Meat on the Bone","Pandora\u0027s Box","Singing Bowl","Pen Nib","MutagenicStrength","Potion Belt","Nuclear Battery","StoneCalendar","Happy Flower","Lantern","Vajra","Medical Kit","Anchor","Dodecahedron"],"potions_floor_usage":[30,56,56,56,56],"damage_taken":[{"damage":9.0,"enemies":"Small Slimes","floor":1.0,"turns":4.0},{"damage":2.0,"enemies":"Jaw Worm","floor":3.0,"turns":3.0},{"damage":9.0,"enemies":"2 Louse","floor":4.0,"turns":3.0},{"damage":10.0,"enemies":"Large Slime","floor":5.0,"turns":5.0},{"damage":8.0,"enemies":"Gremlin Gang","floor":12.0,"turns":4.0},{"damage":11.0,"enemies":"The Guardian","floor":16.0,"turns":13.0},{"damage":0.0,"enemies":"Spheric Guardian","floor":18.0,"turns":2.0},{"damage":0.0,"enemies":"2 Thieves","floor":19.0,"turns":2.0},{"damage":6.0,"enemies":"Sentry and Sphere","floor":20.0,"turns":3.0},{"damage":18.0,"enemies":"Cultist and Chosen","floor":22.0,"turns":8.0},{"damage":0.0,"enemies":"Snake Plant","floor":24.0,"turns":2.0},{"damage":0.0,"enemies":"Book of Stabbing","floor":28.0,"turns":2.0},{"damage":45,"enemies":"Slavers","floor":30,"turns":5},{"damage":0,"enemies":"Automaton","floor":33,"turns":2},{"damage":0,"enemies":"Orb Walker","floor":35,"turns":2},{"damage":0,"enemies":"3 Darklings","floor":36,"turns":3},{"damage":0,"enemies":"Mind Bloom Boss Battle","floor":37,"turns":2},{"damage":0,"enemies":"4 Shapes","floor":38,"turns":2},{"damage":0,"enemies":"Nemesis","floor":40,"turns":1},{"damage":0,"enemies":"Reptomancer","floor":42,"turns":1},{"damage":0,"enemies":"Writhing Mass","floor":45,"turns":2},{"damage":0,"enemies":"Nemesis","floor":47,"turns":1},{"damage":0,"enemies":"Spire Growth","floor":48,"turns":1},{"damage":0,"enemies":"Awakened One","floor":50,"turns":6},{"damage":0,"enemies":"Donu and Deca","floor":51,"turns":1},{"damage":0,"enemies":"Shield and Spear","floor":55,"turns":2},{"damage":70,"enemies":"The Heart","floor":56,"turns":5}],"seed_played":"5517763834136325123","potions_obtained":[{"floor":1.0,"key":"Energy Potion"},{"floor":3.0,"key":"GamblersBrew"},{"floor":4.0,"key":"Swift Potion"},{"floor":20.0,"key":"Explosive Potion"},{"floor":28.0,"key":"Dexterity Potion"},{"floor":30,"key":"Explosive Potion"},{"floor":35,"key":"Ancient Potion"},{"floor":37,"key":"Dexterity Potion"},{"floor":38,"key":"Swift Potion"}],"is_trial":false,"path_per_floor":["M","?","M","M","M","?","R","?","T","$","R","M","R","?","R","B",null,"M","M","M","?","M","R","M","R","T","?","E","?","E","?","R","B",null,"M","M","?","M","$","E","R","E","T","?","M","R","E","M","R","B","B",null,"R","$","E","B",null],"character_chosen":"DEFECT","items_purchased":["Skim","Meat on the Bone","Medical Kit","Anchor"],"campfire_rested":1,"item_purchase_floors":[10,10,54,54],"current_hp_per_floor":[37,37,35,26,16,5,26,15,15,15,15,19,19,71,71,60,68,68,68,62,62,51,51,58,58,58,58,65,65,41,41,41,48,67,73,75,77,79,79,81,81,83,83,83,83,83,85,87,87,87,87,87,87,87,89,38],"gold":67,"neow_bonus":"ONE_RARE_RELIC","is_prod":false,"is_daily":false,"chose_seed":false,"campfire_upgraded":9,"win_rate":0,"timestamp":1563818651,"path_taken":["M","?","M","M","M","?","R","?","T","$","R","M","R","?","R","BOSS","M","?","M","?","M","R","?","R","T","?","E","?","E","?","R","BOSS","M","M","?","M","$","E","R","E","T","?","M","R","E","M","R","BOSS","BOSS","R","$","E","BOSS"],"build_version":"2019-07-17","purchased_purges":3,"victory":true,"max_hp_per_floor":[71,71,71,71,71,71,71,71,71,71,71,71,71,71,71,71,71,71,71,71,71,71,71,71,71,71,71,71,71,73,73,73,73,73,73,75,77,79,79,81,81,83,83,83,83,83,85,87,87,87,87,87,87,87,89,89],"card_choices":[{"not_picked":["Conserve Battery","Barrage"],"picked":"FTL","floor":1.0},{"not_picked":["Steam","Go for the Eyes"],"picked":"Fusion","floor":3.0},{"not_picked":["Steam","Hologram"],"picked":"Cold Snap","floor":4.0},{"not_picked":["Coolheaded","Hologram"],"picked":"Skim","floor":5.0},{"not_picked":["Gash","Rebound","Scrape"],"picked":"SKIP","floor":12.0},{"not_picked":["Electrodynamics","Creative AI"],"picked":"Fission","floor":16.0},{"not_picked":["Leap+1","Ball Lightning","Sweeping Beam"],"picked":"SKIP","floor":18.0},{"not_picked":["Streamline","Auto Shields","Conserve Battery+1"],"picked":"SKIP","floor":19.0},{"not_picked":["Hello World+1","Compile Driver+1","Rebound"],"picked":"SKIP","floor":20.0},{"not_picked":["Sweeping Beam","Chaos","Leap"],"picked":"SKIP","floor":22.0},{"not_picked":["Hologram","Rebound","Compile Driver"],"picked":"SKIP","floor":24.0},{"not_picked":["Defragment+1","Cold Snap"],"picked":"Coolheaded","floor":28.0},{"not_picked":["Ball Lightning","Coolheaded","Redo"],"picked":"Singing Bowl","floor":30},{"not_picked":["Electrodynamics","Biased Cognition"],"picked":"Seek","floor":33},{"not_picked":["Redo","Sweeping Beam"],"picked":"Coolheaded+1","floor":35},{"not_picked":["Cold Snap","Melter","Steam+1"],"picked":"Singing Bowl","floor":36},{"not_picked":["Redo","Ball Lightning+1","Compile Driver+1"],"picked":"Singing Bowl","floor":37},{"not_picked":["Reinforced Body","Rainbow","Tempest+1"],"picked":"Singing Bowl","floor":38},{"not_picked":["Tempest","Coolheaded+1","Reinforced Body"],"picked":"Singing Bowl","floor":40},{"not_picked":["Reprogram","Stack","Go for the Eyes"],"picked":"Singing Bowl","floor":42},{"not_picked":["Steam Power","Force Field"],"picked":"Gash","floor":45},{"not_picked":["Scrape","Genetic Algorithm+1","BootSequence"],"picked":"Singing Bowl","floor":47},{"not_picked":["Hologram","Stack+1","Conserve Battery"],"picked":"Singing Bowl","floor":48},{"not_picked":["Sweeping Beam","Loop","Turbo"],"picked":"Singing Bowl","floor":55}],"player_experience":5788708,"relics_obtained":[{"floor":9.0,"key":"Sundial"},{"floor":26.0,"key":"Singing Bowl"},{"floor":28.0,"key":"Pen Nib"},{"floor":30,"key":"Potion Belt"},{"floor":37,"key":"StoneCalendar"},{"floor":40,"key":"Happy Flower"},{"floor":42,"key":"Lantern"},{"floor":47,"key":"Vajra"},{"floor":55,"key":"Dodecahedron"}],"event_choices":[{"cards_removed":["Strike_B"],"damage_healed":0.0,"max_hp_gain":0.0,"max_hp_loss":0.0,"gold_gain":0.0,"event_name":"The Cleric","player_choice":"Card Removal","floor":2.0,"gold_loss":75.0,"damage_taken":0.0},{"damage_healed":0.0,"max_hp_gain":0.0,"max_hp_loss":0.0,"gold_gain":0.0,"event_name":"Scrap Ooze","player_choice":"Fled","floor":6.0,"gold_loss":0.0,"damage_taken":11.0},{"damage_healed":0.0,"max_hp_gain":0.0,"max_hp_loss":0.0,"gold_gain":75.0,"event_name":"World of Goop","player_choice":"Gather Gold","floor":8.0,"gold_loss":0.0,"damage_taken":11.0},{"damage_healed":52.0,"max_hp_gain":0.0,"max_hp_loss":0.0,"gold_gain":0.0,"event_name":"Wheel of Change","player_choice":"Full Heal","floor":14.0,"gold_loss":0.0,"damage_taken":0.0},{"damage_healed":0.0,"max_hp_gain":0.0,"max_hp_loss":0.0,"gold_gain":0.0,"cards_transformed":["Barrage"],"event_name":"Transmorgrifier","player_choice":"Transformed","floor":21.0,"gold_loss":0.0,"damage_taken":0.0,"cards_obtained":["Self Repair"]},{"damage_healed":0.0,"max_hp_gain":0.0,"max_hp_loss":0.0,"gold_gain":50.0,"event_name":"Nest","player_choice":"Stole From Cult","floor":27.0,"gold_loss":0.0,"damage_taken":0.0},{"damage_healed":0.0,"max_hp_gain":0.0,"max_hp_loss":0.0,"gold_gain":0.0,"event_name":"Drug Dealer","player_choice":"Inject Mutagens","floor":29.0,"gold_loss":0.0,"damage_taken":0.0,"relics_obtained":["MutagenicStrength"]},{"damage_healed":0,"gold_gain":0,"player_choice":"Read","damage_taken":0,"max_hp_gain":0,"max_hp_loss":0,"event_name":"The Library","floor":31,"gold_loss":0,"cards_obtained":["Fission"]},{"damage_healed":0,"gold_gain":0,"player_choice":"Fight","damage_taken":0,"max_hp_gain":0,"max_hp_loss":0,"event_name":"MindBloom","floor":37,"gold_loss":0},{"damage_healed":0,"gold_gain":0,"player_choice":"Ignored","damage_taken":0,"max_hp_gain":0,"max_hp_loss":0,"event_name":"Tomb of Lord Red Mask","floor":44,"gold_loss":0}],"is_beta":false,"boss_relics":[{"not_picked":["White Beast Statue","Tiny House"],"picked":"Pandora\u0027s Box"},{"not_picked":["Runic Dome","Inserter"],"picked":"Nuclear Battery"}],"items_purged_floors":[10,39,54],"is_endless":false,"potions_floor_spawned":[1,3,4,5,18,20,28,30,35,37,38,45,47],"ascension_level":20}