{"gold_per_floor":[111,131,142,162,177,177,177,203,203,203,263,214,242,255,255,255],"floor_reached":16,"playtime":337,"items_purged":[],"score":224,"play_id":"7755168d-888f-418a-b754-b014a4b4494b","local_time":"20190517000435","is_ascension_mode":true,"campfire_choices":[{"data":"Armaments","floor":6,"key":"SMITH"},{"data":"Immolate","floor":10,"key":"SMITH"},{"floor":15,"key":"REST"}],"neow_cost":"NONE","seed_source_timestamp":18799397216100,"circlet_count":0,"master_deck":["AscendersBane","Strike_R","Strike_R","Strike_R","Strike_R","Defend_R","Defend_R+1","Defend_R+1","Defend_R","Bash","Sentinel","Twin Strike","Clash","Spot Weakness","Armaments+1","Hemokinesis","Immolate+1","Sword Boomerang"],"relics":["Burning Blood","Lantern","Bag of Marbles","Nunchaku"],"potions_floor_usage":[8,11,14,16],"damage_taken":[{"damage":13,"enemies":"Cultist","floor":1,"turns":6},{"damage":4,"enemies":"Jaw Worm","floor":2,"turns":6},{"damage":0,"enemies":"Small Slimes","floor":3,"turns":3},{"damage":11,"enemies":"2 Fungi Beasts","floor":4,"turns":4},{"damage":13,"enemies":"Exordium Wildlife","floor":5,"turns":5},{"damage":7,"enemies":"Gremlin Nob","floor":8,"turns":4},{"damage":34,"enemies":"Gremlin Nob","floor":11,"turns":4},{"damage":14,"enemies":"Lagavulin","floor":13,"turns":4},{"damage":8,"enemies":"Exordium Thugs","floor":14,"turns":4},{"damage":34,"enemies":"Hexaghost","floor":16,"turns":9}],"seed_played":"1273305869168729741","potions_obtained":[{"floor":4,"key":"SkillPotion"},{"floor":8,"key":"Regen Potion"},{"floor":13,"key":"Ancient Potion"},{"floor":14,"key":"EssenceOfSteel"}],"is_trial":false,"path_per_floor":["M","M","M","M","M","R","?","E","T","R","?","?","E","M","R","B"],"character_chosen":"IRONCLAD","items_purchased":[],"campfire_rested":1,"item_purchase_floors":[],"current_hp_per_floor":[61,63,69,64,57,57,34,33,33,33,17,17,9,7,29,0],"gold":255,"neow_bonus":"TRANSFORM_CARD","is_prod":false,"is_daily":false,"chose_seed":false,"campfire_upgraded":2,"win_rate":0,"timestamp":1558019075,"path_taken":["M","M","M","M","?","R","?","E","T","R","?","?","E","M","R","BOSS"],"build_version":"2019-01-23","purchased_purges":0,"victory":false,"max_hp_per_floor":[75,75,75,75,75,75,75,75,75,75,75,75,75,75,75,75],"card_choices":[{"not_picked":["Shrug It Off","Dropkick"],"picked":"Twin Strike","floor":1},{"not_picked":["Thunderclap","Searing Blow"],"picked":"Clash","floor":2},{"not_picked":["Flex","Body Slam"],"picked":"Spot Weakness","floor":3},{"not_picked":["Entrench","Pommel Strike"],"picked":"Armaments","floor":4},{"not_picked":["Dropkick","Sentinel"],"picked":"Hemokinesis","floor":5},{"not_picked":["Whirlwind","Carnage"],"picked":"Immolate","floor":8},{"not_picked":["Body Slam","Spot Weakness"],"picked":"Sword Boomerang","floor":11},{"not_picked":["Pommel Strike","Headbutt","Reckless Charge"],"picked":"SKIP","floor":13},{"not_picked":["Wild Strike","Thunderclap","Body Slam"],"picked":"SKIP","floor":14}],"player_experience":5050212,"relics_obtained":[{"floor":8,"key":"Lantern"},{"floor":13,"key":"Nunchaku"}],"event_choices":[{"damage_healed":0,"gold_gain":0,"player_choice":"Entered Light","damage_taken":23,"max_hp_gain":0,"max_hp_loss":0,"event_name":"Shining Light","floor":7,"gold_loss":0,"cards_upgraded":["Defend_R","Defend_R"]},{"damage_healed":0,"gold_gain":0,"player_choice":"Searched \u00272\u0027 times","damage_taken":0,"relics_obtained":["Bag of Marbles"],"max_hp_gain":0,"max_hp_loss":0,"event_name":"Dead Adventurer","floor":11,"gold_loss":0},{"damage_healed":0,"gold_gain":0,"player_choice":"Left Gold","damage_taken":0,"max_hp_gain":0,"max_hp_loss":0,"event_name":"World of Goop","floor":12,"gold_loss":49}],"is_beta":false,"boss_relics":[],"items_purged_floors":[],"is_endless":false,"potions_floor_spawned":[4,8,13,14],"killed_by":"Hexaghost","ascension_level":20}