{"gold_per_floor":[113,113,38,56,56,56,87,87,87,87,98,98,124,124,124,198,198,212,230,230,245,255,255,288,288,288,17,17,33,47,73,73,149,149,162,162,179,279,356,356],"floor_reached":40,"playtime":1568,"items_purged":["Strike_B"],"score":824,"play_id":"dad78b97-0c21-49e3-bef5-551857aa180b","local_time":"20190619013427","is_ascension_mode":true,"campfire_choices":[{"data":"The Bomb","floor":6,"key":"SMITH"},{"floor":8,"key":"REST"},{"data":"Chaos","floor":12,"key":"SMITH"},{"data":"Dualcast","floor":15,"key":"SMITH"},{"floor":23,"key":"REST"},{"floor":25,"key":"REST"},{"data":"Echo Form","floor":28,"key":"SMITH"},{"floor":32,"key":"RECALL"}],"neow_cost":"","seed_source_timestamp":0,"circlet_count":0,"master_deck":["The Bomb+1","Zap+1","Dualcast+1","Defend_B","Defend_B+1","Defend_B+1","Defend_B","Strike_B","Strike_B+1","Undo","Undo","Ball Lightning","Chaos+1","Ball Lightning","Echo Form+1","Fusion+1","Coolheaded","Hyperbeam","Sunder+1","Echo Form","Coolheaded+1","Skim+1"],"relics":["Cracked Core","Regal Pillow","Ginger","Art of War","Question Card","Velvet Choker","War Paint","Ornamental Fan","Ancient Tea Set","Singing Bowl","Red Mask","Lizard Tail","Torii"],"potions_floor_usage":[7,19,24,33,38,40],"damage_taken":[{"damage":14,"enemies":"Jaw Worm","floor":1,"turns":4},{"damage":1,"enemies":"Cultist","floor":4,"turns":4},{"damage":25,"enemies":"Gremlin Nob","floor":7,"turns":4},{"damage":8,"enemies":"Small Slimes","floor":11,"turns":4},{"damage":4,"enemies":"3 Sentries","floor":13,"turns":3},{"damage":3,"enemies":"Slime Boss","floor":16,"turns":7},{"damage":0,"enemies":"Chosen","floor":18,"turns":3},{"damage":27,"enemies":"3 Byrds","floor":19,"turns":5},{"damage":11,"enemies":"Snake Plant","floor":21,"turns":5},{"damage":7,"enemies":"3 Cultists","floor":22,"turns":4},{"damage":38,"enemies":"Book of Stabbing","floor":24,"turns":6},{"damage":2,"enemies":"Snecko","floor":29,"turns":6},{"damage":1,"enemies":"Snake Plant","floor":30,"turns":5},{"damage":16,"enemies":"Masked Bandits","floor":31,"turns":4},{"damage":45,"enemies":"Champ","floor":33,"turns":10},{"damage":18,"enemies":"Orb Walker","floor":35,"turns":4},{"damage":12,"enemies":"3 Shapes","floor":37,"turns":3},{"damage":0,"enemies":"Mind Bloom Boss Battle","floor":38,"turns":8},{"damage":124,"enemies":"Giant Head","floor":40,"turns":8}],"seed_played":"-4025674248528080071","potions_obtained":[{"floor":1,"key":"Weak Potion"},{"floor":7,"key":"Block Potion"},{"floor":11,"key":"Dexterity Potion"},{"floor":21,"key":"FairyPotion"},{"floor":22,"key":"Swift Potion"},{"floor":29,"key":"FocusPotion"},{"floor":33,"key":"Energy Potion"},{"floor":35,"key":"FocusPotion"}],"is_trial":true,"path_per_floor":["M","?","$","M","?","R","E","R","T","?","M","R","E","T","R","B",null,"M","M","?","M","M","R","E","R","T","$","R","M","M","?","R","B",null,"M","?","M","?","T","E"],"character_chosen":"DEFECT","items_purchased":["Singing Bowl"],"campfire_rested":3,"item_purchase_floors":[27],"current_hp_per_floor":[50,50,50,49,49,49,24,60,60,39,31,31,27,27,27,24,59,59,32,32,21,14,50,12,48,48,48,48,48,47,33,33,7,58,40,42,32,32,32,0],"gold":356,"neow_bonus":"","is_prod":false,"is_daily":false,"chose_seed":false,"campfire_upgraded":4,"win_rate":0,"timestamp":1560875667,"path_taken":["M","?","?","M","?","R","E","R","T","?","M","R","E","?","R","BOSS","M","M","?","M","M","R","E","R","T","$","R","?","?","?","R","BOSS","M","?","M","?","?","E"],"build_version":"2019-01-23","purchased_purges":1,"victory":false,"max_hp_per_floor":[71,71,71,71,71,71,71,71,71,71,71,71,71,71,71,71,71,71,71,71,71,71,71,71,71,71,71,71,73,73,75,75,75,75,75,77,79,79,79,79],"card_choices":[{"not_picked":["Doom and Gloom","Rebound"],"picked":"Undo","floor":1},{"not_picked":["Loop","Scrape"],"picked":"Undo","floor":4},{"not_picked":["Stack","Aggregate"],"picked":"Ball Lightning","floor":7},{"not_picked":["Hello World","Lockon"],"picked":"Chaos","floor":11},{"not_picked":["Consume","Stack"],"picked":"Ball Lightning","floor":13},{"not_picked":["Amplify","Buffer","Thunder Strike"],"picked":"Echo Form","floor":16},{"not_picked":["Sunder","Conserve Battery","Turbo"],"picked":"Fusion+1","floor":18},{"not_picked":["Streamline","Rebound","Steam Power"],"picked":"Coolheaded","floor":19},{"not_picked":["Auto Shields","Force Field","Storm","Cold Snap+1"],"picked":"SKIP","floor":21},{"not_picked":["Auto Shields","Force Field","Storm","Cold Snap+1"],"picked":"SKIP","floor":21},{"not_picked":["Redo","Loop","White Noise"],"picked":"Hyperbeam","floor":22},{"not_picked":["Leap","Hologram","Rebound","Aggregate"],"picked":"SKIP","floor":24},{"not_picked":["Reprogram","Stack+1","Tempest","BootSequence"],"picked":"Singing Bowl","floor":29},{"not_picked":["Recycle","Beam Cell","Loop"],"picked":"Sunder+1","floor":30},{"not_picked":["Go for the Eyes","Sweeping Beam","Beam Cell","Leap"],"picked":"Singing Bowl","floor":31},{"not_picked":["Thunder Strike","Machine Learning","Core Surge"],"picked":"Echo Form","floor":33},{"not_picked":["Compile Driver","Defragment","Hello World"],"picked":"Coolheaded+1","floor":35},{"not_picked":["Chrysalis","Metamorphosis","Panache","Dramatic Entrance"],"picked":"Singing Bowl","floor":36},{"not_picked":["Stack","Rebound","Melter","Gash+1"],"picked":"Singing Bowl","floor":37},{"not_picked":["Compile Driver+1","Double Energy","Thunder Strike"],"picked":"Skim+1","floor":38}],"player_experience":5408940,"relics_obtained":[{"floor":7,"key":"Regal Pillow"},{"floor":9,"key":"Ginger"},{"floor":13,"key":"Art of War"},{"floor":14,"key":"Question Card"},{"floor":24,"key":"Ornamental Fan"},{"floor":26,"key":"Ancient Tea Set"},{"floor":31,"key":"Red Mask"},{"floor":38,"key":"Torii"}],"event_choices":[{"cards_removed":["Strike_B"],"damage_healed":0,"gold_gain":0,"player_choice":"Purged","damage_taken":0,"max_hp_gain":0,"max_hp_loss":0,"event_name":"Purifier","floor":2,"gold_loss":0},{"damage_healed":0,"gold_gain":0,"player_choice":"Ignored","damage_taken":0,"max_hp_gain":0,"max_hp_loss":0,"event_name":"Liars Game","floor":5,"gold_loss":0},{"damage_healed":0,"gold_gain":0,"player_choice":"Entered Light","damage_taken":21,"max_hp_gain":0,"max_hp_loss":0,"event_name":"Shining Light","floor":10,"gold_loss":0,"cards_upgraded":["Defend_B","Strike_B"]},{"damage_healed":0,"gold_gain":0,"player_choice":"Gave Potion","damage_taken":0,"relics_obtained":["War Paint"],"max_hp_gain":0,"max_hp_loss":0,"event_name":"WeMeetAgain","floor":20,"gold_loss":0},{"damage_healed":0,"gold_gain":0,"player_choice":"Fought Bandits","damage_taken":0,"max_hp_gain":0,"max_hp_loss":0,"event_name":"Masked Bandits","floor":31,"gold_loss":0},{"damage_healed":0,"gold_gain":0,"player_choice":"Memory 1","damage_taken":0,"max_hp_gain":0,"max_hp_loss":0,"event_name":"SensoryStone","floor":36,"gold_loss":0},{"damage_healed":0,"gold_gain":0,"player_choice":"Fight","damage_taken":0,"max_hp_gain":0,"max_hp_loss":0,"event_name":"MindBloom","floor":38,"gold_loss":0}],"is_beta":false,"boss_relics":[{"not_picked":["Astrolabe","Orrery"],"picked":"Velvet Choker"},{"not_picked":["Tiny House","Runic Pyramid"],"picked":"Lizard Tail"}],"items_purged_floors":[3],"is_endless":false,"potions_floor_spawned":[1,7,11,21,22,29,33,35],"killed_by":"Giant Head","ascension_level":20}