{"gold_per_floor":[111,130,146,163,174,174,205,205,205,238,238,238,257,274,274,274],"floor_reached":16,"playtime":314,"items_purged":[],"score":253,"play_id":"53a7b2eb-355d-451b-98c6-8aa886495795","local_time":"20190328010613","is_ascension_mode":true,"campfire_choices":[{"floor":6.0,"key":"REST"},{"floor":8.0,"key":"REST"},{"floor":15.0,"key":"REST"}],"neow_cost":"NONE","seed_source_timestamp":1214278321586300,"circlet_count":0,"master_deck":["AscendersBane","Strike_R","Strike_R","Strike_R","Strike_R","Strike_R","Defend_R","Defend_R","Defend_R","Defend_R","Bash","Perfected Strike","Whirlwind","Perfected Strike","Perfected Strike","Clash","Armaments+1","Thunderclap","Perfected Strike","Anger","Perfected Strike","Pommel Strike"],"special_seed":0,"relics":["Black Star","Blue Candle","Nunchaku","Turnip","Prayer Wheel","Bag of Preparation"],"potions_floor_usage":[16],"damage_taken":[{"damage":4.0,"enemies":"2 Louse","floor":1.0,"turns":3.0},{"damage":2.0,"enemies":"Cultist","floor":2.0,"turns":4.0},{"damage":10.0,"enemies":"Small Slimes","floor":3.0,"turns":4.0},{"damage":8.0,"enemies":"3 Louse","floor":4.0,"turns":2.0},{"damage":7.0,"enemies":"Looter","floor":5.0,"turns":3.0},{"damage":20.0,"enemies":"3 Sentries","floor":7.0,"turns":5.0},{"damage":31.0,"enemies":"Lagavulin","floor":10.0,"turns":5.0},{"damage":14.0,"enemies":"Exordium Wildlife","floor":13.0,"turns":4.0},{"damage":12.0,"enemies":"Lots of Slimes","floor":14.0,"turns":3.0},{"damage":27,"enemies":"The Guardian","floor":16,"turns":9}],"seed_played":"-2137680930071511211","potions_obtained":[{"floor":3.0,"key":"Swift Potion"},{"floor":5.0,"key":"Swift Potion"},{"floor":13.0,"key":"LiquidBronze"},{"floor":14.0,"key":"Fire Potion"}],"is_trial":false,"path_per_floor":["M","M","M","M","M","R","E","R","T","E","?","?","M","M","R","B"],"character_chosen":"IRONCLAD","items_purchased":[],"campfire_rested":3,"item_purchase_floors":[],"current_hp_per_floor":[64,62,52,44,37,59,39,61,61,30,30,30,16,4,26,0],"gold":274,"neow_bonus":"BOSS_RELIC","is_prod":false,"is_daily":false,"chose_seed":false,"campfire_upgraded":0,"win_rate":0,"timestamp":1553702773,"path_taken":["M","M","M","M","M","R","E","R","T","E","?","?","M","M","R","BOSS"],"build_version":"2019-01-23","purchased_purges":0,"victory":false,"max_hp_per_floor":[75,75,75,75,75,75,75,75,75,75,75,75,75,75,75,75],"card_choices":[{"not_picked":["Rupture","Uppercut"],"picked":"Perfected Strike","floor":1.0},{"not_picked":["Sword Boomerang","Shrug It Off"],"picked":"Whirlwind","floor":2.0},{"not_picked":["Clothesline","Twin Strike"],"picked":"Perfected Strike","floor":3.0},{"not_picked":["Pommel Strike","Juggernaut"],"picked":"Perfected Strike","floor":4.0},{"not_picked":["Headbutt","Rupture"],"picked":"Clash","floor":5.0},{"not_picked":["Headbutt","Cleave"],"picked":"Armaments","floor":7.0},{"not_picked":["Heavy Blade","Infernal Blade"],"picked":"Thunderclap","floor":10.0},{"not_picked":["Dual Wield","Armaments"],"picked":"Perfected Strike","floor":13.0},{"not_picked":["Dropkick","Juggernaut"],"picked":"Anger","floor":13.0},{"not_picked":["Headbutt","Disarm"],"picked":"Perfected Strike","floor":14.0},{"not_picked":["Burning Pact","Anger"],"picked":"Pommel Strike","floor":14.0}],"player_experience":4642551,"relics_obtained":[{"floor":7.0,"key":"Blue Candle"},{"floor":7.0,"key":"Nunchaku"},{"floor":9.0,"key":"Turnip"},{"floor":10.0,"key":"Prayer Wheel"},{"floor":10.0,"key":"Bag of Preparation"}],"event_choices":[{"damage_healed":0.0,"max_hp_gain":0.0,"max_hp_loss":0.0,"gold_gain":0.0,"event_name":"Liars Game","player_choice":"Ignored","floor":11.0,"gold_loss":0.0,"damage_taken":0.0},{"damage_healed":0.0,"max_hp_gain":0.0,"max_hp_loss":0.0,"gold_gain":0.0,"event_name":"Upgrade Shrine","player_choice":"Upgraded","floor":12.0,"gold_loss":0.0,"damage_taken":0.0,"cards_upgraded":["Armaments"]}],"is_beta":false,"boss_relics":[],"items_purged_floors":[],"is_endless":false,"potions_floor_spawned":[3,5,13,14],"killed_by":"The Guardian","ascension_level":20}