{"gold_per_floor":[116,132,132,151,164,164,191,191,217,249,286,298,324,361,373,462,474,496,149,163,183,15,40,40,70,70,70,70,85,85,0,0,73,73,85,137,137,147,47,47,47,59,127,153,153,168,184,211,211,211,211,211,211,86,121,121],"floor_reached":57,"playtime":2312,"items_purged":["Strike_R","Strike_R","Strike_R+1"],"score":3211,"play_id":"f3b25df7-e13d-4286-9379-e34da4c49ca9","local_time":"20190718043505","is_ascension_mode":true,"campfire_choices":[{"data":"Corruption","floor":6.0,"key":"SMITH"},{"floor":8.0,"key":"REST"},{"data":"Armaments","floor":15.0,"key":"SMITH"},{"floor":28,"key":"REST"},{"data":"Dark Embrace","floor":32,"key":"SMITH"},{"floor":45,"key":"RECALL"},{"data":"1","floor":49,"key":"LIFT"},{"data":"2","floor":53,"key":"LIFT"}],"neow_cost":"","seed_source_timestamp":631894530914400,"circlet_count":0,"master_deck":["Exhume","Exhume","Defend_R","Defend_R","Defend_R","Defend_R","Bash+1","Armaments+1","Anger","Sword Boomerang","Corruption+1","Warcry","Inflame","Evolve","Warcry","Impervious","Shrug It Off","Seeing Red","Pommel Strike+1","Dark Embrace+1","Feel No Pain","Offering","Disarm","Intimidate","Entrench","Barricade","Purity","Dark Shackles","Shrug It Off+1","Offering"],"special_seed":0,"relics":["Burning Blood","Charon\u0027s Ashes","Bag of Marbles","Ancient Tea Set","MawBank","Odd Mushroom","Whetstone","Orrery","Question Card","Matryoshka","Darkstone Periapt","Pear","Bronze Scales","Prayer Wheel","Girya","Sozu","Dead Branch","Vajra","Potion Belt","Red Skull","Calipers"],"potions_floor_usage":[29,33,44],"damage_taken":[{"damage":10.0,"enemies":"Small Slimes","floor":1.0,"turns":6.0},{"damage":4.0,"enemies":"2 Louse","floor":2.0,"turns":4.0},{"damage":6.0,"enemies":"Cultist","floor":4.0,"turns":5.0},{"damage":34.0,"enemies":"Exordium Thugs","floor":5.0,"turns":5.0},{"damage":5.0,"enemies":"Lagavulin","floor":7.0,"turns":6.0},{"damage":0.0,"enemies":"3 Sentries","floor":10.0,"turns":3.0},{"damage":18.0,"enemies":"The Mushroom Lair","floor":11.0,"turns":4.0},{"damage":2.0,"enemies":"Large Slime","floor":13.0,"turns":4.0},{"damage":13.0,"enemies":"Lagavulin","floor":14.0,"turns":5.0},{"damage":10.0,"enemies":"Hexaghost","floor":16.0,"turns":7.0},{"damage":21.0,"enemies":"3 Byrds","floor":18.0,"turns":3.0},{"damage":11.0,"enemies":"Shell Parasite","floor":20.0,"turns":3.0},{"damage":14.0,"enemies":"Centurion and Healer","floor":21.0,"turns":4.0},{"damage":30,"enemies":"Slavers","floor":23,"turns":2},{"damage":14,"enemies":"Gremlin Leader","floor":25,"turns":4},{"damage":12,"enemies":"Cultist and Chosen","floor":29,"turns":4},{"damage":19,"enemies":"Champ","floor":33,"turns":12},{"damage":3,"enemies":"3 Shapes","floor":35,"turns":5},{"damage":26,"enemies":"2 Orb Walkers","floor":36,"turns":2},{"damage":5,"enemies":"3 Darklings","floor":38,"turns":4},{"damage":6,"enemies":"Transient","floor":42,"turns":6},{"damage":6,"enemies":"Reptomancer","floor":44,"turns":2},{"damage":6,"enemies":"Spire Growth","floor":46,"turns":3},{"damage":4,"enemies":"Jaw Worm Horde","floor":47,"turns":4},{"damage":0,"enemies":"Giant Head","floor":48,"turns":4},{"damage":9,"enemies":"Donu and Deca","floor":50,"turns":2},{"damage":0,"enemies":"Time Eater","floor":51,"turns":4},{"damage":12,"enemies":"Shield and Spear","floor":55,"turns":3},{"damage":43,"enemies":"The Heart","floor":56,"turns":11}],"seed_played":"-2237479360008084086","potions_obtained":[{"floor":2.0,"key":"Weak Potion"},{"floor":5.0,"key":"SkillPotion"},{"floor":12.0,"key":"Energy Potion"},{"floor":12.0,"key":"Block Potion"},{"floor":14.0,"key":"Weak Potion"},{"floor":16.0,"key":"Regen Potion"},{"floor":21.0,"key":"PowerPotion"},{"floor":33,"key":"Explosive Potion"}],"is_trial":true,"path_per_floor":["M","M","?","M","M","R","E","R","T","E","?","?","M","E","R","B",null,"M","$","M","M","$","E","?","E","T","$","R","M","?","?","R","B",null,"M","?","?","M","$","?","?","M","T","E","R","M","M","E","R","B","B",null,"R","$","E","B",null],"character_chosen":"IRONCLAD","items_purchased":["Question Card","Offering"],"campfire_rested":2,"item_purchase_floors":[19,22],"current_hp_per_floor":[64,66,59,59,31,31,32,54,54,60,48,48,52,45,45,41,67,52,52,47,51,51,27,27,29,29,29,54,48,48,48,48,35,73,76,56,56,57,57,47,95,95,95,95,95,95,95,95,95,92,95,95,95,95,89,52],"gold":121,"neow_bonus":"","is_prod":false,"is_daily":false,"chose_seed":false,"campfire_upgraded":3,"win_rate":0,"timestamp":1563392105,"path_taken":["M","M","?","M","M","R","E","R","T","E","?","?","M","E","R","BOSS","M","$","M","M","$","E","?","E","T","?","R","M","?","?","R","BOSS","M","?","?","M","$","?","?","?","T","E","R","M","?","E","R","BOSS","BOSS","R","$","E","BOSS"],"build_version":"2019-07-05","purchased_purges":3,"victory":true,"max_hp_per_floor":[75,75,75,75,75,75,75,75,75,75,75,75,75,75,75,75,75,75,75,75,75,75,75,75,85,85,85,85,85,85,85,85,85,85,85,85,85,85,85,85,95,95,95,95,95,95,95,95,95,95,95,95,95,95,95,95],"card_choices":[{"not_picked":["Headbutt","Heavy Blade"],"picked":"Armaments","floor":1.0},{"not_picked":["Limit Break","Body Slam"],"picked":"Anger","floor":2.0},{"not_picked":["Iron Wave","Shrug It Off"],"picked":"Sword Boomerang","floor":4.0},{"not_picked":["Thunderclap","Flame Barrier"],"picked":"Corruption","floor":5.0},{"not_picked":["Reckless Charge","Clash"],"picked":"Warcry","floor":7.0},{"not_picked":["Pommel Strike","Headbutt"],"picked":"Exhume","floor":10.0},{"not_picked":["Twin Strike","Flex"],"picked":"Inflame","floor":11.0},{"not_picked":["Hemokinesis","Anger"],"picked":"Evolve","floor":13.0},{"not_picked":["Headbutt","Metallicize"],"picked":"Warcry","floor":14.0},{"not_picked":["Reaper","Demon Form"],"picked":"Impervious","floor":16.0},{"not_picked":["Flex","Perfected Strike"],"picked":"Shrug It Off","floor":17.0},{"not_picked":["Reckless Charge","Havoc"],"picked":"Seeing Red","floor":17.0},{"not_picked":["Carnage","Metallicize"],"picked":"Pommel Strike+1","floor":18.0},{"not_picked":["Rupture","Combust+1","Anger"],"picked":"Dark Embrace","floor":20.0},{"not_picked":["Thunderclap","Pommel Strike","Clash"],"picked":"Feel No Pain","floor":21.0},{"not_picked":["Armaments","Shrug It Off","Sword Boomerang"],"picked":"Disarm","floor":23},{"not_picked":["Heavy Blade","Headbutt","True Grit","Sever Soul"],"picked":"SKIP","floor":25},{"not_picked":["Burning Pact","Battle Trance","Disarm"],"picked":"Intimidate","floor":29},{"not_picked":["Warcry","Fire Breathing","Bloodletting"],"picked":"Entrench","floor":29},{"not_picked":["Fiend Fire","Reaper","Bludgeon"],"picked":"Barricade","floor":33},{"not_picked":["Spot Weakness","Headbutt","Sword Boomerang","Pommel Strike"],"picked":"SKIP","floor":35},{"not_picked":["Dual Wield","Havoc","Heavy Blade","Dropkick+1"],"picked":"SKIP","floor":35},{"not_picked":["Anger+1","Flex+1","Fire Breathing","Iron Wave"],"picked":"SKIP","floor":38},{"not_picked":["Heavy Blade","Evolve","Thunderclap","Fiend Fire"],"picked":"SKIP","floor":38},{"not_picked":["Flash of Steel","Discovery","Panacea"],"picked":"Purity","floor":40},{"not_picked":["Enlightenment","Flash of Steel","Jack Of All Trades"],"picked":"Dark Shackles","floor":40},{"not_picked":["True Grit","Wild Strike","Sever Soul+1","Dual Wield"],"picked":"SKIP","floor":42},{"not_picked":["Burning Pact","Intimidate","Perfected Strike","Dark Embrace"],"picked":"SKIP","floor":42},{"not_picked":["Body Slam","Heavy Blade","Clothesline","Flame Barrier"],"picked":"SKIP","floor":44},{"not_picked":["True Grit","Warcry","Sword Boomerang","Entrench+1"],"picked":"SKIP","floor":46},{"not_picked":["Perfected Strike","Flex","Twin Strike","Wild Strike"],"picked":"SKIP","floor":46},{"not_picked":["Pommel Strike","Anger","Whirlwind"],"picked":"Shrug It Off+1","floor":47},{"not_picked":["Inflame","Evolve","Sword Boomerang","Shockwave"],"picked":"SKIP","floor":47},{"not_picked":["Heavy Blade","Sever Soul","Iron Wave"],"picked":"Offering","floor":48},{"not_picked":["Twin Strike+1","Shrug It Off","Disarm+1","Heavy Blade"],"picked":"SKIP","floor":55}],"player_experience":5734491,"relics_obtained":[{"floor":7.0,"key":"Bag of Marbles"},{"floor":9.0,"key":"Ancient Tea Set"},{"floor":10.0,"key":"MawBank"},{"floor":11.0,"key":"Odd Mushroom"},{"floor":14.0,"key":"Whetstone"},{"floor":23,"key":"Matryoshka"},{"floor":24,"key":"Darkstone Periapt"},{"floor":25,"key":"Pear"},{"floor":26,"key":"Bronze Scales"},{"floor":26,"key":"Prayer Wheel"},{"floor":36,"key":"Dead Branch"},{"floor":43,"key":"Vajra"},{"floor":44,"key":"Potion Belt"},{"floor":48,"key":"Red Skull"},{"floor":55,"key":"Calipers"}],"event_choices":[{"cards_removed":["Strike_R"],"damage_healed":0.0,"max_hp_gain":0.0,"max_hp_loss":0.0,"gold_gain":0.0,"event_name":"Golden Wing","player_choice":"Card Removal","floor":3.0,"gold_loss":0.0,"damage_taken":7.0},{"damage_healed":0.0,"max_hp_gain":0.0,"max_hp_loss":0.0,"gold_gain":0.0,"event_name":"Mushrooms","player_choice":"Fought Mushrooms","floor":11.0,"gold_loss":0.0,"damage_taken":0.0},{"damage_healed":0.0,"max_hp_gain":0.0,"max_hp_loss":0.0,"gold_gain":0.0,"event_name":"Lab","player_choice":"Got Potions","floor":12.0,"gold_loss":0.0,"damage_taken":0.0},{"damage_healed":0,"gold_gain":0,"player_choice":"Relic","damage_taken":0,"max_hp_gain":0,"max_hp_loss":0,"event_name":"Wheel of Change","floor":24,"gold_loss":0},{"damage_healed":0,"gold_gain":0,"player_choice":"Ignored","damage_taken":0,"max_hp_gain":0,"max_hp_loss":0,"event_name":"The Mausoleum","floor":30,"gold_loss":0},{"damage_healed":0,"gold_gain":0,"player_choice":"Obtained Relic","damage_taken":0,"relics_obtained":["Girya"],"max_hp_gain":0,"max_hp_loss":0,"event_name":"Addict","floor":31,"gold_loss":85},{"damage_healed":0,"gold_gain":0,"player_choice":"Fight","damage_taken":0,"max_hp_gain":0,"max_hp_loss":0,"event_name":"Mysterious Sphere","floor":36,"gold_loss":0},{"cards_removed":["Strike_R"],"damage_healed":0,"gold_gain":0,"player_choice":"Removed Attack","damage_taken":0,"max_hp_gain":0,"max_hp_loss":0,"event_name":"Falling","floor":37,"gold_loss":0},{"damage_healed":0,"gold_gain":0,"player_choice":"Memory 3","damage_taken":10,"max_hp_gain":0,"max_hp_loss":0,"event_name":"SensoryStone","floor":40,"gold_loss":0},{"cards_removed":["Exhume"],"damage_healed":38,"gold_gain":0,"player_choice":"Offered Rare","damage_taken":0,"max_hp_gain":10,"max_hp_loss":0,"event_name":"Bonfire Elementals","floor":41,"gold_loss":0}],"is_beta":false,"boss_relics":[{"not_picked":["White Beast Statue","Tiny House"],"picked":"Orrery"},{"not_picked":["Astrolabe","Mark of Pain"],"picked":"Sozu"}],"items_purged_floors":[19,39,54],"is_endless":false,"potions_floor_spawned":[2,5,14,16,21,23,25,33,38,42,47,55],"ascension_level":20}