{"gold_per_floor":[17,27,77,88,104,104,119,119,119,119,137,152,165,90,90,166,166,186,49,59,59,74,108,108,108,108,108,108,124,137,337,337,337],"floor_reached":33,"playtime":945,"items_purged":["Strike_G","Strike_G"],"score":572,"play_id":"06bb134e-24f3-4f94-b0c0-9cc27b04e937","local_time":"20190423004717","is_ascension_mode":true,"campfire_choices":[{"data":"Poisoned Stab","floor":6,"key":"SMITH"},{"data":"Terror","floor":8,"key":"SMITH"},{"data":"Glass Knife","floor":10,"key":"SMITH"},{"data":"Noxious Fumes","floor":15,"key":"SMITH"},{"data":"Neutralize","floor":25,"key":"SMITH"},{"data":"Footwork","floor":27,"key":"SMITH"},{"data":"Backflip","floor":32,"key":"SMITH"}],"neow_cost":"NO_GOLD","seed_source_timestamp":164037749940900,"circlet_count":0,"master_deck":["AscendersBane","Defend_G","Defend_G","Defend_G","Defend_G","Strike_G","Strike_G","Survivor","Neutralize+1","Acrobatics","Terror+1","Noxious Fumes+1","Poisoned Stab+1","Glass Knife+1","Backstab","Glass Knife","Flying Knee+1","Footwork+1","Masterful Stab+1","Well Laid Plans","Blur+1","Backflip+1"],"relics":["Ring of the Snake","Mercury Hourglass","Eternal Feather","Orichalcum"],"potions_floor_usage":[11,16,33,33],"damage_taken":[{"damage":5,"enemies":"Cultist","floor":1,"turns":5},{"damage":0,"enemies":"2 Louse","floor":2,"turns":4},{"damage":0,"enemies":"Jaw Worm","floor":4,"turns":4},{"damage":10,"enemies":"Exordium Wildlife","floor":5,"turns":5},{"damage":4,"enemies":"Blue Slaver","floor":7,"turns":5},{"damage":9,"enemies":"Gremlin Gang","floor":11,"turns":2},{"damage":8,"enemies":"Looter","floor":12,"turns":3},{"damage":1,"enemies":"2 Fungi Beasts","floor":13,"turns":2},{"damage":8,"enemies":"Hexaghost","floor":16,"turns":7},{"damage":22,"enemies":"3 Byrds","floor":18,"turns":6},{"damage":0,"enemies":"Spheric Guardian","floor":20,"turns":3},{"damage":23,"enemies":"Cultist and Chosen","floor":22,"turns":5},{"damage":0,"enemies":"Gremlin Leader","floor":23,"turns":6},{"damage":6,"enemies":"Centurion and Healer","floor":29,"turns":4},{"damage":0,"enemies":"Snake Plant","floor":30,"turns":2},{"damage":56,"enemies":"Champ","floor":33,"turns":14}],"seed_played":"1917608829105571701","potions_obtained":[{"floor":2,"key":"FearPotion"},{"floor":7,"key":"AttackPotion"},{"floor":11,"key":"GhostInAJar"},{"floor":23,"key":"SkillPotion"}],"is_trial":false,"path_per_floor":["M","M","?","M","M","R","M","R","T","R","M","M","M","$","R","B",null,"M","$","M","?","M","E","?","R","T","R","$","M","M","?","R","B"],"character_chosen":"THE_SILENT","items_purchased":["Footwork"],"campfire_rested":0,"item_purchase_floors":[19],"current_hp_per_floor":[54,54,54,54,44,44,40,40,40,40,31,23,22,22,22,14,53,31,31,31,31,8,8,8,20,20,32,32,26,26,26,38,0],"gold":337,"neow_bonus":"REMOVE_TWO","is_prod":false,"is_daily":false,"chose_seed":false,"campfire_upgraded":7,"win_rate":0,"timestamp":1555948037,"path_taken":["M","M","?","?","M","R","M","R","T","R","M","M","M","$","R","BOSS","M","$","M","?","M","E","?","R","T","R","$","?","M","?","R","BOSS"],"build_version":"2019-01-23","purchased_purges":2,"victory":false,"max_hp_per_floor":[66,66,66,66,66,66,66,66,66,66,66,66,66,66,66,66,66,66,66,66,66,66,66,66,66,66,66,66,66,66,66,66,66],"card_choices":[{"not_picked":["Dodge and Roll","PiercingWail"],"picked":"Acrobatics","floor":1},{"not_picked":["Dagger Throw","Setup"],"picked":"Terror","floor":2},{"not_picked":["Deflect","Poisoned Stab"],"picked":"Noxious Fumes","floor":4},{"not_picked":["Deflect","Slice"],"picked":"Poisoned Stab","floor":5},{"not_picked":["Backflip","Prepared"],"picked":"Glass Knife","floor":7},{"not_picked":["Dagger Spray","Accuracy","Riddle With Holes"],"picked":"SKIP","floor":11},{"not_picked":["Choke","Prepared","Accuracy"],"picked":"SKIP","floor":12},{"not_picked":["Choke","Endless Agony"],"picked":"Backstab","floor":13},{"not_picked":["Envenom","Doppelganger"],"picked":"Glass Knife","floor":16},{"not_picked":["Cloak And Dagger+1","Dagger Throw+1"],"picked":"Flying Knee+1","floor":18},{"not_picked":["Prepared","All Out Attack"],"picked":"Masterful Stab+1","floor":20},{"not_picked":["Noxious Fumes","Riddle With Holes+1"],"picked":"Blur+1","floor":22},{"not_picked":["Tools of the Trade","Eviscerate"],"picked":"Backflip","floor":23},{"not_picked":["Sucker Punch+1","Underhanded Strike","Setup"],"picked":"SKIP","floor":29},{"not_picked":["Dagger Spray","Sucker Punch","Underhanded Strike"],"picked":"SKIP","floor":30}],"player_experience":4866213,"relics_obtained":[{"floor":9,"key":"Mercury Hourglass"},{"floor":23,"key":"Orichalcum"}],"event_choices":[{"damage_healed":0,"gold_gain":50,"player_choice":"Pray","damage_taken":0,"max_hp_gain":0,"max_hp_loss":0,"event_name":"Golden Shrine","floor":3,"gold_loss":0},{"damage_healed":0,"gold_gain":0,"player_choice":"Read","damage_taken":0,"max_hp_gain":0,"max_hp_loss":0,"event_name":"The Library","floor":21,"gold_loss":0,"cards_obtained":["Well Laid Plans"]},{"damage_healed":0,"gold_gain":0,"player_choice":"Ignored","damage_taken":0,"max_hp_gain":0,"max_hp_loss":0,"event_name":"Vampires","floor":24,"gold_loss":0},{"damage_healed":0,"gold_gain":250,"player_choice":"Bet on Owner","damage_taken":0,"max_hp_gain":0,"max_hp_loss":0,"event_name":"The Joust","floor":31,"gold_loss":50}],"is_beta":false,"boss_relics":[{"not_picked":["Sozu","WristBlade"],"picked":"Eternal Feather"}],"items_purged_floors":[14,19],"is_endless":false,"potions_floor_spawned":[2,7,11,12,23],"killed_by":"Champ","ascension_level":20}