{"gold_per_floor":[114,134,149,165,184,184,199,231,231,261,261,272,272,284,284,361,361,374,391,411,158,158],"floor_reached":22,"playtime":577,"items_purged":["Strike_R"],"score":404,"play_id":"47df68e6-81f1-4183-9e2d-00ab9f300f6a","local_time":"20190514012512","is_ascension_mode":true,"campfire_choices":[{"data":"Carnage","floor":6,"key":"SMITH"},{"data":"Armaments","floor":11,"key":"SMITH"},{"floor":13,"key":"DIG"},{"floor":15,"key":"REST"}],"neow_cost":"NONE","seed_source_timestamp":717616523261100,"circlet_count":0,"master_deck":["AscendersBane","Strike_R","Strike_R","Strike_R","Strike_R","Defend_R","Defend_R","Defend_R","Defend_R","Bash","Ghostly Armor","Whirlwind","Carnage+1","Perfected Strike","Shockwave","Hemokinesis","Inflame","Armaments+1","Reaper","Battle Trance","Reaper","Power Through","Warcry+1","Spot Weakness","Ghostly Armor"],"relics":["Burning Blood","Shovel","Bag of Marbles","Mummified Hand","Happy Flower","Sozu","Tiny Chest"],"potions_floor_usage":[8,10,16,18],"damage_taken":[{"damage":7,"enemies":"Cultist","floor":1,"turns":4},{"damage":0,"enemies":"Small Slimes","floor":2,"turns":4},{"damage":5,"enemies":"2 Louse","floor":3,"turns":4},{"damage":11,"enemies":"Gremlin Gang","floor":4,"turns":3},{"damage":20,"enemies":"3 Louse","floor":5,"turns":3},{"damage":19,"enemies":"Exordium Wildlife","floor":7,"turns":4},{"damage":11,"enemies":"Gremlin Nob","floor":8,"turns":3},{"damage":18,"enemies":"3 Sentries","floor":10,"turns":4},{"damage":14,"enemies":"Exordium Thugs","floor":12,"turns":4},{"damage":10,"enemies":"3 Louse","floor":14,"turns":2},{"damage":11,"enemies":"Slime Boss","floor":16,"turns":6},{"damage":22,"enemies":"Shell Parasite","floor":18,"turns":3},{"damage":24,"enemies":"Spheric Guardian","floor":19,"turns":4},{"damage":44,"enemies":"Shelled Parasite and Fungi","floor":20,"turns":5},{"damage":23,"enemies":"Snake Plant","floor":22,"turns":3}],"seed_played":"-1404579539243766828","potions_obtained":[{"floor":4,"key":"Poison Potion"},{"floor":5,"key":"Strength Potion"},{"floor":7,"key":"Explosive Potion"},{"floor":14,"key":"FearPotion"},{"floor":16,"key":"Fire Potion"}],"is_trial":false,"path_per_floor":["M","M","M","M","M","R","M","E","T","E","R","M","R","M","R","B",null,"M","M","M","$","M"],"character_chosen":"IRONCLAD","items_purchased":["Tiny Chest","Ghostly Armor"],"campfire_rested":1,"item_purchase_floors":[21,21],"current_hp_per_floor":[74,80,81,76,62,62,49,44,44,32,32,24,24,20,44,39,71,61,43,19,19,0],"gold":158,"neow_bonus":"TEN_PERCENT_HP_BONUS","is_prod":false,"is_daily":false,"chose_seed":false,"campfire_upgraded":2,"win_rate":0,"timestamp":1557764712,"path_taken":["M","M","M","M","M","R","M","E","T","E","R","M","R","?","R","BOSS","M","M","M","$","M"],"build_version":"2019-01-23","purchased_purges":1,"victory":false,"max_hp_per_floor":[82,82,82,82,82,82,82,82,82,82,82,82,82,82,82,82,82,82,82,82,82,82],"card_choices":[{"not_picked":["Headbutt","Thunderclap"],"picked":"Ghostly Armor","floor":1},{"not_picked":["Blood for Blood","Warcry"],"picked":"Whirlwind","floor":2},{"not_picked":["Bloodletting","Clothesline"],"picked":"Carnage","floor":3},{"not_picked":["Dropkick","True Grit"],"picked":"Perfected Strike","floor":4},{"not_picked":["Disarm","Iron Wave"],"picked":"Shockwave","floor":5},{"not_picked":["Shrug It Off","Wild Strike"],"picked":"Hemokinesis","floor":7},{"not_picked":["Headbutt","Twin Strike"],"picked":"Inflame","floor":8},{"not_picked":["Rampage","Clothesline"],"picked":"Armaments","floor":10},{"not_picked":["Bloodletting","Sentinel"],"picked":"Reaper","floor":12},{"not_picked":["Burning Pact","Warcry"],"picked":"Battle Trance","floor":14},{"not_picked":["Berserk","Impervious"],"picked":"Reaper","floor":16},{"not_picked":["Havoc","Spot Weakness"],"picked":"Power Through","floor":18},{"not_picked":["Sentinel","Pommel Strike"],"picked":"Warcry+1","floor":19},{"not_picked":["Battle Trance","Body Slam"],"picked":"Spot Weakness","floor":20}],"player_experience":5014406,"relics_obtained":[{"floor":8,"key":"Shovel"},{"floor":9,"key":"Bag of Marbles"},{"floor":10,"key":"Mummified Hand"},{"floor":13,"key":"Happy Flower"}],"event_choices":[],"is_beta":false,"boss_relics":[{"not_picked":["Black Star","Runic Cube"],"picked":"Sozu"}],"items_purged_floors":[21],"is_endless":false,"potions_floor_spawned":[4,5,7,14,16],"killed_by":"Snake Plant","ascension_level":20}