{"gold_per_floor":[17,27,43,43,62,62,88,100,178,196,213,213,246,265,265,343,343,360,360,28,45,63,92,92,142,142,142,142,159,159,179,179,254,254,269,269,63,83,101,132,132,33,59,59,89,46,46,95,95,95,95,95,95,18,53,53],"floor_reached":57,"playtime":3441,"items_purged":["Predator","Dagger Throw"],"score":3309,"play_id":"249c10de-3fa9-45a3-8dbd-7d64405e8209","local_time":"20190723015621","is_ascension_mode":true,"campfire_choices":[{"data":"Skewer","floor":6,"key":"SMITH"},{"data":"Neutralize","floor":12,"key":"SMITH"},{"data":"Deadly Poison","floor":15,"key":"SMITH"},{"data":"Prepared","floor":24,"key":"SMITH"},{"data":"Well Laid Plans","floor":28,"key":"SMITH"},{"data":"Tools of the Trade","floor":30,"key":"SMITH"},{"data":"Night Terror","floor":32,"key":"SMITH"},{"floor":41,"key":"RECALL"},{"data":"Wraith Form v2","floor":44,"key":"SMITH"},{"data":"Adrenaline","floor":49,"key":"SMITH"},{"data":"Wraith Form v2","floor":53,"key":"SMITH"}],"neow_cost":"NO_GOLD","seed_source_timestamp":182779027229100,"circlet_count":0,"master_deck":["AscendersBane","Survivor","Neutralize+1","Skewer+1","Terror","Backflip","Backflip+1","Footwork","PiercingWail+1","Deadly Poison+1","Adrenaline+1","Backflip","Backstab","Tools of the Trade+1","Wraith Form v2+1","Wraith Form v2+1","Prepared+1","Crippling Poison","Escape Plan","Night Terror+1","Well Laid Plans+1","Acrobatics+1","Prepared+1","Corpse Explosion+1","Tactician+1","Finesse+1","Acrobatics+1","Purity+1","Reflex+1","Catalyst+1"],"relics":["Ring of the Snake","Anchor","Tough Bandages","Pandora\u0027s Box","Potion Belt","Snake Skull","Toxic Egg 2","Philosopher\u0027s Stone","Mummified Hand","Boot","War Paint","Singing Bowl","The Specimen","Bag of Preparation"],"potions_floor_usage":[7,13,16,16,23],"damage_taken":[{"damage":3,"enemies":"Cultist","floor":1,"turns":5},{"damage":0,"enemies":"Small Slimes","floor":2,"turns":3},{"damage":1,"enemies":"2 Louse","floor":3,"turns":3},{"damage":0,"enemies":"2 Fungi Beasts","floor":5,"turns":4},{"damage":0,"enemies":"Gremlin Nob","floor":7,"turns":2},{"damage":0,"enemies":"Red Slaver","floor":8,"turns":2},{"damage":14,"enemies":"Lots of Slimes","floor":10,"turns":6},{"damage":0,"enemies":"Large Slime","floor":11,"turns":4},{"damage":9,"enemies":"3 Sentries","floor":13,"turns":8},{"damage":0,"enemies":"2 Fungi Beasts","floor":14,"turns":3},{"damage":10,"enemies":"Hexaghost","floor":16,"turns":9},{"damage":0,"enemies":"Chosen","floor":18,"turns":4},{"damage":1,"enemies":"Shell Parasite","floor":21,"turns":5},{"damage":4,"enemies":"Snecko","floor":22,"turns":5},{"damage":6,"enemies":"Book of Stabbing","floor":23,"turns":7},{"damage":13,"enemies":"Chosen and Byrds","floor":29,"turns":7},{"damage":9,"enemies":"Sentry and Sphere","floor":31,"turns":5},{"damage":0,"enemies":"Automaton","floor":33,"turns":10},{"damage":0,"enemies":"Orb Walker","floor":35,"turns":2},{"damage":0,"enemies":"3 Darklings","floor":38,"turns":2},{"damage":0,"enemies":"Jaw Worm Horde","floor":39,"turns":2},{"damage":0,"enemies":"Giant Head","floor":40,"turns":3},{"damage":0,"enemies":"Nemesis","floor":45,"turns":7},{"damage":0,"enemies":"2 Orb Walkers","floor":48,"turns":5},{"damage":0,"enemies":"Donu and Deca","floor":50,"turns":5},{"damage":0,"enemies":"Time Eater","floor":51,"turns":13},{"damage":0,"enemies":"Shield and Spear","floor":55,"turns":4},{"damage":0,"enemies":"The Heart","floor":56,"turns":5}],"seed_played":"1075293429005495323","potions_obtained":[{"floor":1,"key":"Strength Potion"},{"floor":3,"key":"SmokeBomb"},{"floor":8,"key":"SkillPotion"},{"floor":11,"key":"Strength Potion"},{"floor":16,"key":"Fruit Juice"},{"floor":22,"key":"Regen Potion"},{"floor":29,"key":"Swift Potion"},{"floor":31,"key":"Energy Potion"},{"floor":35,"key":"AttackPotion"},{"floor":39,"key":"GamblersBrew"},{"floor":40,"key":"GhostInAJar"},{"floor":55,"key":"Block Potion"}],"is_trial":false,"path_per_floor":["M","M","M","?","M","R","E","M","T","M","M","R","E","M","R","B",null,"M","?","$","M","M","E","R","?","T","?","R","M","R","M","R","B",null,"M","T","$","M","M","E","R","$","T","R","E","$","?","?","R","B","B",null,"R","$","E","B",null],"character_chosen":"THE_SILENT","items_purchased":["Crippling Poison","Potion Belt","Finesse+1","Purity+1","Reflex+1","Catalyst+1"],"campfire_rested":0,"item_purchase_floors":[20,20,37,42,46,54],"current_hp_per_floor":[56,56,55,48,48,48,48,48,48,34,34,34,25,25,25,20,58,58,58,58,57,53,62,62,62,62,62,62,49,49,40,40,40,63,63,63,63,63,63,63,63,63,63,63,65,65,65,67,67,67,67,73,73,73,75,75],"gold":53,"neow_bonus":"REMOVE_TWO","is_prod":false,"is_daily":false,"chose_seed":false,"campfire_upgraded":10,"win_rate":0,"timestamp":1563814581,"path_taken":["M","M","M","?","M","R","E","M","T","M","M","R","E","M","R","BOSS","M","?","$","M","?","E","R","?","T","?","R","M","R","M","R","BOSS","M","?","$","M","?","E","R","$","T","R","E","?","?","?","R","BOSS","BOSS","R","$","E","BOSS"],"build_version":"2019-07-17","purchased_purges":2,"victory":true,"max_hp_per_floor":[66,66,66,66,66,66,66,66,66,66,66,66,66,66,66,71,71,71,71,71,71,71,71,71,71,71,71,71,71,71,71,71,71,71,71,71,71,71,71,71,71,71,71,71,73,73,73,75,75,75,75,75,75,75,77,77],"card_choices":[{"not_picked":["Endless Agony","Catalyst"],"picked":"Skewer","floor":1},{"not_picked":["Slice","PiercingWail"],"picked":"Endless Agony","floor":2},{"not_picked":["Underhanded Strike","Quick Slash"],"picked":"Terror","floor":3},{"not_picked":["Footwork","Dagger Throw"],"picked":"Poisoned Stab","floor":5},{"not_picked":["Quick Slash","Cloak And Dagger"],"picked":"Backflip","floor":7},{"not_picked":["Eviscerate","Accuracy"],"picked":"Backflip","floor":8},{"not_picked":["Expertise","After Image"],"picked":"Footwork","floor":10},{"not_picked":["Prepared","Finisher"],"picked":"PiercingWail","floor":11},{"not_picked":["Expertise","Quick Slash"],"picked":"Predator","floor":13},{"not_picked":["Slice","Blade Dance"],"picked":"Deadly Poison","floor":14},{"not_picked":["Tools of the Trade","Doppelganger"],"picked":"Adrenaline","floor":16},{"not_picked":["Quick Slash+1","Acrobatics"],"picked":"Prepared","floor":18},{"not_picked":["Expertise","Riddle With Holes"],"picked":"Escape Plan","floor":21},{"not_picked":["Bane","Dagger Throw"],"picked":"Night Terror","floor":22},{"not_picked":["Grand Finale","Choke"],"picked":"Well Laid Plans","floor":23},{"not_picked":["Skewer+1","Deadly Poison+1"],"picked":"Acrobatics+1","floor":29},{"not_picked":["Quick Slash","Slice"],"picked":"Prepared+1","floor":31},{"not_picked":["Tools of the Trade","Wraith Form v2"],"picked":"Corpse Explosion+1","floor":33},{"not_picked":["Quick Slash+1","Leg Sweep+1"],"picked":"Tactician+1","floor":35},{"not_picked":["Accuracy","Noxious Fumes","Backflip+1"],"picked":"SKIP","floor":38},{"not_picked":["Sucker Punch","PiercingWail+1"],"picked":"Acrobatics+1","floor":39},{"not_picked":["Dagger Throw","Acrobatics+1","Prepared+1"],"picked":"SKIP","floor":40},{"not_picked":["Terror+1","Unload","Eviscerate+1"],"picked":"Singing Bowl","floor":45},{"not_picked":["Blade Dance+1","Heel Hook","Outmaneuver+1"],"picked":"Singing Bowl","floor":48},{"not_picked":["Slice","Flying Knee","Storm of Steel+1"],"picked":"Singing Bowl","floor":55}],"player_experience":5784623,"relics_obtained":[{"floor":7,"key":"Anchor"},{"floor":13,"key":"Tough Bandages"},{"floor":23,"key":"Snake Skull"},{"floor":26,"key":"Toxic Egg 2"},{"floor":36,"key":"Mummified Hand"},{"floor":40,"key":"Boot"},{"floor":43,"key":"War Paint"},{"floor":45,"key":"Singing Bowl"},{"floor":48,"key":"The Specimen"},{"floor":55,"key":"Bag of Preparation"}],"event_choices":[{"cards_removed":["Strike_G"],"damage_healed":0,"gold_gain":0,"player_choice":"Card Removal","damage_taken":7,"max_hp_gain":0,"max_hp_loss":0,"event_name":"Golden Wing","floor":4,"gold_loss":0},{"cards_removed":["Expertise"],"damage_healed":0,"gold_gain":0,"player_choice":"Card Removal","damage_taken":0,"max_hp_gain":0,"max_hp_loss":0,"event_name":"Wheel of Change","floor":19,"gold_loss":0},{"damage_healed":0,"gold_gain":50,"player_choice":"Stole From Cult","damage_taken":0,"max_hp_gain":0,"max_hp_loss":0,"event_name":"Nest","floor":25,"gold_loss":0},{"cards_removed":["Poisoned Stab"],"damage_healed":0,"gold_gain":0,"player_choice":"Purged","damage_taken":0,"max_hp_gain":0,"max_hp_loss":0,"event_name":"Purifier","floor":27,"gold_loss":0},{"cards_removed":["Endless Agony"],"damage_healed":0,"gold_gain":0,"player_choice":"Removed Attack","damage_taken":0,"max_hp_gain":0,"max_hp_loss":0,"event_name":"Falling","floor":47,"gold_loss":0},{"damage_healed":0,"gold_gain":0,"player_choice":"Fight","damage_taken":0,"max_hp_gain":0,"max_hp_loss":0,"event_name":"Mysterious Sphere","floor":48,"gold_loss":0}],"is_beta":false,"boss_relics":[{"not_picked":["HoveringKite","WristBlade"],"picked":"Pandora\u0027s Box"},{"not_picked":["Black Star","Runic Dome"],"picked":"Philosopher\u0027s Stone"}],"items_purged_floors":[20,37],"is_endless":false,"potions_floor_spawned":[1,3,8,11,16,22,29,31,35,39,40,55],"ascension_level":20}