{"gold_per_floor":[116,126,126,156,5,5,25,25,25,25,45,45,56,56,56,154,154,171,191,204,219,230,230,246,263,313,313],"floor_reached":27,"playtime":1880,"items_purged":["Strike_B"],"score":209,"play_id":"95f3296f-ad9c-4960-9109-809b09227dbd","local_time":"20181229120350","is_ascension_mode":false,"campfire_choices":[{"data":"Static Discharge","floor":6.0,"key":"SMITH"},{"data":"Gash","floor":8.0,"key":"SMITH"},{"data":"Coolheaded","floor":12.0,"key":"SMITH"},{"floor":15.0,"key":"REST"},{"floor":23,"key":"REST"}],"neow_cost":"TEN_PERCENT_HP_LOSS","seed_source_timestamp":46625137310207,"circlet_count":0,"master_deck":["Strike_B","Strike_B","Strike_B","Defend_B","Defend_B","Defend_B","Defend_B","Zap","Dualcast","Streamline+1","Gash+1","Static Discharge+1","Gash+1","Coolheaded+1","Rebound","Leap","Rebound","Streamline","Buffer","Auto Shields","Streamline","Regret"],"special_seed":0,"relics":["Cracked Core","StoneCalendar","Tiny Chest","Gremlin Horn","Vajra","Cursed Key","Bag of Preparation"],"potions_floor_usage":[21],"damage_taken":[{"damage":0.0,"enemies":"Small Slimes","floor":1.0,"turns":3.0},{"damage":1.0,"enemies":"2 Louse","floor":2.0,"turns":3.0},{"damage":6.0,"enemies":"Cultist","floor":7.0,"turns":3.0},{"damage":5.0,"enemies":"Looter","floor":11.0,"turns":3.0},{"damage":7.0,"enemies":"2 Fungi Beasts","floor":13.0,"turns":2.0},{"damage":14,"enemies":"Slime Boss","floor":16,"turns":7},{"damage":12,"enemies":"3 Byrds","floor":18,"turns":5},{"damage":5,"enemies":"Chosen","floor":19,"turns":3},{"damage":24,"enemies":"Centurion and Healer","floor":20,"turns":5},{"damage":4,"enemies":"Shelled Parasite and Fungi","floor":21,"turns":4},{"damage":2,"enemies":"Cultist and Chosen","floor":22,"turns":4},{"damage":18,"enemies":"Centurion and Healer","floor":24,"turns":6},{"damage":7,"enemies":"3 Cultists","floor":25,"turns":4},{"damage":21,"enemies":"Snake Plant","floor":27,"turns":3}],"seed_played":"1900508866202518857","potions_obtained":[{"floor":11.0,"key":"Poison Potion"},{"floor":13.0,"key":"PowerPotion"},{"floor":19,"key":"Ancient Potion"},{"floor":22,"key":"PowerPotion"}],"is_trial":false,"path_per_floor":["M","M","?","?","$","R","M","R","T","T","M","R","M","?","R","B",null,"M","M","M","M","M","R","M","M","T","M"],"character_chosen":"DEFECT","items_purchased":["Static Discharge"],"campfire_rested":2,"item_purchase_floors":[5],"current_hp_per_floor":[68,67,53,41,41,41,35,35,35,35,30,30,23,23,43,29,68,56,51,27,23,21,41,23,16,16,0],"gold":313,"neow_bonus":"ONE_RARE_RELIC","is_prod":false,"is_daily":false,"chose_seed":false,"campfire_upgraded":3,"win_rate":0.0,"timestamp":1546103030,"path_taken":["M","M","?","?","$","R","M","R","T","?","M","R","M","?","R","BOSS","M","M","M","M","M","R","M","M","T","M"],"build_version":"2018-12-20","purchased_purges":1,"victory":false,"max_hp_per_floor":[68,68,68,68,68,68,68,68,68,68,68,68,68,68,68,68,68,68,68,68,68,68,68,68,68,68,68],"card_choices":[{"not_picked":["Force Field","Stack"],"picked":"Streamline","floor":1.0},{"not_picked":["Reprogram","Steam"],"picked":"Gash","floor":2.0},{"not_picked":["Hologram","Beam Cell"],"picked":"Gash","floor":7.0},{"not_picked":["Rebound","Genetic Algorithm"],"picked":"Coolheaded","floor":11.0},{"not_picked":["Chaos","Lockon"],"picked":"Rebound","floor":13.0},{"not_picked":["Hologram+1","Sweeping Beam"],"picked":"Leap","floor":18},{"not_picked":["Barrage","Aggregate","Hologram"],"picked":"SKIP","floor":19},{"not_picked":["Conserve Battery+1","Skim"],"picked":"Rebound","floor":20},{"not_picked":["Undo+1","Leap"],"picked":"Streamline","floor":21},{"not_picked":["Hologram","Compile Driver"],"picked":"Buffer","floor":22},{"not_picked":["Chaos","Genetic Algorithm+1"],"picked":"Auto Shields","floor":24},{"not_picked":["Capacitor","Sweeping Beam"],"picked":"Streamline","floor":25}],"player_experience":35057,"relics_obtained":[{"floor":9.0,"key":"Gremlin Horn"},{"floor":10.0,"key":"Vajra"},{"floor":26,"key":"Bag of Preparation"}],"event_choices":[{"damage_healed":0.0,"max_hp_gain":0.0,"max_hp_loss":0.0,"gold_gain":0.0,"event_name":"Shining Light","player_choice":"Entered Light","floor":3.0,"gold_loss":0.0,"damage_taken":14.0,"cards_upgraded":["Gash","Streamline"]},{"damage_healed":0.0,"max_hp_gain":0.0,"max_hp_loss":0.0,"gold_gain":0.0,"event_name":"Scrap Ooze","player_choice":"Success","floor":4.0,"gold_loss":0.0,"damage_taken":12.0,"relics_obtained":["Tiny Chest"]},{"damage_healed":0.0,"max_hp_gain":0.0,"max_hp_loss":0.0,"gold_gain":0.0,"event_name":"Dead Adventurer","player_choice":"Searched \u00270\u0027 times","floor":14.0,"gold_loss":0.0,"damage_taken":0.0}],"is_beta":false,"boss_relics":[{"not_picked":["Fusion Hammer","Busted Crown"],"picked":"Cursed Key"}],"items_purged_floors":[5],"is_endless":false,"potions_floor_spawned":[11,13,19,22],"killed_by":"Snake Plant","ascension_level":0}