{"gold_per_floor":[113,126,126,143,68,68,68,68,68,68,96,109,34,34,34,34],"floor_reached":16,"playtime":386,"items_purged":["Strike_G"],"score":196,"play_id":"04f3c676-af2a-41e6-8853-978f5c1fed02","local_time":"20190603020217","is_ascension_mode":true,"campfire_choices":[{"data":"Finisher","floor":7,"key":"SMITH"},{"data":"Neutralize","floor":10,"key":"SMITH"},{"data":"Dash","floor":15,"key":"SMITH"}],"neow_cost":"PERCENT_DAMAGE","seed_source_timestamp":620817010712800,"circlet_count":0,"master_deck":["AscendersBane","Defend_G","Defend_G","Defend_G","Strike_G","Strike_G","Survivor","Neutralize+1","Finisher+1","Endless Agony","Tactician","Dash+1"],"relics":["Ring of the Snake","Gremlin Horn","Ginger","Prayer Wheel"],"potions_floor_usage":[11],"damage_taken":[{"damage":3,"enemies":"Cultist","floor":1,"turns":5},{"damage":4,"enemies":"2 Louse","floor":2,"turns":5},{"damage":0,"enemies":"Small Slimes","floor":4,"turns":2},{"damage":12,"enemies":"Lagavulin","floor":11,"turns":7},{"damage":0,"enemies":"Looter","floor":12,"turns":3},{"damage":53,"enemies":"The Guardian","floor":16,"turns":15}],"seed_played":"-2678640192315010085","potions_obtained":[{"floor":1,"key":"Strength Potion"},{"floor":12,"key":"Ancient Potion"}],"is_trial":false,"path_per_floor":["M","M","T","M","?","?","R","?","T","R","E","M","$","?","R","B"],"character_chosen":"THE_SILENT","items_purchased":[],"campfire_rested":0,"item_purchase_floors":[],"current_hp_per_floor":[41,37,37,37,37,30,30,30,30,30,18,18,18,40,40,0],"gold":34,"neow_bonus":"REMOVE_TWO","is_prod":false,"is_daily":false,"chose_seed":false,"campfire_upgraded":3,"win_rate":0,"timestamp":1559494937,"path_taken":["M","M","?","M","?","?","R","?","T","R","E","M","$","?","R","BOSS"],"build_version":"2019-01-23","purchased_purges":1,"victory":false,"max_hp_per_floor":[66,66,66,66,66,66,66,66,66,66,66,66,66,66,66,66],"card_choices":[{"not_picked":["Backflip","Dagger Throw"],"picked":"Finisher","floor":1},{"not_picked":["Caltrops","Noxious Fumes"],"picked":"Endless Agony","floor":2},{"not_picked":["Outmaneuver","Slice","Setup"],"picked":"SKIP","floor":4},{"not_picked":["PiercingWail","Setup"],"picked":"Tactician","floor":11},{"not_picked":["Finisher","Underhanded Strike"],"picked":"Dash","floor":12},{"not_picked":["Phantasmal Killer","Backstab","Catalyst"],"picked":"SKIP","floor":12}],"player_experience":5251501,"relics_obtained":[{"floor":3,"key":"Gremlin Horn"},{"floor":9,"key":"Ginger"},{"floor":11,"key":"Prayer Wheel"}],"event_choices":[{"cards_removed":["Strike_G"],"damage_healed":0,"gold_gain":0,"player_choice":"Card Removal","damage_taken":0,"max_hp_gain":0,"max_hp_loss":0,"event_name":"The Cleric","floor":5,"gold_loss":75},{"cards_removed":["Defend_G"],"damage_healed":0,"gold_gain":0,"player_choice":"Card Removal","damage_taken":7,"max_hp_gain":0,"max_hp_loss":0,"event_name":"Golden Wing","floor":6,"gold_loss":0},{"damage_healed":0,"gold_gain":0,"player_choice":"Ignored","damage_taken":0,"max_hp_gain":0,"max_hp_loss":0,"event_name":"Liars Game","floor":8,"gold_loss":0},{"damage_healed":22,"gold_gain":0,"player_choice":"Banana","damage_taken":0,"max_hp_gain":0,"max_hp_loss":0,"event_name":"Big Fish","floor":14,"gold_loss":0}],"is_beta":false,"boss_relics":[],"items_purged_floors":[13],"is_endless":false,"potions_floor_spawned":[1,12],"killed_by":"The Guardian","ascension_level":20}