{"gold_per_floor":[112,112,127,143,168,199,214,245,245,262,282,316,316,17,17,93,93,108,126,41,41,41,41,69,69,94,112,112,131,131],"floor_reached":30,"playtime":1075,"items_purged":["Strike_B"],"score":540,"play_id":"eee3ef7e-a806-4a3a-bcf6-a486cf6cb26b","local_time":"20190712014743","is_ascension_mode":true,"campfire_choices":[{"data":"Dualcast","floor":13,"key":"SMITH"},{"floor":15,"key":"REST"},{"floor":23,"key":"REST"},{"data":"Recycle","floor":25,"key":"SMITH"},{"floor":28,"key":"REST"}],"neow_cost":"NONE","seed_source_timestamp":114599701663300,"circlet_count":0,"master_deck":["AscendersBane","Zap","Dualcast+1","Sweeping Beam","Melter","Doom and Gloom","Genetic Algorithm","FTL","Self Repair","Cold Snap","All For One","Glacier","Go for the Eyes","Recycle+1","Bandage Up","Creative AI","Chill","Multi-Cast","Capacitor","Sunder","Capacitor","FTL","Steam","Steam+1","Fusion+1"],"relics":["Cracked Core","NeowsBlessing","Art of War","Gremlin Horn","Kunai","Happy Flower","Pandora\u0027s Box","Incense Burner","The Courier","Peace Pipe","Omamori"],"potions_floor_usage":[7,12,19,24,27],"damage_taken":[{"damage":0,"enemies":"Small Slimes","floor":1,"turns":1},{"damage":0,"enemies":"Cultist","floor":3,"turns":1},{"damage":0,"enemies":"2 Louse","floor":4,"turns":1},{"damage":20,"enemies":"Lagavulin","floor":6,"turns":5},{"damage":4,"enemies":"Exordium Wildlife","floor":7,"turns":3},{"damage":20,"enemies":"3 Sentries","floor":8,"turns":7},{"damage":10,"enemies":"Looter","floor":10,"turns":4},{"damage":0,"enemies":"Large Slime","floor":11,"turns":4},{"damage":18,"enemies":"Lagavulin","floor":12,"turns":6},{"damage":22,"enemies":"The Guardian","floor":16,"turns":16},{"damage":30,"enemies":"Shell Parasite","floor":18,"turns":6},{"damage":27,"enemies":"Chosen","floor":19,"turns":4},{"damage":24,"enemies":"Gremlin Leader","floor":24,"turns":8},{"damage":12,"enemies":"Centurion and Healer","floor":27,"turns":12},{"damage":41,"enemies":"Shelled Parasite and Fungi","floor":29,"turns":7},{"damage":37,"enemies":"Snecko","floor":30,"turns":5}],"seed_played":"-8981602087956591045","potions_obtained":[{"floor":3,"key":"EssenceOfSteel"},{"floor":4,"key":"LiquidBronze"},{"floor":7,"key":"FearPotion"},{"floor":16,"key":"Fire Potion"},{"floor":19,"key":"FearPotion"}],"is_trial":false,"path_per_floor":["M","?","M","M","T","E","M","E","T","M","M","E","R","$","R","B",null,"M","M","?","T","?","R","E","R","T","M","R","M","M"],"character_chosen":"DEFECT","items_purchased":["Go for the Eyes","Recycle","Bandage Up"],"campfire_rested":3,"item_purchase_floors":[14,14,14],"current_hp_per_floor":[64,64,64,64,64,44,40,20,20,17,24,13,13,13,34,23,59,40,17,17,17,17,38,32,32,32,38,59,29,0],"gold":131,"neow_bonus":"THREE_ENEMY_KILL","is_prod":false,"is_daily":false,"chose_seed":false,"campfire_upgraded":2,"win_rate":0,"timestamp":1562863663,"path_taken":["M","?","M","?","?","E","M","E","T","M","?","E","R","$","R","BOSS","M","?","?","?","?","R","E","R","T","M","R","M","M"],"build_version":"2019-07-05","purchased_purges":1,"victory":false,"max_hp_per_floor":[71,71,71,71,71,71,71,71,71,71,71,71,71,71,71,71,71,71,71,71,71,71,71,71,71,71,71,71,71,71],"card_choices":[{"not_picked":["Cold Snap","Double Energy"],"picked":"Sweeping Beam","floor":1},{"not_picked":["Streamline","Aggregate"],"picked":"Doom and Gloom","floor":3},{"not_picked":["Turbo","Ball Lightning"],"picked":"Genetic Algorithm","floor":4},{"not_picked":["Stack","Defragment"],"picked":"FTL","floor":7},{"not_picked":["Amplify","Consume"],"picked":"Self Repair","floor":8},{"not_picked":["Rebound","Steam"],"picked":"Cold Snap","floor":10},{"not_picked":["Cold Snap","Capacitor"],"picked":"All For One","floor":11},{"not_picked":["Blizzard","Cold Snap"],"picked":"Glacier","floor":12},{"not_picked":["Multi-Cast","Hyperbeam"],"picked":"Creative AI","floor":16},{"not_picked":["Lockon","Go for the Eyes","Steam"],"picked":"SKIP","floor":18},{"not_picked":["Lockon","Go for the Eyes"],"picked":"Steam","floor":18},{"not_picked":["Cold Snap","Tempest","Barrage"],"picked":"SKIP","floor":19},{"not_picked":["Seek","Barrage"],"picked":"Steam+1","floor":24},{"not_picked":["Rip and Tear","Recycle"],"picked":"Fusion+1","floor":27},{"not_picked":["Hello World","Chill","Steam+1"],"picked":"SKIP","floor":29}],"player_experience":5651245,"relics_obtained":[{"floor":5,"key":"Art of War"},{"floor":6,"key":"Gremlin Horn"},{"floor":8,"key":"Kunai"},{"floor":12,"key":"Happy Flower"},{"floor":21,"key":"The Courier"},{"floor":24,"key":"Peace Pipe"},{"floor":26,"key":"Omamori"}],"event_choices":[{"damage_healed":0,"gold_gain":0,"cards_transformed":["Strike_B"],"player_choice":"Transformed","damage_taken":0,"max_hp_gain":0,"max_hp_loss":0,"event_name":"Transmorgrifier","floor":2,"gold_loss":0,"cards_obtained":["Melter"]},{"damage_healed":0,"gold_gain":0,"player_choice":"Obtained Relic","damage_taken":0,"relics_obtained":["Incense Burner"],"max_hp_gain":0,"max_hp_loss":0,"event_name":"Addict","floor":20,"gold_loss":85},{"damage_healed":0,"gold_gain":0,"player_choice":"Ignored","damage_taken":0,"max_hp_gain":0,"max_hp_loss":0,"event_name":"The Mausoleum","floor":22,"gold_loss":0}],"is_beta":false,"boss_relics":[{"not_picked":["Nuclear Battery","Coffee Dripper"],"picked":"Pandora\u0027s Box"}],"items_purged_floors":[14],"is_endless":false,"potions_floor_spawned":[3,4,7,8,16,19],"killed_by":"Snecko","ascension_level":20}