{"gold_per_floor":[110,124,142,160,160,160,176,210,210,135,135,35,54,74,74,152,152,131,151,165,177,177,177,195,195,270,289,164,199,199,216,216,287,287,300,190,207,221,237,262,262,282,282,296,309,61,61,61,61,61,61,61,61,17,17],"floor_reached":55,"playtime":2130,"items_purged":["Strike_R","Strike_R","Strike_R"],"score":1954,"play_id":"966f9de8-f807-421e-bc0a-66471c86d6f9","local_time":"20190502013210","is_ascension_mode":true,"campfire_choices":[{"data":"Body Slam","floor":6.0,"key":"SMITH"},{"floor":11.0,"key":"REST"},{"data":"Dual Wield","floor":15.0,"key":"SMITH"},{"floor":23.0,"key":"REST"},{"data":"Burning Pact","floor":25.0,"key":"SMITH"},{"floor":30.0,"key":"REST"},{"data":"Body Slam","floor":32.0,"key":"SMITH"},{"data":"True Grit","floor":41.0,"key":"SMITH"},{"data":"Offering","floor":47.0,"key":"SMITH"},{"floor":49.0,"key":"RECALL"},{"data":"Second Wind","floor":53.0,"key":"SMITH"}],"neow_cost":"NONE","seed_source_timestamp":942762561636800,"circlet_count":0,"master_deck":["AscendersBane","Strike_R","Defend_R","Defend_R","Defend_R","Defend_R+1","Bash","True Grit+1","Second Wind+1","Power Through","Body Slam+1","Dual Wield+1","Shrug It Off","Impervious","Impervious","Burning Pact+1","Body Slam+1","Sentinel","Barricade","Shockwave+1","Warcry+1","Warcry+1","Offering+1","Evolve"],"special_seed":0,"relics":["Burning Blood","Mercury Hourglass","Ginger","Sundial","Philosopher\u0027s Stone","Tiny Chest","Darkstone Periapt","Coffee Dripper","Dodecahedron"],"potions_floor_usage":[],"damage_taken":[{"damage":31.0,"enemies":"Jaw Worm","floor":1.0,"turns":7.0},{"damage":11.0,"enemies":"Cultist","floor":2.0,"turns":5.0},{"damage":7.0,"enemies":"2 Louse","floor":3.0,"turns":5.0},{"damage":0.0,"enemies":"Exordium Wildlife","floor":4.0,"turns":4.0},{"damage":1.0,"enemies":"Looter","floor":7.0,"turns":4.0},{"damage":23.0,"enemies":"Lagavulin","floor":8.0,"turns":6.0},{"damage":0.0,"enemies":"Blue Slaver","floor":13.0,"turns":3.0},{"damage":12.0,"enemies":"Exordium Thugs","floor":14.0,"turns":5.0},{"damage":18.0,"enemies":"Slime Boss","floor":16.0,"turns":7.0},{"damage":19.0,"enemies":"2 Thieves","floor":18.0,"turns":4.0},{"damage":2.0,"enemies":"Spheric Guardian","floor":19.0,"turns":4.0},{"damage":12.0,"enemies":"Snecko","floor":20.0,"turns":5.0},{"damage":11.0,"enemies":"Shelled Parasite and Fungi","floor":21.0,"turns":4.0},{"damage":9.0,"enemies":"Centurion and Healer","floor":24.0,"turns":9.0},{"damage":0.0,"enemies":"Snake Plant","floor":27.0,"turns":5.0},{"damage":37.0,"enemies":"Book of Stabbing","floor":29.0,"turns":4.0},{"damage":2.0,"enemies":"3 Cultists","floor":31.0,"turns":5.0},{"damage":40.0,"enemies":"Automaton","floor":33.0,"turns":8.0},{"damage":0.0,"enemies":"3 Darklings","floor":35.0,"turns":4.0},{"damage":5.0,"enemies":"3 Shapes","floor":37.0,"turns":8.0},{"damage":0.0,"enemies":"Sphere and 2 Shapes","floor":38.0,"turns":5.0},{"damage":0.0,"enemies":"Maw","floor":39.0,"turns":5.0},{"damage":0.0,"enemies":"Reptomancer","floor":40.0,"turns":6.0},{"damage":0.0,"enemies":"4 Shapes","floor":42.0,"turns":7.0},{"damage":39.0,"enemies":"Sphere and 2 Shapes","floor":44.0,"turns":9.0},{"damage":8.0,"enemies":"Transient","floor":45.0,"turns":6.0},{"damage":23.0,"enemies":"Awakened One","floor":50.0,"turns":6.0},{"damage":6.0,"enemies":"Time Eater","floor":51.0,"turns":7.0},{"damage":78,"enemies":"Shield and Spear","floor":55,"turns":3}],"seed_played":"-1998854392525758858","potions_obtained":[{"floor":3.0,"key":"Block Potion"},{"floor":8.0,"key":"Weak Potion"},{"floor":14.0,"key":"Ancient Potion"},{"floor":16.0,"key":"Energy Potion"},{"floor":18.0,"key":"LiquidBronze"},{"floor":20.0,"key":"SkillPotion"},{"floor":27.0,"key":"Energy Potion"},{"floor":29.0,"key":"FairyPotion"},{"floor":31.0,"key":"GamblersBrew"},{"floor":33.0,"key":"PowerPotion"},{"floor":38.0,"key":"GamblersBrew"},{"floor":40.0,"key":"Explosive Potion"},{"floor":44.0,"key":"Explosive Potion"}],"is_trial":false,"path_per_floor":["M","M","M","M","?","R","M","E","T","$","R","$","M","M","R","B",null,"M","M","M","M","?","R","M","R","T","M","$","E","R","M","R","B",null,"M","?","M","M","M","E","R","M","T","M","M","$","R","$","R","B","B",null,"R","$","E"],"character_chosen":"IRONCLAD","items_purchased":["Offering","Regen Potion","Evolve"],"campfire_rested":3,"item_purchase_floors":[46,46,54],"current_hp_per_floor":[43,38,37,43,25,25,30,13,13,13,35,35,41,35,35,23,62,49,53,47,42,21,45,42,42,42,48,48,17,41,45,45,11,63,69,69,70,76,80,80,80,80,80,47,45,45,45,45,45,43,43,71,71,71,0],"gold":17,"neow_bonus":"THREE_CARDS","is_prod":false,"is_daily":false,"chose_seed":true,"campfire_upgraded":7,"win_rate":0,"timestamp":1556728330,"path_taken":["M","M","M","M","?","R","M","E","T","$","R","$","M","M","R","BOSS","M","M","M","M","?","R","M","R","T","M","$","E","R","M","R","BOSS","M","?","M","M","?","E","R","M","T","M","?","$","R","$","R","BOSS","BOSS","R","$","E"],"build_version":"2019-01-23","purchased_purges":3,"victory":false,"max_hp_per_floor":[75,75,75,75,75,75,75,75,75,75,75,75,75,75,75,75,75,75,75,75,75,80,80,80,80,80,80,80,80,80,80,80,80,80,80,80,80,80,80,80,80,80,80,80,80,80,80,80,80,80,80,80,80,80,80],"card_choices":[{"not_picked":["Inflame","Perfected Strike"],"picked":"True Grit","floor":0.0},{"not_picked":["Warcry","Battle Trance"],"picked":"Second Wind","floor":1.0},{"not_picked":["Rampage","Wild Strike"],"picked":"Power Through","floor":2.0},{"not_picked":["Pummel","Shrug It Off"],"picked":"Body Slam","floor":3.0},{"not_picked":["Iron Wave","Blood for Blood"],"picked":"Dual Wield","floor":4.0},{"not_picked":["Reckless Charge","Pummel","Cleave"],"picked":"SKIP","floor":7.0},{"not_picked":["Twin Strike","Rampage"],"picked":"Shrug It Off","floor":8.0},{"not_picked":["Rampage","Pummel","Sword Boomerang"],"picked":"SKIP","floor":13.0},{"not_picked":["Iron Wave","Flex","Intimidate"],"picked":"SKIP","floor":14.0},{"not_picked":["Iron Wave","Flex","Intimidate"],"picked":"SKIP","floor":14.0},{"not_picked":["Double Tap","Reaper"],"picked":"Impervious","floor":16.0},{"not_picked":["Dropkick","Flex","Anger"],"picked":"SKIP","floor":18.0},{"not_picked":["Iron Wave","Rampage","Clothesline"],"picked":"SKIP","floor":19.0},{"not_picked":["Iron Wave","Rampage","Clothesline"],"picked":"SKIP","floor":19.0},{"not_picked":["Havoc","Iron Wave","Headbutt"],"picked":"SKIP","floor":20.0},{"not_picked":["True Grit","Rage"],"picked":"Impervious","floor":21.0},{"not_picked":["Warcry","Clothesline"],"picked":"Burning Pact","floor":24.0},{"not_picked":["Iron Wave","Sword Boomerang+1"],"picked":"Body Slam","floor":27.0},{"not_picked":["Wild Strike","Fiend Fire"],"picked":"Sentinel","floor":29.0},{"not_picked":["Clash+1","Thunderclap","Heavy Blade"],"picked":"SKIP","floor":31.0},{"not_picked":["Brutality","Double Tap"],"picked":"Barricade","floor":33.0},{"not_picked":["Combust","Dropkick","Heavy Blade"],"picked":"SKIP","floor":35.0},{"not_picked":["Spot Weakness+1","Wild Strike"],"picked":"Shockwave+1","floor":37.0},{"not_picked":["Sever Soul","Pommel Strike"],"picked":"Warcry+1","floor":38.0},{"not_picked":["True Grit","Cleave+1"],"picked":"Warcry+1","floor":39.0},{"not_picked":["Brutality","Blood for Blood","Sword Boomerang"],"picked":"SKIP","floor":40.0},{"not_picked":["Perfected Strike","Pommel Strike","Thunderclap"],"picked":"SKIP","floor":42.0},{"not_picked":["Pommel Strike","Blood for Blood","Sever Soul+1"],"picked":"SKIP","floor":44.0},{"not_picked":["Flex","Warcry","Pommel Strike"],"picked":"SKIP","floor":45.0}],"player_experience":4889014,"relics_obtained":[{"floor":8.0,"key":"Ginger"},{"floor":9.0,"key":"Sundial"},{"floor":26.0,"key":"Tiny Chest"},{"floor":29.0,"key":"Darkstone Periapt"},{"floor":40.0,"key":"Dodecahedron"}],"event_choices":[{"damage_healed":0.0,"max_hp_gain":0.0,"max_hp_loss":0.0,"gold_gain":0.0,"event_name":"Scrap Ooze","player_choice":"Success","floor":5.0,"gold_loss":0.0,"damage_taken":18.0,"relics_obtained":["Mercury Hourglass"]},{"damage_healed":0.0,"max_hp_gain":5.0,"max_hp_loss":0.0,"gold_gain":0.0,"event_name":"Forgotten Altar","player_choice":"Shed Blood","floor":22.0,"gold_loss":0.0,"damage_taken":26.0},{"cards_removed":["Strike_R"],"damage_healed":0.0,"max_hp_gain":0.0,"max_hp_loss":0.0,"gold_gain":0.0,"event_name":"Designer","player_choice":"Upgrade and Remove","floor":36.0,"gold_loss":110.0,"damage_taken":0.0,"cards_upgraded":["Defend_R"]}],"is_beta":false,"boss_relics":[{"not_picked":["Snecko Eye","Ectoplasm"],"picked":"Philosopher\u0027s Stone"},{"not_picked":["Lizard Tail","Runic Cube"],"picked":"Coffee Dripper"}],"items_purged_floors":[10,12,28],"is_endless":false,"potions_floor_spawned":[3,8,14,16,18,20,27,29,31,33,38,40,44],"killed_by":"Shield and Spear","ascension_level":20}