{"gold_per_floor":[111,122,139,139,159,188,188,55,55,55,88,88,88],"floor_reached":13,"playtime":384,"items_purged":[],"score":93,"play_id":"88505cae-0881-4ac4-b699-4e543b6c3897","local_time":"20190716194006","is_ascension_mode":false,"campfire_choices":[{"floor":7,"key":"REST"}],"neow_cost":"NONE","seed_source_timestamp":524527552479199,"circlet_count":0,"master_deck":["Strike_B","Strike_B","Strike_B","Defend_B","Defend_B+1","Defend_B","Defend_B","Zap","Dualcast","Cold Snap","Streamline+1","Barrage","Thunder Strike","Loop","Double Energy","Gash","Recycle","Conserve Battery","Injury"],"relics":["Cracked Core","Ornamental Fan","WingedGreaves","Nunchaku","Golden Idol"],"potions_floor_usage":[6],"damage_taken":[{"damage":3,"enemies":"2 Louse","floor":1,"turns":3},{"damage":0,"enemies":"Small Slimes","floor":2,"turns":2},{"damage":1,"enemies":"Jaw Worm","floor":3,"turns":3},{"damage":8,"enemies":"Looter","floor":5,"turns":3},{"damage":27,"enemies":"Gremlin Nob","floor":6,"turns":4},{"damage":25,"enemies":"Lagavulin","floor":11,"turns":6},{"damage":12,"enemies":"Exordium Wildlife","floor":13,"turns":4}],"seed_played":"2309935929706001408","potions_obtained":[{"floor":2,"key":"Poison Potion"},{"floor":3,"key":"SpeedPotion"},{"floor":6,"key":"Dexterity Potion"},{"floor":11,"key":"Strength Potion"}],"is_trial":false,"path_per_floor":["M","M","M","?","M","E","R","$","T","?","E","?","M"],"character_chosen":"DEFECT","items_purchased":["Gash","Recycle"],"campfire_rested":1,"item_purchase_floors":[8,8],"current_hp_per_floor":[72,72,71,56,48,21,43,43,43,36,11,11,0],"gold":88,"neow_bonus":"THREE_CARDS","is_prod":false,"is_daily":false,"chose_seed":false,"campfire_upgraded":0,"win_rate":0.0,"timestamp":1563324006,"path_taken":["M","M","M","?","M","E","R","$","T","?","E","?","M"],"build_version":"2019-07-05","purchased_purges":0,"victory":false,"max_hp_per_floor":[75,75,75,75,75,75,75,75,75,75,75,75,75],"card_choices":[{"not_picked":["Aggregate","Barrage"],"picked":"Cold Snap","floor":0},{"not_picked":["Barrage","Cold Snap"],"picked":"Streamline","floor":1},{"not_picked":["Turbo","Undo"],"picked":"Barrage","floor":2},{"not_picked":["Conserve Battery","Beam Cell"],"picked":"Thunder Strike","floor":3},{"not_picked":["Go for the Eyes","Leap"],"picked":"Loop","floor":5},{"not_picked":["Redo","Ball Lightning"],"picked":"Double Energy","floor":6},{"not_picked":["Leap","Hologram"],"picked":"Conserve Battery","floor":11}],"player_experience":66867,"relics_obtained":[{"floor":6,"key":"Ornamental Fan"},{"floor":9,"key":"WingedGreaves"},{"floor":11,"key":"Nunchaku"}],"event_choices":[{"damage_healed":0,"gold_gain":0,"player_choice":"Entered Light","damage_taken":15,"max_hp_gain":0,"max_hp_loss":0,"event_name":"Shining Light","floor":4,"gold_loss":0,"cards_upgraded":["Defend_B","Streamline"]},{"cards_removed":["Strike_B"],"damage_healed":0,"gold_gain":0,"player_choice":"Card Removal","damage_taken":7,"max_hp_gain":0,"max_hp_loss":0,"event_name":"Golden Wing","floor":10,"gold_loss":0},{"damage_healed":0,"gold_gain":0,"player_choice":"Take Wound","damage_taken":0,"relics_obtained":["Golden Idol"],"max_hp_gain":0,"max_hp_loss":0,"event_name":"Golden Idol","floor":12,"gold_loss":0,"cards_obtained":["Injury"]}],"is_beta":false,"boss_relics":[],"items_purged_floors":[],"is_endless":false,"potions_floor_spawned":[2,3,6,11],"killed_by":"Exordium Wildlife","ascension_level":0}