{"gold_per_floor":[114,39,39,59,76,101,115,146,169,21,21,21,21,21,21,119,119,129,129,144,161,174,174,205,215,269,285,302,302,334,334,334,429,529,546,546,546,544,544,544,577,580,580,86,104,104,104,104,104,99],"floor_reached":50,"playtime":1773,"items_purged":["Strike_R","Strike_R","Strike_R"],"score":656,"play_id":"b428bb8c-0e31-4755-99f4-4acfca716cf6","local_time":"20190704221817","is_ascension_mode":true,"campfire_choices":[{"data":"Iron Wave","floor":13,"key":"SMITH"},{"data":"Iron Wave","floor":15,"key":"SMITH"},{"data":"Juggernaut","floor":23,"key":"SMITH"},{"data":"Shrug It Off","floor":29,"key":"SMITH"},{"data":"hubris:InfiniteBlow+1","floor":32,"key":"SMITH"},{"floor":40,"key":"REST"},{"floor":49,"key":"REST"}],"neow_cost":"NONE","seed_source_timestamp":1155698530855622,"circlet_count":0,"master_deck":["Strike_R","Strike_R","Defend_R","Defend_R","Defend_R","Defend_R","Bash+1","Shrug It Off+1","Iron Wave+1","Thunderclap","Iron Wave+1","Injury","Juggernaut+1","Sword Boomerang+1","Iron Wave+1","Cleave+1","strawberrySpire:DangerMountain","hubris:InfiniteBlow+2","vexMod:BattleStance","Juggernaut+1","hubris:InfiniteBlow+2","ReplayTheSpireMod:Stacked+1","strawberrySpire:ExtraUtilities","Bandage Up"],"relics":["Burning Blood","aspiration:Nostalgia","Cracked Core","hubris:OldNail","Darkstone Periapt","hubris:ChampionShield","Molten Egg 2","aspiration:FutureDiary","aspiration:Stabinomicon","Frozen Egg 2","aspiration:TomeofQuesting","infinitespire:ShieldingShard","vexMod:DeviousBotling","Replay:Wanted Poster","Lantern","Baseball","Juzu Bracelet","strawberrySpire:KineticCharger"],"potions_floor_usage":[6,8,8,24,33,33,39,41,45,50],"damage_taken":[{"damage":5,"enemies":"2 Louse","floor":1,"turns":3},{"damage":0,"enemies":"Cultist","floor":4,"turns":3},{"damage":4,"enemies":"Small Slimes","floor":5,"turns":3},{"damage":12,"enemies":"Gremlin Nob","floor":6,"turns":2},{"damage":0,"enemies":"Blue Slaver","floor":7,"turns":4},{"damage":22,"enemies":"3 Sentries","floor":8,"turns":7},{"damage":49,"enemies":"Fading Forest","floor":16,"turns":11},{"damage":6,"enemies":"Shell Parasite","floor":18,"turns":5},{"damage":13,"enemies":"Spheric Guardian","floor":20,"turns":4},{"damage":12,"enemies":"Centurion and Healer","floor":21,"turns":5},{"damage":0,"enemies":"Cultist and Chosen","floor":22,"turns":4},{"damage":13,"enemies":"Slavers","floor":24,"turns":3},{"damage":5,"enemies":"Snecko","floor":25,"turns":3},{"damage":0,"enemies":"3 Cultists","floor":27,"turns":4},{"damage":0,"enemies":"Cultist and Chosen","floor":28,"turns":4},{"damage":22,"enemies":"Gremlin Leader","floor":30,"turns":6},{"damage":13,"enemies":"Champ","floor":33,"turns":9},{"damage":9,"enemies":"3 Shapes","floor":35,"turns":4},{"damage":21,"enemies":"3 Darklings","floor":38,"turns":3},{"damage":0,"enemies":"4 Shapes","floor":39,"turns":1},{"damage":42,"enemies":"Giant Head","floor":41,"turns":8},{"damage":18,"enemies":"Jaw Worm Horde","floor":42,"turns":3},{"damage":7,"enemies":"Sphere and 2 Shapes","floor":45,"turns":4},{"damage":52,"enemies":"Donu and Deca","floor":50,"turns":4}],"seed_played":"5883456212623764723","potions_obtained":[{"floor":3,"key":"LiquidBronze"},{"floor":3,"key":"SmokeBomb"},{"floor":3,"key":"Death Potion"},{"floor":5,"key":"PowerPotion"},{"floor":6,"key":"SteroidPotion"},{"floor":16,"key":"infinitespire:BlackPotion"},{"floor":22,"key":"Dexterity Potion"},{"floor":25,"key":"Ancient Potion"},{"floor":35,"key":"Weak Potion"},{"floor":38,"key":"Explosive Potion"},{"floor":41,"key":"Poison Potion"}],"is_trial":false,"path_per_floor":["M","$","?","M","M","E","M","E","T","$","?","$","R","?","R","B",null,"M","?","M","M","M","R","E","M","T","M","M","R","E","AVR","R","B",null,"M","?","?","M","M","R","E","M","T","$","M","?","$","AVR","R","B"],"character_chosen":"IRONCLAD","items_purchased":["Iron Wave","Juzu Bracelet","strawberrySpire:KineticCharger","strawberrySpire:ExtraUtilities"],"campfire_rested":2,"item_purchase_floors":[10,44,44,44],"current_hp_per_floor":[80,80,80,80,80,74,80,64,64,64,64,64,64,70,70,27,86,86,70,63,57,63,63,56,57,57,63,69,69,53,53,53,46,86,83,82,54,39,45,69,33,21,21,21,20,20,20,20,44,0],"gold":99,"neow_bonus":"NOSTALGIA","is_prod":false,"is_daily":false,"chose_seed":false,"campfire_upgraded":5,"win_rate":0,"timestamp":1562275097,"path_taken":["M","$","?","M","?","E","M","E","T","?","?","$","R","?","R","BOSS","M","?","M","M","M","R","E","M","T","M","M","R","E","AVR","R","BOSS","M","?","?","M","M","R","E","M","T","$","M","?","?","AVR","R","BOSS"],"build_version":"2019-07-01","purchased_purges":3,"victory":false,"max_hp_per_floor":[80,80,80,80,80,80,80,80,80,80,80,80,80,86,86,86,86,86,86,86,86,86,86,86,86,86,86,86,86,86,86,86,86,86,86,82,82,82,82,82,82,82,82,82,82,82,82,82,82,82],"card_choices":[{"not_picked":["Replay:Undeath\u0027s Touch","conspire:ExplosiveBarrier"],"picked":"Shrug It Off","floor":1},{"not_picked":["Searing Blow","Warcry"],"picked":"Iron Wave","floor":4},{"not_picked":["ReplayTheSpireMod:Limb From Limb","Clash","strawberrySpire:DebrisPile"],"picked":"SKIP","floor":5},{"not_picked":["Pummel","hubris:SharpeningStone","Evolve"],"picked":"SKIP","floor":6},{"not_picked":["Berserk","Wild Strike"],"picked":"Thunderclap","floor":7},{"not_picked":["strawberrySpire:DraftPunk","Perfected Strike","Thunderclap"],"picked":"SKIP","floor":8},{"not_picked":["vexMod:StrikeStorm","vexMod:Devastation+1"],"picked":"Juggernaut","floor":16},{"not_picked":["Thunderclap+1","vexMod:Hatred"],"picked":"Sword Boomerang+1","floor":18},{"not_picked":["Clash+1","strawberrySpire:Incursion+1"],"picked":"Iron Wave+1","floor":20},{"not_picked":["Fire Breathing","Combust","Clothesline+1"],"picked":"SKIP","floor":21},{"not_picked":["Run Through+1","ReplayReversal+1"],"picked":"Cleave+1","floor":22},{"not_picked":["Anger+1","Clash+1","strawberrySpire:Hellbender"],"picked":"SKIP","floor":24},{"not_picked":["strawberrySpire:Aggression","Clothesline+1","Flex"],"picked":"SKIP","floor":25},{"not_picked":["Thunderclap+1","Blood for Blood+1","Sentinel"],"picked":"SKIP","floor":27},{"not_picked":["Clothesline+1","Battle Trance+1"],"picked":"strawberrySpire:DangerMountain","floor":28},{"not_picked":["Limit Break","Reckless Charge+1","strawberrySpire:FireDrill+1"],"picked":"SKIP","floor":30},{"not_picked":["Dark Embrace+1","hubris:StunningStrike+1"],"picked":"vexMod:BattleStance","floor":33},{"not_picked":["Perfected Strike+1","strawberrySpire:FireDrill+1","Sentinel+1"],"picked":"SKIP","floor":35},{"not_picked":["Sentinel+1","True Grit","Pummel+1"],"picked":"SKIP","floor":38},{"not_picked":["Heavy Blade+1","strawberrySpire:Spite+1","Twin Strike+1"],"picked":"SKIP","floor":41},{"not_picked":["Rupture+1","strawberrySpire:JustAWound+1"],"picked":"ReplayTheSpireMod:Stacked+1","floor":42},{"not_picked":["Cleave+1","vexMod:Taunt"],"picked":"SKIP","floor":45},{"not_picked":["Specialist+1","Jack Of All Trades"],"picked":"Bandage Up","floor":46}],"player_experience":155503,"relics_obtained":[{"floor":6,"key":"hubris:OldNail"},{"floor":8,"key":"Darkstone Periapt"},{"floor":9,"key":"hubris:ChampionShield"},{"floor":19,"key":"aspiration:Stabinomicon"},{"floor":24,"key":"Frozen Egg 2"},{"floor":26,"key":"aspiration:TomeofQuesting"},{"floor":30,"key":"infinitespire:ShieldingShard"},{"floor":41,"key":"Lantern"},{"floor":43,"key":"Baseball"}],"event_choices":[{"damage_healed":0,"gold_gain":0,"player_choice":"Got Potions","damage_taken":0,"max_hp_gain":0,"max_hp_loss":0,"event_name":"Lab","floor":3,"gold_loss":0},{"damage_healed":0,"gold_gain":0,"player_choice":"Obtained Book","damage_taken":16,"max_hp_gain":0,"max_hp_loss":0,"event_name":"Cursed Tome","floor":19,"gold_loss":0},{"damage_healed":0,"gold_gain":0,"player_choice":"Max HP","damage_taken":0,"max_hp_gain":0,"max_hp_loss":4,"event_name":"Winding Halls","floor":36,"gold_loss":0},{"damage_healed":0,"gold_gain":0,"player_choice":"Memory 1","damage_taken":0,"max_hp_gain":0,"max_hp_loss":0,"event_name":"SensoryStone","floor":46,"gold_loss":0}],"is_beta":false,"boss_relics":[{"not_picked":["Orrery","Runic Pyramid"],"picked":"aspiration:FutureDiary"},{"not_picked":["aspiration:SilentSkillbook","vexMod:BigBerry"],"picked":"Replay:Wanted Poster"}],"items_purged_floors":[2,10,44],"is_endless":false,"potions_floor_spawned":[5,6,16,22,25,28,30,35,38,41],"killed_by":"Donu and Deca","ascension_level":4}