{"gold_per_floor":[112,112,132,148,173,198,198,273,299,299,327,338,368,36,36,113,163,182,65,65,65,76,76,107,107,131,145,45,45,45,75,75,75],"floor_reached":33,"playtime":721,"items_purged":["Strike_R","Strike_R"],"score":598,"play_id":"d3c1d67c-c917-47c8-9391-76c0f2829a42","local_time":"20190630231713","is_ascension_mode":true,"campfire_choices":[{"data":"Anger","floor":7.0,"key":"SMITH"},{"data":"Hemokinesis","floor":10.0,"key":"SMITH"},{"data":"Armaments","floor":15.0,"key":"SMITH"},{"data":"Body Slam","floor":23,"key":"SMITH"},{"data":"Body Slam","floor":25,"key":"SMITH"},{"data":"Fiend Fire","floor":30,"key":"SMITH"},{"floor":32,"key":"REST"}],"neow_cost":"NONE","seed_source_timestamp":1053132724566699,"circlet_count":0,"master_deck":["AscendersBane","Strike_R","Strike_R","Strike_R","Defend_R","Defend_R+1","Defend_R","Defend_R","Bash","Hemokinesis+1","Ghostly Armor","Anger+1","Armaments+1","Metallicize","Fiend Fire+1","Body Slam+1","Fiend Fire","Body Slam+1","Power Through","Feel No Pain+1","Impervious"],"special_seed":0,"relics":["Burning Blood","NeowsBlessing","Anchor","Centennial Puzzle","Art of War","PreservedInsect","Bag of Marbles","Ancient Tea Set","Medical Kit","Tiny House","Blood Vial","Meat on the Bone"],"potions_floor_usage":[22,33],"damage_taken":[{"damage":0.0,"enemies":"2 Louse","floor":1.0,"turns":1.0},{"damage":0.0,"enemies":"Cultist","floor":3.0,"turns":1.0},{"damage":0.0,"enemies":"Jaw Worm","floor":4.0,"turns":1.0},{"damage":38.0,"enemies":"Gremlin Nob","floor":6.0,"turns":4.0},{"damage":9.0,"enemies":"3 Sentries","floor":11.0,"turns":4.0},{"damage":2.0,"enemies":"3 Louse","floor":12.0,"turns":1.0},{"damage":10.0,"enemies":"Gremlin Nob","floor":13.0,"turns":3.0},{"damage":17.0,"enemies":"Hexaghost","floor":16.0,"turns":9.0},{"damage":23.0,"enemies":"Spheric Guardian","floor":18.0,"turns":5.0},{"damage":2,"enemies":"Shell Parasite","floor":22,"turns":8},{"damage":2,"enemies":"Slavers","floor":24,"turns":6},{"damage":5,"enemies":"Centurion and Healer","floor":27,"turns":10},{"damage":42,"enemies":"Book of Stabbing","floor":31,"turns":6},{"damage":72,"enemies":"Collector","floor":33,"turns":9}],"seed_played":"-3209789525912592404","potions_obtained":[{"floor":6.0,"key":"Explosive Potion"},{"floor":11.0,"key":"Block Potion"},{"floor":13.0,"key":"Block Potion"},{"floor":17.0,"key":"SpeedPotion"},{"floor":22,"key":"Strength Potion"}],"is_trial":false,"path_per_floor":["M","?","M","M","T","E","R","?","T","R","E","M","E","$","R","B",null,"M","$","?","?","M","R","E","R","T","M","$","?","R","E","R","B"],"character_chosen":"IRONCLAD","items_purchased":["Medical Kit","Body Slam","Power Through","Feel No Pain"],"campfire_rested":1,"item_purchase_floors":[14,14,19,19],"current_hp_per_floor":[74,74,75,75,75,43,43,32,32,32,29,33,29,29,29,18,66,49,49,49,49,53,53,57,57,57,60,60,60,60,26,50,0],"gold":75,"neow_bonus":"THREE_ENEMY_KILL","is_prod":false,"is_daily":false,"chose_seed":false,"campfire_upgraded":6,"win_rate":0,"timestamp":1561904233,"path_taken":["M","?","M","?","?","E","R","?","T","R","E","M","E","$","R","BOSS","M","$","?","?","?","R","E","R","T","M","?","?","R","E","R","BOSS"],"build_version":"2019-01-23","purchased_purges":2,"victory":false,"max_hp_per_floor":[75,75,75,75,75,75,75,75,75,75,75,75,75,75,75,75,80,80,80,80,80,80,80,80,80,80,80,80,80,80,80,80,80],"card_choices":[{"not_picked":["Havoc","True Grit"],"picked":"Flex","floor":1.0},{"not_picked":["Fire Breathing","Evolve"],"picked":"Hemokinesis","floor":3.0},{"not_picked":["Clothesline","Anger"],"picked":"Ghostly Armor","floor":4.0},{"not_picked":["Iron Wave","Dropkick"],"picked":"Anger","floor":6.0},{"not_picked":["Power Through","True Grit"],"picked":"Armaments","floor":11.0},{"not_picked":["Heavy Blade","True Grit"],"picked":"Metallicize","floor":12.0},{"not_picked":["Corruption","Body Slam"],"picked":"Fiend Fire","floor":13.0},{"not_picked":["Reaper","Brutality"],"picked":"Fiend Fire","floor":16.0},{"not_picked":["Pummel","Anger"],"picked":"Body Slam","floor":18.0},{"not_picked":["Clothesline","Perfected Strike","Wild Strike"],"picked":"SKIP","floor":22},{"not_picked":["Headbutt","Clash+1","Thunderclap"],"picked":"SKIP","floor":24},{"not_picked":["True Grit","Perfected Strike"],"picked":"Impervious","floor":27},{"not_picked":["Wild Strike","Rampage+1","Searing Blow"],"picked":"SKIP","floor":31}],"player_experience":5531267,"relics_obtained":[{"floor":5.0,"key":"Centennial Puzzle"},{"floor":6.0,"key":"Art of War"},{"floor":9.0,"key":"PreservedInsect"},{"floor":11.0,"key":"Bag of Marbles"},{"floor":13.0,"key":"Ancient Tea Set"},{"floor":24,"key":"Blood Vial"},{"floor":31,"key":"Meat on the Bone"}],"event_choices":[{"cards_removed":["Flex"],"damage_healed":0.0,"max_hp_gain":0.0,"max_hp_loss":0.0,"gold_gain":0.0,"event_name":"WeMeetAgain","player_choice":"Gave Card","floor":2.0,"gold_loss":0.0,"damage_taken":0.0,"relics_obtained":["Anchor"]},{"damage_healed":0.0,"max_hp_gain":0.0,"max_hp_loss":0.0,"gold_gain":75.0,"event_name":"World of Goop","player_choice":"Gather Gold","floor":8.0,"gold_loss":0.0,"damage_taken":11.0},{"damage_healed":0.0,"max_hp_gain":0.0,"max_hp_loss":0.0,"gold_gain":0.0,"event_name":"Beggar","player_choice":"Ignored","floor":20.0,"gold_loss":0.0,"damage_taken":0.0},{"damage_healed":0.0,"max_hp_gain":0.0,"max_hp_loss":0.0,"gold_gain":0.0,"event_name":"Upgrade Shrine","player_choice":"Upgraded","floor":21.0,"gold_loss":0.0,"damage_taken":0.0,"cards_upgraded":["Feel No Pain"]},{"damage_healed":0,"gold_gain":0,"player_choice":"Ignored","damage_taken":0,"max_hp_gain":0,"max_hp_loss":0,"event_name":"Ghosts","floor":29,"gold_loss":0}],"is_beta":false,"boss_relics":[{"not_picked":["Coffee Dripper","Busted Crown"],"picked":"Tiny House"}],"items_purged_floors":[14,28],"is_endless":false,"potions_floor_spawned":[6,11,13,22,24],"killed_by":"Collector","ascension_level":20}