{"gold_per_floor":[110,124,142,160,176,210,210,231,231,250,250,285,304,339,339,417,417,431,443,461,477,477,537,549,568,620,637,666,666,697,707,707,778,778,798,798,812,825,825,859,859,871,871,886,886,170,170,199,199,199,199,199,199,34,66,66],"floor_reached":57,"playtime":1994,"items_purged":[],"score":2925,"play_id":"f31165b9-8731-4664-a329-2444e78a511c","local_time":"20190502004748","is_ascension_mode":true,"campfire_choices":[{"data":"Perfected Strike","floor":7.0,"key":"SMITH"},{"data":"Perfected Strike","floor":15.0,"key":"SMITH"},{"data":"Dual Wield","floor":32.0,"key":"SMITH"},{"floor":41.0,"key":"RECALL"},{"data":"Impervious","floor":47.0,"key":"SMITH"},{"data":"Impervious","floor":49.0,"key":"SMITH"},{"data":"Evolve","floor":53.0,"key":"SMITH"}],"neow_cost":"NONE","seed_source_timestamp":940558193530500,"circlet_count":0,"master_deck":["AscendersBane","Strike_R","Strike_R","Strike_R","Strike_R","Strike_R","Defend_R","Defend_R","Defend_R","Defend_R","Bash","Perfected Strike+1","Battle Trance","Wild Strike","Shrug It Off","Dual Wield+1","Perfected Strike+1","Battle Trance","Perfected Strike+1","Impervious+1","Clothesline","Impervious+1","Perfected Strike","Wild Strike","Barricade","Pommel Strike","Dark Embrace","Shockwave+1","Pommel Strike","Evolve+1","Shockwave","Apotheosis","Offering"],"special_seed":0,"relics":["Burning Blood","Mercury Hourglass","Odd Mushroom","Sundial","Ginger","Darkstone Periapt","Snecko Eye","Dodecahedron","Tiny Chest","Juzu Bracelet","Ice Cream","Bottled Flame","Coffee Dripper","Meat on the Bone","The Courier","Shuriken","Strange Spoon","Pantograph","Ancient Tea Set","Paper Frog","Strawberry","Bottled Lightning"],"potions_floor_usage":[56,56],"damage_taken":[{"damage":2.0,"enemies":"Jaw Worm","floor":1.0,"turns":3.0},{"damage":2.0,"enemies":"Cultist","floor":2.0,"turns":4.0},{"damage":1.0,"enemies":"2 Louse","floor":3.0,"turns":3.0},{"damage":1.0,"enemies":"Exordium Wildlife","floor":4.0,"turns":2.0},{"damage":6.0,"enemies":"Looter","floor":5.0,"turns":4.0},{"damage":35.0,"enemies":"Lagavulin","floor":6.0,"turns":6.0},{"damage":2.0,"enemies":"The Mushroom Lair","floor":8.0,"turns":4.0},{"damage":13.0,"enemies":"Blue Slaver","floor":10.0,"turns":2.0},{"damage":6.0,"enemies":"Gremlin Nob","floor":12.0,"turns":3.0},{"damage":8.0,"enemies":"Exordium Thugs","floor":13.0,"turns":2.0},{"damage":10.0,"enemies":"3 Sentries","floor":14.0,"turns":4.0},{"damage":0.0,"enemies":"Slime Boss","floor":16.0,"turns":4.0},{"damage":0.0,"enemies":"2 Thieves","floor":18.0,"turns":2.0},{"damage":11.0,"enemies":"Spheric Guardian","floor":19.0,"turns":3.0},{"damage":0.0,"enemies":"Snecko","floor":20.0,"turns":2.0},{"damage":11.0,"enemies":"Shelled Parasite and Fungi","floor":21.0,"turns":3.0},{"damage":40.0,"enemies":"Book of Stabbing","floor":23.0,"turns":5.0},{"damage":4.0,"enemies":"Centurion and Healer","floor":24.0,"turns":2.0},{"damage":19.0,"enemies":"Snake Plant","floor":25.0,"turns":3.0},{"damage":0.0,"enemies":"3 Cultists","floor":27.0,"turns":2.0},{"damage":19.0,"enemies":"Gremlin Leader","floor":28.0,"turns":5.0},{"damage":8.0,"enemies":"Slavers","floor":30.0,"turns":3.0},{"damage":14.0,"enemies":"Shelled Parasite and Fungi","floor":31.0,"turns":3.0},{"damage":33.0,"enemies":"Automaton","floor":33.0,"turns":7.0},{"damage":0.0,"enemies":"3 Darklings","floor":35.0,"turns":4.0},{"damage":0.0,"enemies":"3 Shapes","floor":37.0,"turns":3.0},{"damage":0.0,"enemies":"Sphere and 2 Shapes","floor":38.0,"turns":2.0},{"damage":33.0,"enemies":"Reptomancer","floor":40.0,"turns":6.0},{"damage":0.0,"enemies":"Maw","floor":42.0,"turns":4.0},{"damage":0.0,"enemies":"4 Shapes","floor":44.0,"turns":4.0},{"damage":16.0,"enemies":"Nemesis","floor":48.0,"turns":5.0},{"damage":22.0,"enemies":"Awakened One","floor":50.0,"turns":8.0},{"damage":27.0,"enemies":"Time Eater","floor":51.0,"turns":7.0},{"damage":30,"enemies":"Shield and Spear","floor":55,"turns":5},{"damage":70,"enemies":"The Heart","floor":56,"turns":7}],"seed_played":"-1998854392525758858","potions_obtained":[{"floor":3.0,"key":"Block Potion"},{"floor":6.0,"key":"Weak Potion"},{"floor":12.0,"key":"PowerPotion"},{"floor":19.0,"key":"Explosive Potion"},{"floor":23.0,"key":"Energy Potion"},{"floor":24.0,"key":"LiquidBronze"},{"floor":27.0,"key":"SkillPotion"},{"floor":38.0,"key":"GamblersBrew"},{"floor":44.0,"key":"SpeedPotion"},{"floor":55,"key":"PowerPotion"}],"is_trial":false,"path_per_floor":["M","M","M","M","M","E","R","?","T","M","?","E","M","E","R","B",null,"M","M","M","M","?","E","M","M","T","M","E","?","E","M","R","B",null,"M","T","M","M","?","E","R","M","T","M","T","$","R","E","R","B","B",null,"R","$","E","B",null],"character_chosen":"IRONCLAD","items_purchased":["Strange Spoon","Pantograph","Ancient Tea Set","Paper Frog","Apotheosis"],"campfire_rested":0,"item_purchase_floors":[46,46,46,46,54],"current_hp_per_floor":[72,75,75,75,75,46,46,50,50,43,43,43,41,37,37,43,67,73,68,74,69,69,35,37,24,24,30,17,75,73,65,65,38,66,72,72,75,75,75,48,48,54,54,60,60,60,60,57,57,66,61,77,77,77,53,26],"gold":66,"neow_bonus":"THREE_CARDS","is_prod":false,"is_daily":false,"chose_seed":false,"campfire_upgraded":6,"win_rate":0,"timestamp":1556725668,"path_taken":["M","M","M","M","M","E","R","?","T","M","?","E","M","E","R","BOSS","M","M","M","M","?","E","?","M","T","M","E","?","E","M","R","BOSS","M","?","M","M","?","E","R","M","T","M","?","$","R","E","R","BOSS","BOSS","R","$","E","BOSS"],"build_version":"2019-01-23","purchased_purges":0,"victory":true,"max_hp_per_floor":[75,75,75,75,75,75,75,75,75,75,75,75,75,75,75,75,75,75,75,75,75,75,75,75,75,75,75,75,75,75,75,75,75,75,75,75,75,75,75,75,75,75,75,75,75,75,75,82,82,82,82,82,82,82,82,82],"card_choices":[{"not_picked":["Inflame","True Grit"],"picked":"Perfected Strike","floor":0.0},{"not_picked":["Warcry","Second Wind"],"picked":"Battle Trance","floor":1.0},{"not_picked":["Rampage","Power Through"],"picked":"Wild Strike","floor":2.0},{"not_picked":["Body Slam","Pummel"],"picked":"Shrug It Off","floor":3.0},{"not_picked":["Iron Wave","Blood for Blood"],"picked":"Dual Wield","floor":4.0},{"not_picked":["Pummel","Cleave"],"picked":"Reckless Charge","floor":5.0},{"not_picked":["Rampage","Shrug It Off"],"picked":"Twin Strike","floor":6.0},{"not_picked":["Sword Boomerang","Headbutt"],"picked":"Perfected Strike","floor":8.0},{"not_picked":["Flex","Burning Pact","Armaments"],"picked":"SKIP","floor":10.0},{"not_picked":["Combust","Berserk"],"picked":"Battle Trance","floor":12.0},{"not_picked":["Pummel","Sword Boomerang"],"picked":"Perfected Strike","floor":13.0},{"not_picked":["Flex","Fire Breathing"],"picked":"Intimidate","floor":14.0},{"not_picked":["Immolate","Bludgeon"],"picked":"Impervious","floor":16.0},{"not_picked":["Dropkick","Flex","Anger"],"picked":"SKIP","floor":18.0},{"not_picked":["Iron Wave","Rampage"],"picked":"Clothesline","floor":19.0},{"not_picked":["Havoc","Iron Wave","Headbutt"],"picked":"SKIP","floor":20.0},{"not_picked":["True Grit","Rage"],"picked":"Impervious","floor":21.0},{"not_picked":["Burning Pact","Warcry","Clothesline"],"picked":"SKIP","floor":23.0},{"not_picked":["Iron Wave","Sword Boomerang+1","Body Slam"],"picked":"SKIP","floor":24.0},{"not_picked":["Metallicize","Heavy Blade"],"picked":"Perfected Strike","floor":25.0},{"not_picked":["Sword Boomerang","Body Slam","Thunderclap"],"picked":"SKIP","floor":27.0},{"not_picked":["Clash","Thunderclap+1"],"picked":"Wild Strike","floor":28.0},{"not_picked":["Cleave","Clash"],"picked":"Barricade","floor":30.0},{"not_picked":["Flex","Whirlwind+1"],"picked":"Pommel Strike","floor":31.0},{"not_picked":["Demon Form","Offering"],"picked":"Dark Embrace","floor":33.0},{"not_picked":["Combust","Dropkick","Heavy Blade"],"picked":"SKIP","floor":35.0},{"not_picked":["Combust","Dropkick","Heavy Blade"],"picked":"SKIP","floor":35.0},{"not_picked":["Spot Weakness+1","Wild Strike"],"picked":"Shockwave+1","floor":37.0},{"not_picked":["Warcry+1","Sever Soul"],"picked":"Pommel Strike","floor":38.0},{"not_picked":["True Grit","Warcry+1","Cleave+1"],"picked":"SKIP","floor":40.0},{"not_picked":["Rupture","Blood for Blood","Sword Boomerang"],"picked":"SKIP","floor":42.0},{"not_picked":["Clothesline","Thunderclap+1"],"picked":"Evolve","floor":44.0},{"not_picked":["Pommel Strike","Combust"],"picked":"Shockwave","floor":48.0},{"not_picked":["Combust+1","True Grit"],"picked":"Offering","floor":55}],"player_experience":4887018,"relics_obtained":[{"floor":6.0,"key":"Mercury Hourglass"},{"floor":8.0,"key":"Odd Mushroom"},{"floor":9.0,"key":"Sundial"},{"floor":12.0,"key":"Ginger"},{"floor":14.0,"key":"Darkstone Periapt"},{"floor":23.0,"key":"Tiny Chest"},{"floor":26.0,"key":"Juzu Bracelet"},{"floor":28.0,"key":"Ice Cream"},{"floor":30.0,"key":"Bottled Flame"},{"floor":36.0,"key":"Meat on the Bone"},{"floor":40.0,"key":"The Courier"},{"floor":45.0,"key":"Shuriken"},{"floor":48.0,"key":"Strawberry"},{"floor":55,"key":"Bottled Lightning"}],"event_choices":[{"damage_healed":0.0,"max_hp_gain":0.0,"max_hp_loss":0.0,"gold_gain":0.0,"event_name":"Mushrooms","player_choice":"Fought Mushrooms","floor":8.0,"gold_loss":0.0,"damage_taken":0.0},{"damage_healed":0.0,"max_hp_gain":0.0,"max_hp_loss":0.0,"gold_gain":0.0,"event_name":"Living Wall","player_choice":"Grow","floor":11.0,"gold_loss":0.0,"damage_taken":0.0,"cards_upgraded":["Perfected Strike"]},{"cards_removed":["Intimidate"],"damage_healed":0.0,"max_hp_gain":0.0,"max_hp_loss":0.0,"gold_gain":0.0,"event_name":"WeMeetAgain","player_choice":"Gave Card","floor":22.0,"gold_loss":0.0,"damage_taken":0.0,"relics_obtained":["Dodecahedron"]},{"cards_removed":["Reckless Charge"],"damage_healed":58.0,"max_hp_gain":0.0,"max_hp_loss":0.0,"gold_gain":0.0,"event_name":"Bonfire Elementals","player_choice":"Offered Uncommon","floor":29.0,"gold_loss":0.0,"damage_taken":0.0},{"cards_removed":["Twin Strike"],"damage_healed":0.0,"max_hp_gain":0.0,"max_hp_loss":0.0,"gold_gain":0.0,"event_name":"Falling","player_choice":"Removed Attack","floor":39.0,"gold_loss":0.0,"damage_taken":0.0}],"is_beta":false,"boss_relics":[{"not_picked":["Ectoplasm","Philosopher\u0027s Stone"],"picked":"Snecko Eye"},{"not_picked":["Lizard Tail","Runic Cube"],"picked":"Coffee Dripper"}],"items_purged_floors":[],"is_endless":false,"potions_floor_spawned":[3,6,8,12,14,19,21,23,24,27,38,44,55],"ascension_level":20}