{"gold_per_floor":[111,128,139,139,154,154,185,185,256,256,284,284,23,38,38,38],"floor_reached":16,"playtime":532,"items_purged":["Strike_G"],"score":270,"play_id":"ade6313e-d81e-48f9-95c8-94dbeeb80188","local_time":"20190624002845","is_ascension_mode":true,"campfire_choices":[{"data":"Noxious Fumes","floor":6,"key":"SMITH"},{"data":"Neutralize","floor":8,"key":"SMITH"},{"data":"Envenom","floor":12,"key":"SMITH"},{"data":"Flash of Steel","floor":15,"key":"SMITH"}],"neow_cost":"NONE","seed_source_timestamp":452861217958000,"circlet_count":0,"master_deck":["AscendersBane","Defend_G","Defend_G","Defend_G","Defend_G","Defend_G","Strike_G","Strike_G","Strike_G","Strike_G","Survivor","Neutralize+1","Dagger Spray","Noxious Fumes+1","Dodge and Roll","Finisher","Deadly Poison","Dash","Envenom+1","Flash of Steel+1","Leg Sweep"],"relics":["Ring of the Snake","Nunchaku","Pen Nib","Regal Pillow"],"potions_floor_usage":[11,16,16],"damage_taken":[{"damage":0,"enemies":"2 Louse","floor":1,"turns":4},{"damage":0,"enemies":"Jaw Worm","floor":2,"turns":5},{"damage":2,"enemies":"Cultist","floor":3,"turns":4},{"damage":7,"enemies":"2 Fungi Beasts","floor":5,"turns":4},{"damage":22,"enemies":"Lagavulin","floor":7,"turns":7},{"damage":0,"enemies":"Gremlin Nob","floor":11,"turns":3},{"damage":3,"enemies":"Exordium Wildlife","floor":14,"turns":4},{"damage":2,"enemies":"Slime Boss","floor":16,"turns":6}],"seed_played":"-1012444494411375727","potions_obtained":[{"floor":1,"key":"FearPotion"},{"floor":7,"key":"AttackPotion"},{"floor":11,"key":"Ancient Potion"},{"floor":14,"key":"Energy Potion"}],"is_trial":false,"path_per_floor":["M","M","M","?","M","R","E","R","T","?","E","R","$","M","R","B"],"character_chosen":"THE_SILENT","items_purchased":["Flash of Steel","Leg Sweep"],"campfire_rested":0,"item_purchase_floors":[13,13],"current_hp_per_floor":[59,59,57,52,45,45,23,23,23,28,28,28,28,25,25,23],"gold":38,"neow_bonus":"THREE_CARDS","is_prod":false,"is_daily":false,"chose_seed":false,"campfire_upgraded":4,"win_rate":0,"timestamp":1561303725,"path_taken":["M","M","M","?","M","R","E","R","T","?","E","R","?","M","R","BOSS"],"build_version":"2019-01-23","purchased_purges":1,"victory":false,"max_hp_per_floor":[66,66,66,66,66,66,66,66,66,71,71,71,71,71,71,71],"card_choices":[{"not_picked":["Tactician","Dodge and Roll"],"picked":"Dagger Spray","floor":0},{"not_picked":["Choke","Deadly Poison"],"picked":"Noxious Fumes","floor":1},{"not_picked":["Blur","Outmaneuver"],"picked":"Dodge and Roll","floor":2},{"not_picked":["Reflex","Underhanded Strike"],"picked":"Finisher","floor":3},{"not_picked":["Tactician","Sucker Punch"],"picked":"Deadly Poison","floor":5},{"not_picked":["Dagger Throw","Envenom"],"picked":"Dash","floor":7},{"not_picked":["Prepared","Escape Plan"],"picked":"Envenom","floor":11},{"not_picked":["Leg Sweep","All Out Attack","Accuracy"],"picked":"SKIP","floor":14}],"player_experience":5464465,"relics_obtained":[{"floor":7,"key":"Pen Nib"},{"floor":11,"key":"Regal Pillow"}],"event_choices":[{"damage_healed":0,"gold_gain":0,"player_choice":"Success","damage_taken":5,"relics_obtained":["Nunchaku"],"max_hp_gain":0,"max_hp_loss":0,"event_name":"Scrap Ooze","floor":4,"gold_loss":0},{"damage_healed":0,"gold_gain":0,"player_choice":"Donut","damage_taken":0,"max_hp_gain":5,"max_hp_loss":0,"event_name":"Big Fish","floor":10,"gold_loss":0}],"is_beta":false,"boss_relics":[],"items_purged_floors":[13],"is_endless":false,"potions_floor_spawned":[1,7,11,14],"killed_by":"Slime Boss","ascension_level":20}