{"gold_per_floor":[112,287,300,6,16,16,48,48,48,323,335,315,23,57,57,158,158,178,78,92,92,106,141,141,170,222,222,256,256,256,268,268,368,368,381,381,381,397,397,65,65,84,84,103,103,103,116,24,24,24],"floor_reached":50,"playtime":2395,"items_purged":["Doubt","Regret","Decay"],"score":733,"play_id":"27831eeb-9f59-4a3e-8dbe-ffd26bf37c80","local_time":"20190718213052","is_ascension_mode":true,"campfire_choices":[{"data":"Bash","floor":6.0,"key":"SMITH"},{"floor":15.0,"key":"REST"},{"floor":24.0,"key":"REST"},{"floor":30.0,"key":"REST"},{"floor":32.0,"key":"REST"},{"floor":41.0,"key":"REST"},{"floor":45.0,"key":"REST"},{"floor":49.0,"key":"RECALL"}],"neow_cost":"NONE","seed_source_timestamp":0,"circlet_count":0,"master_deck":["Strike_R+1","Strike_R+1","Strike_R+1","Strike_R+1","Strike_R+1","Defend_R+1","Defend_R+1","Defend_R+1","Defend_R+1","Bash+1","Pommel Strike+1","Flame Barrier+1","Inflame+1","Sentinel+1","Pummel+1","Inflame+1","Heavy Blade+1","Offering+1","Cleave+1","Burning Pact+1","Carnage+1","Clothesline+1","Spot Weakness+1","Demon Form+1","Shrug It Off+1","Apotheosis+1","Enlightenment+1","Madness+1","Madness+1","Shockwave+1","Disarm+1","Mind Blast"],"special_seed":0,"relics":["Burning Blood","Happy Flower","Centennial Puzzle","Calipers","Incense Burner","Bottled Tornado","Pen Nib","Snecko Eye","Unceasing Top","Whetstone","Ancient Tea Set","Prayer Wheel","Darkstone Periapt","Sozu","HandDrill","Pear","Mark of the Bloom"],"potions_floor_usage":[50,50],"damage_taken":[{"damage":14.0,"enemies":"Small Slimes","floor":1.0,"turns":5.0},{"damage":2.0,"enemies":"Jaw Worm","floor":3.0,"turns":3.0},{"damage":0.0,"enemies":"2 Louse","floor":5.0,"turns":3.0},{"damage":30.0,"enemies":"Lagavulin","floor":7.0,"turns":5.0},{"damage":9.0,"enemies":"Lots of Slimes","floor":11.0,"turns":5.0},{"damage":27.0,"enemies":"3 Sentries","floor":14.0,"turns":6.0},{"damage":34.0,"enemies":"Hexaghost","floor":16.0,"turns":7.0},{"damage":16.0,"enemies":"Chosen","floor":18.0,"turns":4.0},{"damage":6.0,"enemies":"2 Thieves","floor":20.0,"turns":2.0},{"damage":18.0,"enemies":"Shelled Parasite and Fungi","floor":22.0,"turns":4.0},{"damage":7.0,"enemies":"Gremlin Leader","floor":23.0,"turns":4.0},{"damage":36.0,"enemies":"Book of Stabbing","floor":25.0,"turns":4.0},{"damage":21.0,"enemies":"Slavers","floor":28.0,"turns":3.0},{"damage":14.0,"enemies":"Snake Plant","floor":31.0,"turns":2.0},{"damage":26.0,"enemies":"Collector","floor":33.0,"turns":5.0},{"damage":25.0,"enemies":"3 Darklings","floor":35.0,"turns":4.0},{"damage":10.0,"enemies":"Orb Walker","floor":38.0,"turns":3.0},{"damage":17.0,"enemies":"Spire Growth","floor":42.0,"turns":4.0},{"damage":27.0,"enemies":"Jaw Worm Horde","floor":44.0,"turns":3.0},{"damage":6.0,"enemies":"3 Darklings","floor":47.0,"turns":2.0},{"damage":73,"enemies":"Donu and Deca","floor":50,"turns":5}],"seed_played":"4956361234554237326","potions_obtained":[{"floor":3.0,"key":"SkillPotion"},{"floor":5.0,"key":"SkillPotion"},{"floor":7.0,"key":"Fire Potion"},{"floor":12.0,"key":"LiquidBronze"},{"floor":16.0,"key":"SteroidPotion"},{"floor":22.0,"key":"SpeedPotion"},{"floor":28.0,"key":"Ancient Potion"},{"floor":31.0,"key":"Energy Potion"}],"is_trial":false,"path_per_floor":["M","?","M","$","M","R","E","?","T","?","M","?","$","E","R","B",null,"M","$","M","?","M","E","R","E","T","?","E","T","R","M","R","B",null,"M","?","?","M","?","$","R","M","T","M","R","?","M","$","R","B"],"character_chosen":"IRONCLAD","items_purchased":["Inflame","Centennial Puzzle","Inflame","Bottled Tornado","HandDrill","Mind Blast"],"campfire_rested":6,"item_purchase_floors":[4,4,13,13,40,48],"current_hp_per_floor":[64,64,68,68,74,74,50,50,50,50,47,47,47,26,50,22,66,56,56,56,56,44,43,67,37,37,37,22,22,46,38,62,42,71,52,47,37,33,33,33,57,46,56,35,62,62,56,56,56,0],"gold":24,"neow_bonus":"RANDOM_COMMON_RELIC","is_prod":false,"is_daily":false,"chose_seed":false,"campfire_upgraded":1,"win_rate":0,"timestamp":1563499852,"path_taken":["M","?","M","$","M","R","E","?","T","?","?","?","$","E","R","BOSS","M","?","M","?","?","E","R","E","T","?","E","?","R","M","R","BOSS","M","?","?","M","?","$","R","?","T","M","R","?","M","$","R","BOSS"],"build_version":"2019-07-17","purchased_purges":3,"victory":false,"max_hp_per_floor":[80,80,80,80,80,80,80,80,80,80,80,80,80,80,80,80,80,80,80,80,80,80,80,80,80,80,80,80,80,80,80,80,80,80,80,80,80,80,80,80,80,80,90,90,90,90,90,90,90,90],"card_choices":[{"not_picked":["True Grit","Evolve"],"picked":"Pommel Strike","floor":1.0},{"not_picked":["Wild Strike","Clash"],"picked":"Flame Barrier","floor":3.0},{"not_picked":["Armaments","Wild Strike"],"picked":"Sentinel","floor":5.0},{"not_picked":["Combust","Headbutt"],"picked":"Pummel","floor":7.0},{"not_picked":["Headbutt","Thunderclap","Seeing Red"],"picked":"SKIP","floor":11.0},{"not_picked":["Bloodletting","Twin Strike"],"picked":"Heavy Blade","floor":14.0},{"not_picked":["Bludgeon","Demon Form"],"picked":"Offering","floor":16.0},{"not_picked":["Rampage+1","Shrug It Off"],"picked":"Cleave","floor":18.0},{"not_picked":["Body Slam+1","Wild Strike+1","Cleave+1"],"picked":"SKIP","floor":20.0},{"not_picked":["Shrug It Off","Pummel"],"picked":"Burning Pact","floor":22.0},{"not_picked":["Juggernaut","Sword Boomerang","Cleave"],"picked":"SKIP","floor":23.0},{"not_picked":["Headbutt","Double Tap"],"picked":"Carnage+1","floor":25.0},{"not_picked":["Sentinel+1","Clash"],"picked":"Clothesline+1","floor":28.0},{"not_picked":["Shrug It Off","Iron Wave"],"picked":"Spot Weakness","floor":31.0},{"not_picked":["Intimidate","Pommel Strike","Second Wind"],"picked":"SKIP","floor":31.0},{"not_picked":["Impervious","Berserk"],"picked":"Demon Form","floor":33.0},{"not_picked":["Clash","Twin Strike"],"picked":"Shrug It Off+1","floor":35.0},{"not_picked":["Havoc+1","Iron Wave","Dropkick+1"],"picked":"SKIP","floor":35.0},{"not_picked":["Flash of Steel","Panacea"],"picked":"Apotheosis","floor":36.0},{"not_picked":["Secret Weapon","Thinking Ahead"],"picked":"Enlightenment","floor":36.0},{"not_picked":["Anger","Perfected Strike+1"],"picked":"Shockwave","floor":38.0},{"not_picked":["Pummel","Metallicize","Intimidate+1"],"picked":"SKIP","floor":38.0},{"not_picked":["Anger+1","Blood for Blood+1","Perfected Strike+1"],"picked":"SKIP","floor":42.0},{"not_picked":["Headbutt+1","Clothesline","True Grit"],"picked":"SKIP","floor":42.0},{"not_picked":["Disarm+1","Infernal Blade","Flex+1"],"picked":"SKIP","floor":44.0},{"not_picked":["Iron Wave","Body Slam+1","Warcry"],"picked":"SKIP","floor":44.0},{"not_picked":["Sever Soul","Wild Strike+1"],"picked":"Disarm+1","floor":47.0},{"not_picked":["Havoc","Clothesline","Dropkick"],"picked":"SKIP","floor":47.0}],"player_experience":254568,"relics_obtained":[{"floor":7.0,"key":"Calipers"},{"floor":9.0,"key":"Incense Burner"},{"floor":14.0,"key":"Pen Nib"},{"floor":23.0,"key":"Unceasing Top"},{"floor":25.0,"key":"Whetstone"},{"floor":26.0,"key":"Ancient Tea Set"},{"floor":28.0,"key":"Prayer Wheel"},{"floor":29.0,"key":"Darkstone Periapt"},{"floor":43.0,"key":"Pear"}],"event_choices":[{"damage_healed":0.0,"max_hp_gain":0.0,"max_hp_loss":0.0,"gold_gain":175.0,"event_name":"Liars Game","player_choice":"AGREE","floor":2.0,"gold_loss":0.0,"damage_taken":0.0,"cards_obtained":["Doubt"]},{"damage_healed":0.0,"max_hp_gain":0.0,"max_hp_loss":0.0,"gold_gain":0.0,"event_name":"Shining Light","player_choice":"Ignored","floor":8.0,"gold_loss":0.0,"damage_taken":0.0},{"damage_healed":0.0,"max_hp_gain":0.0,"max_hp_loss":0.0,"gold_gain":275.0,"event_name":"Golden Shrine","player_choice":"Desecrate","floor":10.0,"gold_loss":0.0,"damage_taken":0.0,"cards_obtained":["Regret"]},{"damage_healed":0.0,"max_hp_gain":0.0,"max_hp_loss":0.0,"gold_gain":0.0,"event_name":"The Woman in Blue","player_choice":"Bought 1 Potion","floor":12.0,"gold_loss":0.0,"damage_taken":0.0},{"damage_healed":0.0,"max_hp_gain":0.0,"max_hp_loss":0.0,"gold_gain":0.0,"event_name":"Upgrade Shrine","player_choice":"Upgraded","floor":21.0,"gold_loss":0.0,"damage_taken":0.0,"cards_upgraded":["Inflame"]},{"damage_healed":0.0,"max_hp_gain":0.0,"max_hp_loss":0.0,"gold_gain":0.0,"event_name":"Forgotten Altar","player_choice":"Smashed Altar","floor":27.0,"gold_loss":0.0,"damage_taken":0.0,"cards_obtained":["Decay"]},{"damage_healed":0.0,"max_hp_gain":0.0,"max_hp_loss":0.0,"gold_gain":0.0,"event_name":"SensoryStone","player_choice":"Memory 2","floor":36.0,"gold_loss":0.0,"damage_taken":5.0},{"damage_healed":0.0,"max_hp_gain":0.0,"max_hp_loss":0.0,"gold_gain":0.0,"event_name":"Winding Halls","player_choice":"Embrace Madness","floor":37.0,"gold_loss":0.0,"damage_taken":10.0,"cards_obtained":["Madness","Madness"]},{"damage_healed":0.0,"max_hp_gain":0.0,"max_hp_loss":0.0,"gold_gain":0.0,"event_name":"SecretPortal","player_choice":"Ignored","floor":39.0,"gold_loss":0.0,"damage_taken":0.0},{"damage_healed":0.0,"max_hp_gain":0.0,"max_hp_loss":0.0,"gold_gain":0.0,"event_name":"MindBloom","player_choice":"Upgrade","floor":46.0,"gold_loss":0.0,"damage_taken":0.0,"cards_upgraded":["Strike_R","Strike_R","Strike_R","Strike_R","Defend_R","Defend_R","Defend_R","Defend_R","Pommel Strike","Flame Barrier","Sentinel","Inflame","Heavy Blade","Offering","Cleave","Burning Pact","Spot Weakness","Demon Form","Apotheosis","Enlightenment","Madness","Madness","Shockwave"],"relics_obtained":["Mark of the Bloom"]}],"is_beta":false,"boss_relics":[{"not_picked":["Tiny House","Black Blood"],"picked":"Snecko Eye"},{"not_picked":["Calling Bell","Philosopher\u0027s Stone"],"picked":"Sozu"}],"items_purged_floors":[4,19,40],"is_endless":false,"potions_floor_spawned":[3,5,7,16,22,28,31,38,42,44],"killed_by":"Donu and Deca","ascension_level":7}