{"gold_per_floor":[119,138,149,149,163,197,197,231,257,295,295,295,366,384,384,475,475,500,519,91,91,106,106,6,6,29,29,49,88,88,107,107,202,202,217,217,241,116,139,172,187,187,187,231,231,246,280,299,299,299,299,299,299,122,161,161],"floor_reached":56,"playtime":2755,"items_purged":["Strike_R","Reckless Charge","Combust"],"score":2079,"play_id":"3f67e3de-b9aa-4656-9d29-b150a6f6834f","local_time":"20190627030754","is_ascension_mode":true,"campfire_choices":[{"data":"Blood for Blood","floor":7.0,"key":"SMITH"},{"data":"Sword Boomerang","floor":11.0,"key":"SMITH"},{"data":"Armaments","floor":15.0,"key":"SMITH"},{"data":"Master of Strategy","floor":23.0,"key":"SMITH"},{"data":"Deep Breath","floor":27.0,"key":"SMITH"},{"data":"Havoc","floor":32.0,"key":"SMITH"},{"floor":42.0,"key":"RECALL"},{"data":"Limit Break","floor":45.0,"key":"SMITH"},{"data":"True Grit","floor":49.0,"key":"SMITH"},{"data":"Ghostly","floor":53.0,"key":"SMITH"}],"neow_cost":"NONE","seed_source_timestamp":718913655306200,"circlet_count":0,"master_deck":["AscendersBane","Defend_R","Defend_R","Defend_R","Defend_R","Bash","Pommel Strike","Blood for Blood+1","Dropkick","Sword Boomerang+1","Armaments+1","Limit Break+1","Dual Wield","Dropkick","Master of Strategy+1","Deep Breath+1","Havoc+1","Impervious","Fiend Fire","Ghostly+1","Ghostly","Ghostly","True Grit+1","Ghostly","Burning Pact+1","Second Wind","Finesse","Shockwave"],"special_seed":0,"relics":["Burning Blood","Golden Idol","Matryoshka","Red Skull","Art of War","Happy Flower","FossilizedHelix","Anchor","Empty Cage","Meat on the Bone","Mercury Hourglass","Runic Pyramid","Ancient Tea Set","Lantern","Ginger","Bronze Scales","Oddly Smooth Stone"],"potions_floor_usage":[],"damage_taken":[{"damage":4.0,"enemies":"Jaw Worm","floor":1.0,"turns":6.0},{"damage":5.0,"enemies":"Small Slimes","floor":2.0,"turns":3.0},{"damage":6.0,"enemies":"Cultist","floor":3.0,"turns":3.0},{"damage":5.0,"enemies":"2 Fungi Beasts","floor":5.0,"turns":4.0},{"damage":30.0,"enemies":"3 Sentries","floor":6.0,"turns":9.0},{"damage":33.0,"enemies":"Lagavulin","floor":8.0,"turns":5.0},{"damage":8.0,"enemies":"Gremlin Nob","floor":10.0,"turns":3.0},{"damage":0.0,"enemies":"Gremlin Nob","floor":13.0,"turns":3.0},{"damage":0.0,"enemies":"Exordium Thugs","floor":14.0,"turns":3.0},{"damage":12.0,"enemies":"Hexaghost","floor":16.0,"turns":7.0},{"damage":18.0,"enemies":"Chosen","floor":18.0,"turns":5.0},{"damage":22.0,"enemies":"Shell Parasite","floor":19.0,"turns":4.0},{"damage":8.0,"enemies":"Shelled Parasite and Fungi","floor":22.0,"turns":4.0},{"damage":0.0,"enemies":"Snecko","floor":28.0,"turns":4.0},{"damage":25.0,"enemies":"Gremlin Leader","floor":29.0,"turns":5.0},{"damage":10.0,"enemies":"Centurion and Healer","floor":31.0,"turns":5.0},{"damage":3.0,"enemies":"Collector","floor":33.0,"turns":7.0},{"damage":0.0,"enemies":"3 Shapes","floor":35.0,"turns":18.0},{"damage":4.0,"enemies":"3 Darklings","floor":37.0,"turns":5.0},{"damage":0.0,"enemies":"Transient","floor":39.0,"turns":6.0},{"damage":0.0,"enemies":"Giant Head","floor":40.0,"turns":5.0},{"damage":18.0,"enemies":"Spire Growth","floor":41.0,"turns":6.0},{"damage":0.0,"enemies":"Nemesis","floor":44.0,"turns":7.0},{"damage":11.0,"enemies":"Sphere and 2 Shapes","floor":46.0,"turns":7.0},{"damage":8.0,"enemies":"Reptomancer","floor":47.0,"turns":5.0},{"damage":0.0,"enemies":"Writhing Mass","floor":48.0,"turns":6.0},{"damage":24.0,"enemies":"Time Eater","floor":50.0,"turns":8.0},{"damage":7.0,"enemies":"Awakened One","floor":51.0,"turns":7.0},{"damage":23.0,"enemies":"Shield and Spear","floor":55.0,"turns":9.0},{"damage":2,"enemies":"The Heart","floor":56,"turns":3}],"seed_played":"-2215521715732484440","potions_obtained":[{"floor":1.0,"key":"SteroidPotion"},{"floor":3.0,"key":"EssenceOfSteel"},{"floor":8.0,"key":"Explosive Potion"},{"floor":10.0,"key":"LiquidBronze"},{"floor":16.0,"key":"Block Potion"},{"floor":29.0,"key":"PowerPotion"},{"floor":33.0,"key":"Strength Potion"},{"floor":47.0,"key":"Explosive Potion"}],"is_trial":false,"path_per_floor":["M","M","M","?","M","E","R","E","T","E","R","?","?","M","R","B",null,"M","M","$","?","M","R","$","?","T","R","M","E","?","M","R","B",null,"M","?","M","$","M","E","M","R","T","E","R","M","E","M","R","B","B",null,"R","$","E","B"],"character_chosen":"IRONCLAD","items_purchased":["Master of Strategy","Deep Breath","Havoc","Finesse","Shockwave"],"campfire_rested":0,"item_purchase_floors":[20,20,20,54,54],"current_hp_per_floor":[70,71,71,68,68,44,44,17,17,15,15,4,10,16,16,10,54,42,26,26,26,24,24,24,24,24,24,42,35,34,30,30,33,34,34,34,34,34,34,34,34,34,34,34,34,29,27,33,33,27,26,32,32,32,27,25],"gold":161,"neow_bonus":"REMOVE_CARD","is_prod":false,"is_daily":false,"chose_seed":false,"campfire_upgraded":9,"win_rate":0,"timestamp":1561572474,"path_taken":["M","M","M","?","M","E","R","E","T","E","R","?","?","M","R","BOSS","M","M","$","?","M","R","?","?","T","R","?","E","?","M","R","BOSS","M","?","M","$","M","E","?","R","T","E","R","M","E","M","R","BOSS","BOSS","R","$","E","BOSS"],"build_version":"2019-01-23","purchased_purges":3,"victory":false,"max_hp_per_floor":[75,75,75,68,68,68,68,68,68,68,68,68,68,68,68,68,68,68,68,68,68,68,68,68,68,68,68,68,68,34,34,34,34,34,34,34,34,34,34,34,34,34,34,34,34,34,34,34,34,34,34,34,34,34,34,34],"card_choices":[{"not_picked":["Clash","Dual Wield"],"picked":"Reckless Charge","floor":1.0},{"not_picked":["Metallicize","Armaments"],"picked":"Pommel Strike","floor":2.0},{"not_picked":["Heavy Blade","Battle Trance"],"picked":"Blood for Blood","floor":3.0},{"not_picked":["Pummel","Wild Strike"],"picked":"Dropkick","floor":5.0},{"not_picked":["Flex","Seeing Red"],"picked":"Combust","floor":6.0},{"not_picked":["Entrench","Spot Weakness","Headbutt"],"picked":"SKIP","floor":8.0},{"not_picked":["Brutality","Seeing Red"],"picked":"Sword Boomerang","floor":10.0},{"not_picked":["Carnage","Sword Boomerang"],"picked":"Armaments","floor":13.0},{"not_picked":["Hemokinesis","Combust","Armaments"],"picked":"SKIP","floor":14.0},{"not_picked":["Demon Form","Dark Embrace"],"picked":"Limit Break","floor":16.0},{"not_picked":["Perfected Strike+1","Cleave"],"picked":"Dual Wield","floor":18.0},{"not_picked":["Entrench","Body Slam"],"picked":"Dropkick","floor":19.0},{"not_picked":["Iron Wave","Metallicize","Spot Weakness"],"picked":"SKIP","floor":22.0},{"not_picked":["Spot Weakness","Ghostly Armor+1","Clash"],"picked":"SKIP","floor":28.0},{"not_picked":["Perfected Strike","Heavy Blade","Impervious"],"picked":"SKIP","floor":29.0},{"not_picked":["True Grit","Flex","Combust+1"],"picked":"SKIP","floor":31.0},{"not_picked":["Flex","Combust+1"],"picked":"True Grit","floor":31.0},{"not_picked":["Pommel Strike+1","Thunderclap","Corruption+1"],"picked":"SKIP","floor":35.0},{"not_picked":["Flex","Metallicize","Headbutt"],"picked":"SKIP","floor":37.0},{"not_picked":["Anger","Battle Trance"],"picked":"Burning Pact+1","floor":39.0},{"not_picked":["Entrench+1","Cleave","Reckless Charge"],"picked":"SKIP","floor":40.0},{"not_picked":["Searing Blow","Wild Strike"],"picked":"Second Wind","floor":41.0},{"not_picked":["Iron Wave","Immolate","Hemokinesis"],"picked":"SKIP","floor":44.0},{"not_picked":["Battle Trance","Shrug It Off","Body Slam"],"picked":"SKIP","floor":46.0},{"not_picked":["Uppercut","Evolve","Body Slam"],"picked":"SKIP","floor":47.0},{"not_picked":["Iron Wave","Armaments","Flex+1"],"picked":"SKIP","floor":48.0},{"not_picked":["Sever Soul","Pummel","Burning Pact"],"picked":"SKIP","floor":55.0}],"player_experience":5506920,"relics_obtained":[{"floor":6.0,"key":"Matryoshka"},{"floor":8.0,"key":"Red Skull"},{"floor":9.0,"key":"Art of War"},{"floor":9.0,"key":"Happy Flower"},{"floor":10.0,"key":"FossilizedHelix"},{"floor":13.0,"key":"Anchor"},{"floor":26.0,"key":"Meat on the Bone"},{"floor":29.0,"key":"Mercury Hourglass"},{"floor":40.0,"key":"Ancient Tea Set"},{"floor":43.0,"key":"Lantern"},{"floor":44.0,"key":"Ginger"},{"floor":47.0,"key":"Bronze Scales"},{"floor":55.0,"key":"Oddly Smooth Stone"}],"event_choices":[{"damage_healed":0.0,"max_hp_gain":0.0,"max_hp_loss":7.0,"gold_gain":0.0,"event_name":"Golden Idol","player_choice":"Lose Max HP","floor":4.0,"gold_loss":0.0,"damage_taken":0.0,"relics_obtained":["Golden Idol"]},{"damage_healed":0.0,"max_hp_gain":0.0,"max_hp_loss":0.0,"gold_gain":0.0,"event_name":"Scrap Ooze","player_choice":"Fled","floor":12.0,"gold_loss":0.0,"damage_taken":11.0},{"damage_healed":0.0,"max_hp_gain":0.0,"max_hp_loss":0.0,"gold_gain":30.0,"event_name":"Dead Adventurer","player_choice":"Searched \u00272\u0027 times","floor":13.0,"gold_loss":0.0,"damage_taken":0.0},{"damage_healed":0.0,"max_hp_gain":0.0,"max_hp_loss":0.0,"gold_gain":0.0,"cards_transformed":["Strike_R"],"event_name":"Transmorgrifier","player_choice":"Transformed","floor":21.0,"gold_loss":0.0,"damage_taken":0.0,"cards_obtained":["Impervious"]},{"damage_healed":0.0,"max_hp_gain":0.0,"max_hp_loss":0.0,"gold_gain":0.0,"event_name":"Match and Keep!","player_choice":"1 cards matched","floor":25.0,"gold_loss":0.0,"damage_taken":0.0,"cards_obtained":["Fiend Fire"]},{"damage_healed":0.0,"max_hp_gain":0.0,"max_hp_loss":34.0,"gold_gain":0.0,"event_name":"Ghosts","player_choice":"Became a Ghost","floor":30.0,"gold_loss":0.0,"damage_taken":0.0,"cards_obtained":["Ghostly","Ghostly","Ghostly"]},{"damage_healed":0.0,"max_hp_gain":0.0,"max_hp_loss":0.0,"gold_gain":0.0,"event_name":"Duplicator","player_choice":"Copied","floor":36.0,"gold_loss":0.0,"damage_taken":0.0,"cards_obtained":["Ghostly"]}],"is_beta":false,"boss_relics":[{"not_picked":["Philosopher\u0027s Stone","Snecko Eye"],"picked":"Empty Cage"},{"not_picked":["Runic Cube","Busted Crown"],"picked":"Runic Pyramid"}],"items_purged_floors":[20,24,38],"is_endless":false,"potions_floor_spawned":[1,3,8,10,16,18,29,33,39,41,47,48],"killed_by":"The Heart","ascension_level":20}