{"gold_per_floor":[115,115,131,147,164,191,202,232,285,313,325,356,373,432,432,509,509,527,539,44,61,161,187,236,262,262,288,213,213,213,243,255,341,403,433,134,1133,1144,1144,1177,1194,1224,1224,1251,1251,1281,1281,1281,1281,1281,1281,1281,1281,19,47,47],"floor_reached":57,"playtime":1786,"items_purged":["Armaments+1"],"score":4306,"play_id":"27de94d5-559e-4b59-b3d7-e853b6dd7010","local_time":"20190702011727","daily_mods":["Vintage","Diverse","Elite Swarm"],"is_ascension_mode":true,"campfire_choices":[{"floor":15,"key":"DIG"},{"floor":29,"key":"DIG"},{"floor":32,"key":"DIG"},{"floor":45,"key":"DIG"},{"floor":47,"key":"RECALL"},{"floor":49,"key":"DIG"},{"data":"Juggernaut","floor":53,"key":"SMITH"}],"neow_cost":"","seed_source_timestamp":1144752898725800,"circlet_count":2,"master_deck":["RitualDagger+1","RitualDagger+1","RitualDagger+1","RitualDagger+1","RitualDagger+1","Good Instincts+1","Good Instincts+1","Good Instincts+1","Good Instincts+1","Madness+1","Adrenaline+1","Adrenaline+1","Adrenaline+1","Adrenaline+1","Adrenaline+1","Adrenaline+1","Adrenaline+1","Adrenaline+1","Adrenaline+1","Adrenaline+1","Adrenaline+1","Adrenaline+1","Adrenaline+1","Adrenaline+1","Adrenaline+1","Concentrate+1","PiercingWail+1","PiercingWail+1","Rampage+1","Seek+1","Double Energy+1","Hologram+1","Juggernaut+1","Buffer","Exhume+1","Exhume+1","Barricade","Deep Breath+1","Impervious+1","Impervious+1","Exhume+1"],"relics":["Burning Blood","Unceasing Top","Shovel","Matryoshka","Black Star","Sling","Darkstone Periapt","Whetstone","Blue Candle","Bronze Scales","The Courier","Mummified Hand","Omamori","Champion Belt","Mercury Hourglass","Anchor","Dream Catcher","Orichalcum","Self Forming Clay","Letter Opener","Boot","Oddly Smooth Stone","Pen Nib","Sundial","Du-Vu Doll","Eternal Feather","Bird Faced Urn","Smiling Mask","Thread and Needle","Bag of Preparation","Potion Belt","Strawberry","Incense Burner","Shuriken","Vajra","Nunchaku","Tiny Chest","Juzu Bracelet","Dodecahedron","Molten Egg 2","Pantograph","Bottled Tornado","Mango","MawBank","Regal Pillow","Ancient Tea Set","Tiny House","PreservedInsect","TheAbacus","Centennial Puzzle","Magic Flower","Toxic Egg 2","Pear","Calipers","Ornamental Fan","War Paint","Gremlin Horn","Question Card","Paper Frog","Kunai","Frozen Egg 2","Pocketwatch","Ginger","Ice Cream","Turnip","Torii","Charon\u0027s Ashes","Gambling Chip","Circlet"],"potions_floor_usage":[51,56,56],"damage_taken":[{"damage":0,"enemies":"Jaw Worm","floor":1,"turns":1},{"damage":0,"enemies":"Cultist","floor":3,"turns":1},{"damage":0,"enemies":"Small Slimes","floor":4,"turns":1},{"damage":0,"enemies":"3 Louse","floor":5,"turns":1},{"damage":0,"enemies":"Lagavulin","floor":6,"turns":1},{"damage":0,"enemies":"Blue Slaver","floor":7,"turns":1},{"damage":0,"enemies":"3 Sentries","floor":8,"turns":1},{"damage":0,"enemies":"Lagavulin","floor":10,"turns":1},{"damage":0,"enemies":"2 Fungi Beasts","floor":11,"turns":1},{"damage":0,"enemies":"Gremlin Nob","floor":12,"turns":1},{"damage":0,"enemies":"Exordium Wildlife","floor":13,"turns":1},{"damage":0,"enemies":"Gremlin Nob","floor":14,"turns":1},{"damage":0,"enemies":"Hexaghost","floor":16,"turns":1},{"damage":0,"enemies":"Chosen","floor":18,"turns":1},{"damage":0,"enemies":"Spheric Guardian","floor":19,"turns":1},{"damage":0,"enemies":"Centurion and Healer","floor":21,"turns":1},{"damage":0,"enemies":"Colosseum Slavers","floor":22,"turns":1},{"damage":0,"enemies":"Colosseum Nobs","floor":22,"turns":1},{"damage":0,"enemies":"Gremlin Leader","floor":23,"turns":3},{"damage":0,"enemies":"Snecko","floor":24,"turns":1},{"damage":0,"enemies":"Slavers","floor":25,"turns":1},{"damage":0,"enemies":"Book of Stabbing","floor":27,"turns":1},{"damage":0,"enemies":"Slavers","floor":31,"turns":1},{"damage":0,"enemies":"Champ","floor":33,"turns":1},{"damage":0,"enemies":"3 Shapes","floor":35,"turns":1},{"damage":0,"enemies":"3 Darklings","floor":38,"turns":1},{"damage":0,"enemies":"Nemesis","floor":40,"turns":1},{"damage":0,"enemies":"Sphere and 2 Shapes","floor":41,"turns":1},{"damage":0,"enemies":"Giant Head","floor":42,"turns":1},{"damage":0,"enemies":"Nemesis","floor":44,"turns":1},{"damage":0,"enemies":"Reptomancer","floor":46,"turns":1},{"damage":0,"enemies":"Awakened One","floor":50,"turns":2},{"damage":0,"enemies":"Time Eater","floor":51,"turns":7},{"damage":0,"enemies":"Shield and Spear","floor":55,"turns":1},{"damage":0,"enemies":"The Heart","floor":56,"turns":5}],"seed_played":"-5886395970516153889","potions_obtained":[{"floor":6,"key":"Explosive Potion"},{"floor":7,"key":"SkillPotion"},{"floor":23,"key":"AttackPotion"},{"floor":24,"key":"Explosive Potion"},{"floor":33,"key":"Energy Potion"},{"floor":38,"key":"GamblersBrew"},{"floor":46,"key":"PowerPotion"}],"is_trial":true,"path_per_floor":["M","?","M","M","M","E","M","E","T","E","M","E","M","?","R","B",null,"M","M","$","M","?","E","M","E","T","E","?","R","?","E","R","B",null,"M","$","?","M","?","E","M","E","T","E","R","E","R","T","R","B","B",null,"R","$","E","B",null],"character_chosen":"IRONCLAD","items_purchased":["Thread and Needle","Bag of Preparation","Potion Belt","Deep Breath","TheAbacus","Ice Cream","Turnip","Torii","Charon\u0027s Ashes","Gambling Chip"],"campfire_rested":0,"item_purchase_floors":[20,20,20,36,36,54,54,54,54,54],"current_hp_per_floor":[74,85,85,85,85,85,85,85,85,85,85,85,85,85,85,85,85,85,85,85,92,92,92,92,92,92,92,92,106,106,106,106,106,111,111,111,111,111,111,111,121,121,121,121,121,121,121,121,121,121,121,121,121,121,121,121],"gold":47,"neow_bonus":"","is_prod":false,"is_daily":false,"chose_seed":false,"campfire_upgraded":1,"win_rate":0,"timestamp":1561997847,"path_taken":["M","?","M","M","M","E","M","E","T","E","?","E","M","?","R","BOSS","M","M","$","M","?","E","M","E","T","E","?","R","?","E","R","BOSS","M","$","?","M","?","E","M","E","T","E","R","E","R","?","R","BOSS","BOSS","R","$","E","BOSS"],"build_version":"2019-01-23","purchased_purges":1,"victory":true,"max_hp_per_floor":[75,85,85,85,85,85,85,85,85,85,85,85,85,85,85,85,85,85,85,85,92,92,92,92,92,92,92,92,106,106,106,106,106,111,111,111,111,111,111,111,121,121,121,121,121,121,121,121,121,121,121,121,121,121,121,121],"card_choices":[{"not_picked":["Meteor Strike","Reaper"],"picked":"Juggernaut","floor":6},{"not_picked":["Berserk","Biased Cognition","Electrodynamics"],"picked":"SKIP","floor":8},{"not_picked":["Venomology","Rainbow"],"picked":"Buffer","floor":10},{"not_picked":["Phantasmal Killer","Unload"],"picked":"Exhume","floor":12},{"not_picked":["Limit Break","Grand Finale"],"picked":"Wraith Form v2","floor":16},{"not_picked":["Amplify","Phantasmal Killer","Venomology"],"picked":"SKIP","floor":23},{"not_picked":["Impervious","Malaise","Reboot"],"picked":"SKIP","floor":25},{"not_picked":["Multi-Cast","Impervious"],"picked":"Exhume","floor":27},{"not_picked":["Creative AI","Brutality"],"picked":"Barricade","floor":31},{"not_picked":["Dark Embrace","Immolate+1","All For One+1"],"picked":"SKIP","floor":40},{"not_picked":["Echo Form","Phantasmal Killer+1"],"picked":"Impervious+1","floor":42},{"not_picked":["Limit Break+1","Reaper+1","Phantasmal Killer+1"],"picked":"SKIP","floor":44},{"not_picked":["Electrodynamics","Brutality","Fiend Fire+1"],"picked":"Impervious+1","floor":46},{"not_picked":["Machine Learning+1","Adrenaline+1","Doppelganger+1"],"picked":"Exhume+1","floor":55}],"player_experience":5548313,"relics_obtained":[{"floor":1,"key":"Darkstone Periapt"},{"floor":3,"key":"Whetstone"},{"floor":4,"key":"Blue Candle"},{"floor":5,"key":"Bronze Scales"},{"floor":6,"key":"The Courier"},{"floor":6,"key":"Mummified Hand"},{"floor":7,"key":"Omamori"},{"floor":8,"key":"Champion Belt"},{"floor":8,"key":"Mercury Hourglass"},{"floor":9,"key":"Anchor"},{"floor":9,"key":"Dream Catcher"},{"floor":10,"key":"Orichalcum"},{"floor":10,"key":"Self Forming Clay"},{"floor":11,"key":"Letter Opener"},{"floor":12,"key":"Boot"},{"floor":12,"key":"Oddly Smooth Stone"},{"floor":13,"key":"Pen Nib"},{"floor":15,"key":"Du-Vu Doll"},{"floor":18,"key":"Bird Faced Urn"},{"floor":19,"key":"Smiling Mask"},{"floor":21,"key":"Strawberry"},{"floor":22,"key":"Incense Burner"},{"floor":22,"key":"Shuriken"},{"floor":23,"key":"Vajra"},{"floor":23,"key":"Nunchaku"},{"floor":24,"key":"Tiny Chest"},{"floor":25,"key":"Juzu Bracelet"},{"floor":25,"key":"Dodecahedron"},{"floor":26,"key":"Molten Egg 2"},{"floor":27,"key":"Pantograph"},{"floor":27,"key":"Bottled Tornado"},{"floor":29,"key":"Mango"},{"floor":31,"key":"MawBank"},{"floor":31,"key":"Regal Pillow"},{"floor":32,"key":"Ancient Tea Set"},{"floor":35,"key":"PreservedInsect"},{"floor":38,"key":"Centennial Puzzle"},{"floor":40,"key":"Magic Flower"},{"floor":40,"key":"Toxic Egg 2"},{"floor":41,"key":"Pear"},{"floor":42,"key":"Calipers"},{"floor":42,"key":"Ornamental Fan"},{"floor":43,"key":"War Paint"},{"floor":44,"key":"Gremlin Horn"},{"floor":44,"key":"Question Card"},{"floor":45,"key":"Paper Frog"},{"floor":46,"key":"Kunai"},{"floor":46,"key":"Frozen Egg 2"},{"floor":48,"key":"Pocketwatch"},{"floor":49,"key":"Ginger"},{"floor":55,"key":"Circlet"},{"floor":55,"key":"Circlet"}],"event_choices":[{"cards_removed":["Adrenaline"],"damage_healed":1,"gold_gain":0,"player_choice":"Offered Rare","damage_taken":0,"max_hp_gain":10,"max_hp_loss":0,"event_name":"Bonfire Elementals","floor":2,"gold_loss":0},{"damage_healed":0,"gold_gain":30,"player_choice":"Searched \u00273\u0027 times","damage_taken":0,"relics_obtained":["Sundial"],"max_hp_gain":0,"max_hp_loss":0,"event_name":"Dead Adventurer","floor":14,"gold_loss":0},{"damage_healed":0,"gold_gain":0,"player_choice":"Fight","damage_taken":0,"max_hp_gain":0,"max_hp_loss":0,"event_name":"Colosseum","floor":22,"gold_loss":0},{"damage_healed":0,"gold_gain":0,"player_choice":"Fought Nobs","damage_taken":0,"max_hp_gain":0,"max_hp_loss":0,"event_name":"Colosseum","floor":22,"gold_loss":0},{"cards_removed":["Searing Blow"],"damage_healed":0,"gold_gain":0,"player_choice":"Gave Gold","damage_taken":0,"max_hp_gain":0,"max_hp_loss":0,"event_name":"Beggar","floor":28,"gold_loss":75},{"damage_healed":0,"gold_gain":0,"player_choice":"Ignored","damage_taken":0,"max_hp_gain":0,"max_hp_loss":0,"event_name":"Transmorgrifier","floor":30,"gold_loss":0},{"damage_healed":0,"gold_gain":999,"player_choice":"Gold","damage_taken":0,"max_hp_gain":0,"max_hp_loss":0,"event_name":"MindBloom","floor":37,"gold_loss":0,"cards_obtained":["Normality","Normality"]},{"cards_removed":["Wraith Form v2"],"damage_healed":0,"gold_gain":0,"player_choice":"Removed Power","damage_taken":0,"max_hp_gain":0,"max_hp_loss":0,"event_name":"Falling","floor":39,"gold_loss":0}],"is_beta":false,"boss_relics":[{"not_picked":["Pandora\u0027s Box","Snecko Eye"],"picked":"Eternal Feather"},{"not_picked":["Runic Pyramid","Mark of Pain"],"picked":"Tiny House"}],"items_purged_floors":[36],"is_endless":false,"potions_floor_spawned":[6,7,8,11,16,19,23,24,25,27,33,38,40,41,46],"ascension_level":20}