{"gold_per_floor":[113,124,137,150,150,150,163,163,186,198,210,222,234],"floor_reached":13,"playtime":247,"items_purged":[],"score":150,"play_id":"e838faee-7095-47bb-83c5-ec53a759bcae","local_time":"20190324021321","is_ascension_mode":true,"campfire_choices":[{"data":"Blood for Blood","floor":6,"key":"SMITH"},{"data":"Corruption","floor":8,"key":"SMITH"},{"data":"Fiend Fire","floor":10,"key":"SMITH"},{"data":"Burning Pact","floor":12,"key":"SMITH"}],"neow_cost":"PERCENT_DAMAGE","seed_source_timestamp":872820562331400,"circlet_count":0,"master_deck":["AscendersBane","Strike_R","Strike_R","Strike_R","Strike_R","Defend_R","Defend_R","Defend_R","Defend_R","Bash","Secret Technique","Mind Blast","Clash","Corruption+1","Fiend Fire+1","Blood for Blood+1","Burning Pact+1"],"relics":["Burning Blood","Omamori","MawBank"],"potions_floor_usage":[],"damage_taken":[{"damage":7,"enemies":"Cultist","floor":1,"turns":4},{"damage":0,"enemies":"2 Louse","floor":2,"turns":2},{"damage":18,"enemies":"Jaw Worm","floor":3,"turns":6},{"damage":8,"enemies":"3 Louse","floor":4,"turns":4},{"damage":22,"enemies":"Exordium Thugs","floor":7,"turns":4},{"damage":9,"enemies":"Gremlin Nob","floor":13,"turns":3}],"seed_played":"1563847986764291820","potions_obtained":[{"floor":7,"key":"SteroidPotion"}],"is_trial":false,"path_per_floor":["M","M","M","M","?","R","M","R","T","R","?","R","E"],"character_chosen":"IRONCLAD","items_purchased":[],"campfire_rested":0,"item_purchase_floors":[],"current_hp_per_floor":[49,55,43,41,36,36,20,20,20,20,13,13,4],"gold":234,"neow_bonus":"RANDOM_COLORLESS_2","is_prod":false,"is_daily":false,"chose_seed":false,"campfire_upgraded":4,"win_rate":0,"timestamp":1553361201,"path_taken":["M","M","M","M","?","R","M","R","T","R","?","R","E"],"build_version":"2019-01-23","purchased_purges":0,"victory":false,"max_hp_per_floor":[75,75,75,75,75,75,75,75,75,75,75,75,75],"card_choices":[{"not_picked":["Second Wind","Iron Wave"],"picked":"Clash","floor":1},{"not_picked":["Twin Strike","Sever Soul"],"picked":"Corruption","floor":2},{"not_picked":["Heavy Blade","Headbutt"],"picked":"Fiend Fire","floor":3},{"not_picked":["Pommel Strike","Armaments"],"picked":"Blood for Blood","floor":4},{"not_picked":["Warcry","Headbutt"],"picked":"Burning Pact","floor":7}],"player_experience":4606030,"relics_obtained":[{"floor":9,"key":"MawBank"}],"event_choices":[{"damage_healed":0,"gold_gain":0,"player_choice":"Success","damage_taken":5,"relics_obtained":["Omamori"],"max_hp_gain":0,"max_hp_loss":0,"event_name":"Scrap Ooze","floor":5,"gold_loss":0},{"cards_removed":["Strike_R"],"damage_healed":0,"gold_gain":0,"player_choice":"Card Removal","damage_taken":7,"max_hp_gain":0,"max_hp_loss":0,"event_name":"Golden Wing","floor":11,"gold_loss":0}],"is_beta":false,"boss_relics":[],"items_purged_floors":[],"is_endless":false,"potions_floor_spawned":[7],"killed_by":"Gremlin Nob","ascension_level":20}