{"gold_per_floor":[109,122,122,146,161,161,200,200,281,305,305,3,3,39,39,129,129,143,167,182,232,232,246,280,280,280,280,280,1,33,53,53,130,130,146,146,146,191,191,191,208,242,242,242,259,289,312,82,82,82,82,82,82,27,57,57],"floor_reached":57,"playtime":2251,"items_purged":["Strike_G","Writhe"],"score":2892,"play_id":"0e08a9ff-8920-4d2d-ba90-b44d77634c02","local_time":"20190727024404","is_ascension_mode":true,"campfire_choices":[{"data":"Choke","floor":6.0,"key":"SMITH"},{"data":"Cloak And Dagger","floor":8.0,"key":"SMITH"},{"data":"Neutralize","floor":13.0,"key":"SMITH"},{"data":"Bane","floor":15.0,"key":"SMITH"},{"data":"Catalyst","floor":25.0,"key":"SMITH"},{"data":"Well Laid Plans","floor":27.0,"key":"SMITH"},{"floor":32.0,"key":"REST"},{"data":"Wraith Form v2","floor":40.0,"key":"SMITH"},{"floor":44.0,"key":"RECALL"},{"data":"Acrobatics","floor":49.0,"key":"SMITH"},{"floor":53.0,"key":"REST"}],"neow_cost":"TEN_PERCENT_HP_LOSS","seed_source_timestamp":232812831461400,"circlet_count":0,"master_deck":["AscendersBane","Defend_G","Defend_G","Defend_G","Defend_G","Survivor","Neutralize+1","Bane+1","Quick Slash","PiercingWail","Choke+1","Cloak And Dagger+1","Dagger Spray+1","Poisoned Stab+1","Glass Knife+1","Corpse Explosion+1","Dodge and Roll+1","Corpse Explosion+1","Well Laid Plans+1","Endless Agony+1","Catalyst+1","Acrobatics+1","Grand Finale+1","Wraith Form v2+1","Backflip","Backflip","Night Terror","Eviscerate+1","Leg Sweep+1"],"special_seed":0,"relics":["Ring of the Snake","The Specimen","Bloody Idol","Gambling Chip","Molten Egg 2","Lee\u0027s Waffle","Odd Mushroom","Astrolabe","Dream Catcher","Art of War","Torii","Anchor","Snecko Eye","Dead Branch","Shuriken","Singing Bowl","Vajra","OrangePellets","Ornamental Fan"],"potions_floor_usage":[56,56],"damage_taken":[{"damage":10.0,"enemies":"Jaw Worm","floor":1.0,"turns":6.0},{"damage":0.0,"enemies":"Small Slimes","floor":2.0,"turns":4.0},{"damage":0.0,"enemies":"2 Louse","floor":4.0,"turns":4.0},{"damage":1.0,"enemies":"Looter","floor":5.0,"turns":5.0},{"damage":27.0,"enemies":"3 Sentries","floor":7.0,"turns":10.0},{"damage":4.0,"enemies":"Large Slime","floor":10.0,"turns":5.0},{"damage":9.0,"enemies":"The Mushroom Lair","floor":14.0,"turns":4.0},{"damage":18.0,"enemies":"Slime Boss","floor":16.0,"turns":9.0},{"damage":6.0,"enemies":"Shell Parasite","floor":18.0,"turns":5.0},{"damage":0.0,"enemies":"Chosen","floor":19.0,"turns":3.0},{"damage":0.0,"enemies":"Centurion and Healer","floor":20.0,"turns":3.0},{"damage":6.0,"enemies":"Chosen and Byrds","floor":23.0,"turns":3.0},{"damage":18.0,"enemies":"Book of Stabbing","floor":24.0,"turns":5.0},{"damage":8.0,"enemies":"Slavers","floor":30.0,"turns":3.0},{"damage":0.0,"enemies":"Shelled Parasite and Fungi","floor":31.0,"turns":3.0},{"damage":50.0,"enemies":"Champ","floor":33.0,"turns":11.0},{"damage":1.0,"enemies":"Orb Walker","floor":35.0,"turns":3.0},{"damage":0.0,"enemies":"2 Orb Walkers","floor":38.0,"turns":1.0},{"damage":0.0,"enemies":"3 Shapes","floor":41.0,"turns":3.0},{"damage":8.0,"enemies":"Giant Head","floor":42.0,"turns":5.0},{"damage":0.0,"enemies":"3 Darklings","floor":45.0,"turns":2.0},{"damage":0.0,"enemies":"Reptomancer","floor":46.0,"turns":2.0},{"damage":56.0,"enemies":"Time Eater","floor":50.0,"turns":11.0},{"damage":0.0,"enemies":"Donu and Deca","floor":51.0,"turns":3.0},{"damage":0,"enemies":"Shield and Spear","floor":55,"turns":2},{"damage":33,"enemies":"The Heart","floor":56,"turns":14}],"seed_played":"4462923131082675006","potions_obtained":[{"floor":2.0,"key":"Fire Potion"},{"floor":4.0,"key":"LiquidBronze"},{"floor":14.0,"key":"Explosive Potion"},{"floor":16.0,"key":"Weak Potion"},{"floor":24.0,"key":"Block Potion"},{"floor":35.0,"key":"Poison Potion"},{"floor":42.0,"key":"Fire Potion"},{"floor":46.0,"key":"LiquidBronze"}],"is_trial":false,"path_per_floor":["M","M","?","M","M","R","E","R","T","M","?","$","R","?","R","B",null,"M","M","M","?","?","M","E","R","T","R","?","$","E","M","R","B",null,"M","?","?","?","?","R","M","E","T","R","M","E","T","$","R","B","B",null,"R","$","E","B",null],"character_chosen":"THE_SILENT","items_purchased":["Lee\u0027s Waffle","Grand Finale+1","OrangePellets","Weak Potion"],"campfire_rested":2,"item_purchase_floors":[12,29,48,54],"current_hp_per_floor":[49,49,49,49,48,48,21,21,21,17,10,61,61,52,52,34,54,48,48,48,48,48,47,34,34,34,34,34,34,31,36,54,9,48,52,42,42,47,47,47,52,49,49,49,54,60,60,60,60,4,4,46,62,62,62,29],"gold":57,"neow_bonus":"ONE_RARE_RELIC","is_prod":false,"is_daily":false,"chose_seed":false,"campfire_upgraded":8,"win_rate":0,"timestamp":1564163044,"path_taken":["M","M","?","M","M","R","E","R","T","M","?","?","R","?","R","BOSS","M","M","M","?","?","M","E","R","T","R","?","$","E","M","R","BOSS","M","?","?","?","?","R","M","E","T","R","M","E","?","$","R","BOSS","BOSS","R","$","E","BOSS"],"build_version":"2019-07-17","purchased_purges":2,"victory":true,"max_hp_per_floor":[60,60,54,54,54,54,54,54,54,54,54,61,61,61,61,61,61,61,61,61,61,61,61,61,61,61,61,61,61,61,61,61,61,61,61,61,61,61,58,58,58,58,58,58,58,60,60,60,60,60,60,60,62,62,62,62],"card_choices":[{"not_picked":["Sucker Punch","Caltrops"],"picked":"Bane","floor":1.0},{"not_picked":["Acrobatics","Cloak And Dagger"],"picked":"Quick Slash","floor":2.0},{"not_picked":["Sucker Punch","Flying Knee"],"picked":"PiercingWail","floor":4.0},{"not_picked":["Cloak And Dagger","Venomology"],"picked":"Choke","floor":5.0},{"not_picked":["Reflex","Expertise"],"picked":"Cloak And Dagger","floor":7.0},{"not_picked":["Predator+1","Poisoned Stab+1"],"picked":"Dagger Spray+1","floor":10.0},{"not_picked":["Choke+1","Dagger Throw+1"],"picked":"Poisoned Stab+1","floor":14.0},{"not_picked":["Adrenaline","A Thousand Cuts"],"picked":"Glass Knife+1","floor":16.0},{"not_picked":["Slice+1","Prepared"],"picked":"Well Laid Plans","floor":18.0},{"not_picked":["PiercingWail","Backflip"],"picked":"Endless Agony+1","floor":19.0},{"not_picked":["Reflex","Distraction","All Out Attack+1"],"picked":"SKIP","floor":20.0},{"not_picked":["Reflex","Distraction","All Out Attack+1"],"picked":"SKIP","floor":20.0},{"not_picked":["Blade Dance","Backflip"],"picked":"Catalyst","floor":23.0},{"not_picked":["Terror","Outmaneuver"],"picked":"Acrobatics","floor":24.0},{"not_picked":["Die Die Die+1","PiercingWail","Flechettes+1"],"picked":"SKIP","floor":30.0},{"not_picked":["Dagger Throw+1","Masterful Stab+1","Poisoned Stab+1"],"picked":"SKIP","floor":31.0},{"not_picked":["After Image","Glass Knife+1"],"picked":"Wraith Form v2","floor":33.0},{"not_picked":["Backstab+1","Slice+1"],"picked":"Backflip","floor":35.0},{"not_picked":["Caltrops","Quick Slash+1"],"picked":"Backflip","floor":38.0},{"not_picked":["Distraction","Dodge and Roll","Expertise"],"picked":"SKIP","floor":41.0},{"not_picked":["Slice+1","Quick Slash+1"],"picked":"Night Terror","floor":42.0},{"not_picked":["Sucker Punch+1","Heel Hook+1"],"picked":"Eviscerate+1","floor":45.0},{"not_picked":["Infinite Blades","Flechettes+1","Poisoned Stab+1"],"picked":"Singing Bowl","floor":46.0},{"not_picked":["Backflip","Outmaneuver","Blade Dance+1"],"picked":"Singing Bowl","floor":53.0},{"not_picked":["Dagger Spray+1","PiercingWail"],"picked":"Leg Sweep+1","floor":55}],"player_experience":5832479,"relics_obtained":[{"floor":7.0,"key":"Gambling Chip"},{"floor":9.0,"key":"Molten Egg 2"},{"floor":14.0,"key":"Odd Mushroom"},{"floor":24.0,"key":"Dream Catcher"},{"floor":26.0,"key":"Art of War"},{"floor":30.0,"key":"Anchor"},{"floor":38.0,"key":"Dead Branch"},{"floor":42.0,"key":"Shuriken"},{"floor":46.0,"key":"Singing Bowl"},{"floor":47.0,"key":"Vajra"},{"floor":55,"key":"Ornamental Fan"}],"event_choices":[{"damage_healed":0.0,"max_hp_gain":0.0,"max_hp_loss":6.0,"gold_gain":0.0,"event_name":"Golden Idol","player_choice":"Lose Max HP","floor":3.0,"gold_loss":0.0,"damage_taken":0.0,"relics_obtained":["Golden Idol"]},{"cards_removed":["Strike_G"],"damage_healed":0.0,"max_hp_gain":0.0,"max_hp_loss":0.0,"gold_gain":0.0,"event_name":"Golden Wing","player_choice":"Card Removal","floor":11.0,"gold_loss":0.0,"damage_taken":7.0},{"damage_healed":0.0,"max_hp_gain":0.0,"max_hp_loss":0.0,"gold_gain":0.0,"event_name":"Mushrooms","player_choice":"Fought Mushrooms","floor":14.0,"gold_loss":0.0,"damage_taken":0.0},{"damage_healed":0.0,"max_hp_gain":0.0,"max_hp_loss":0.0,"gold_gain":50.0,"event_name":"Nest","player_choice":"Stole From Cult","floor":21.0,"gold_loss":0.0,"damage_taken":0.0},{"damage_healed":0.0,"max_hp_gain":0.0,"max_hp_loss":0.0,"gold_gain":0.0,"event_name":"Forgotten Altar","player_choice":"Gave Idol","floor":22.0,"relics_lost":["Golden Idol"],"gold_loss":0.0,"damage_taken":0.0,"relics_obtained":["Bloody Idol"]},{"damage_healed":0.0,"max_hp_gain":0.0,"max_hp_loss":0.0,"gold_gain":0.0,"event_name":"The Mausoleum","player_choice":"Opened","floor":28.0,"gold_loss":0.0,"damage_taken":0.0,"relics_obtained":["Torii"],"cards_obtained":["Writhe"]},{"damage_healed":0.0,"max_hp_gain":0.0,"max_hp_loss":0.0,"gold_gain":0.0,"event_name":"SensoryStone","player_choice":"Memory 3","floor":36.0,"gold_loss":0.0,"damage_taken":10.0},{"cards_removed":["Defend_G"],"damage_healed":0.0,"max_hp_gain":0.0,"max_hp_loss":0.0,"gold_gain":0.0,"event_name":"Falling","player_choice":"Removed Skill","floor":37.0,"gold_loss":0.0,"damage_taken":0.0},{"damage_healed":0.0,"max_hp_gain":0.0,"max_hp_loss":0.0,"gold_gain":0.0,"event_name":"Mysterious Sphere","player_choice":"Fight","floor":38.0,"gold_loss":0.0,"damage_taken":0.0},{"damage_healed":0.0,"max_hp_gain":0.0,"max_hp_loss":3.0,"gold_gain":0.0,"event_name":"Winding Halls","player_choice":"Max HP","floor":39.0,"gold_loss":0.0,"damage_taken":0.0}],"is_beta":false,"boss_relics":[{"not_picked":["Black Star","Ectoplasm"],"picked":"Astrolabe"},{"not_picked":["Fusion Hammer","Runic Dome"],"picked":"Snecko Eye"}],"items_purged_floors":[12,29],"is_endless":false,"potions_floor_spawned":[2,4,14,16,18,19,24,35,42,46],"ascension_level":20}