{"gold_per_floor":[18,35,53,68,83,83,108,108,162,162,174,186,196,84,84,155,155,174,193,209,109,120,120,151,151,151,151,179,193,213,163,163,241,241,256,275,275,288,308,341,353,353,353,387,387,419,419,439,439,439,439,439,439,42,77,77],"floor_reached":57,"playtime":3520,"items_purged":["Defend_G","Strike_G","Strike_G","All Out Attack"],"score":2934,"play_id":"48e714a7-e6c3-4ba3-9325-1d4274dad5e5","local_time":"20190418024521","is_ascension_mode":true,"campfire_choices":[{"data":"Bouncing Flask","floor":6.0,"key":"SMITH"},{"data":"Neutralize","floor":8.0,"key":"SMITH"},{"data":"Tools of the Trade","floor":10.0,"key":"SMITH"},{"data":"Tactician","floor":15.0,"key":"SMITH"},{"floor":23.0,"key":"REST"},{"floor":25.0,"key":"REST"},{"data":"Acrobatics","floor":27.0,"key":"SMITH"},{"data":"Cloak And Dagger","floor":32.0,"key":"SMITH"},{"floor":47.0,"key":"RECALL"},{"data":"Apotheosis","floor":49.0,"key":"SMITH"},{"data":"Night Terror","floor":53.0,"key":"SMITH"}],"neow_cost":"NO_GOLD","seed_source_timestamp":92561807091500,"circlet_count":0,"master_deck":["AscendersBane","Survivor","Neutralize+1","Tools of the Trade+1","Deadly Poison","Poisoned Stab+1","Cloak And Dagger+1","Bouncing Flask+1","Adrenaline","Leg Sweep","Tactician+1","Well Laid Plans+1","Corpse Explosion","Deflect+1","Acrobatics+1","PiercingWail","Infinite Blades+1","After Image+1","Reflex","Dodge and Roll","Envenom+1","Riddle With Holes+1","Concentrate","Well Laid Plans+1","Grand Finale","Footwork+1","Night Terror+1","Blur+1","Backflip+1","Deflect+1","Calculated Gamble","After Image+1","Apotheosis+1","Dark Shackles","Malaise","PiercingWail"],"special_seed":0,"relics":["Ring of the Snake","Frozen Egg 2","PreservedInsect","Black Star","Ninja Scroll","Smiling Mask","Meat on the Bone","Kunai","Pandora\u0027s Box","Molten Egg 2","Matryoshka","Whetstone","The Courier","The Specimen","Art of War","Prayer Wheel","Dodecahedron","Pen Nib","Happy Flower","Centennial Puzzle","Ice Cream"],"potions_floor_usage":[56,56],"damage_taken":[{"damage":1.0,"enemies":"Cultist","floor":1.0,"turns":5.0},{"damage":3.0,"enemies":"2 Louse","floor":2.0,"turns":4.0},{"damage":2.0,"enemies":"Small Slimes","floor":3.0,"turns":4.0},{"damage":1.0,"enemies":"2 Fungi Beasts","floor":4.0,"turns":3.0},{"damage":6.0,"enemies":"Lots of Slimes","floor":5.0,"turns":2.0},{"damage":4.0,"enemies":"Gremlin Nob","floor":7.0,"turns":4.0},{"damage":9.0,"enemies":"Exordium Thugs","floor":11.0,"turns":4.0},{"damage":1.0,"enemies":"2 Fungi Beasts","floor":12.0,"turns":3.0},{"damage":0.0,"enemies":"Exordium Wildlife","floor":13.0,"turns":3.0},{"damage":6.0,"enemies":"Hexaghost","floor":16.0,"turns":8.0},{"damage":16.0,"enemies":"Chosen","floor":18.0,"turns":4.0},{"damage":9.0,"enemies":"2 Thieves","floor":19.0,"turns":3.0},{"damage":8.0,"enemies":"Snecko","floor":20.0,"turns":7.0},{"damage":8.0,"enemies":"Snake Plant","floor":22.0,"turns":4.0},{"damage":30.0,"enemies":"Slavers","floor":24.0,"turns":2.0},{"damage":6.0,"enemies":"Gremlin Leader","floor":28.0,"turns":4.0},{"damage":0.0,"enemies":"Centurion and Healer","floor":29.0,"turns":5.0},{"damage":26.0,"enemies":"Shelled Parasite and Fungi","floor":30.0,"turns":6.0},{"damage":7.0,"enemies":"Automaton","floor":33.0,"turns":15.0},{"damage":1.0,"enemies":"3 Darklings","floor":35.0,"turns":3.0},{"damage":24.0,"enemies":"Orb Walker","floor":36.0,"turns":5.0},{"damage":35.0,"enemies":"Spire Growth","floor":38.0,"turns":6.0},{"damage":4.0,"enemies":"4 Shapes","floor":39.0,"turns":6.0},{"damage":0.0,"enemies":"Reptomancer","floor":40.0,"turns":8.0},{"damage":0.0,"enemies":"Jaw Worm Horde","floor":41.0,"turns":4.0},{"damage":0.0,"enemies":"Writhing Mass","floor":42.0,"turns":1.0},{"damage":0.0,"enemies":"Giant Head","floor":44.0,"turns":9.0},{"damage":2.0,"enemies":"Nemesis","floor":46.0,"turns":7.0},{"damage":1.0,"enemies":"Maw","floor":48.0,"turns":10.0},{"damage":11.0,"enemies":"Time Eater","floor":50.0,"turns":14.0},{"damage":25.0,"enemies":"Donu and Deca","floor":51.0,"turns":13.0},{"damage":11.0,"enemies":"Shield and Spear","floor":55.0,"turns":6.0},{"damage":30,"enemies":"The Heart","floor":56,"turns":14}],"seed_played":"-4200059222818410262","potions_obtained":[{"floor":1.0,"key":"GhostInAJar"},{"floor":5.0,"key":"SkillPotion"},{"floor":12.0,"key":"Ancient Potion"},{"floor":13.0,"key":"SkillPotion"},{"floor":19.0,"key":"Dexterity Potion"},{"floor":22.0,"key":"SmokeBomb"},{"floor":35.0,"key":"LiquidBronze"},{"floor":36.0,"key":"Swift Potion"},{"floor":41.0,"key":"SkillPotion"},{"floor":44.0,"key":"Strength Potion"},{"floor":55.0,"key":"GhostInAJar"}],"is_trial":false,"path_per_floor":["M","M","M","M","M","R","E","R","T","R","M","M","M","$","R","B",null,"M","M","M","$","M","R","E","R","T","R","E","M","M","$","R","B",null,"M","M","T","M","M","E","M","M","T","E","?","E","R","M","R","B","B",null,"R","$","E","B",null],"character_chosen":"THE_SILENT","items_purchased":["Well Laid Plans+1","Happy Flower","Centennial Puzzle","Dexterity Potion","Dexterity Potion"],"campfire_rested":2,"item_purchase_floors":[14,54,54,54,54],"current_hp_per_floor":[58,55,53,52,46,46,42,42,42,42,33,32,32,32,32,26,56,40,31,23,23,15,34,4,23,23,23,17,29,15,15,15,20,55,54,42,42,19,27,39,39,39,39,39,29,39,39,38,38,39,26,56,56,56,45,27],"gold":77,"neow_bonus":"THREE_RARE_CARDS","is_prod":false,"is_daily":false,"chose_seed":false,"campfire_upgraded":8,"win_rate":0,"timestamp":1555523121,"path_taken":["M","M","M","M","M","R","E","R","T","R","?","?","M","?","R","BOSS","M","?","M","?","?","R","E","R","T","R","E","M","M","$","R","BOSS","M","M","?","M","M","E","M","M","T","E","?","E","R","M","R","BOSS","BOSS","R","$","E","BOSS"],"build_version":"2019-01-23","purchased_purges":4,"victory":true,"max_hp_per_floor":[66,66,66,66,66,66,66,66,66,66,66,66,66,66,66,66,66,66,66,66,66,66,66,66,66,66,66,66,66,66,66,66,66,66,66,66,66,66,66,66,66,66,66,66,66,66,66,66,66,66,66,66,66,66,66,66],"card_choices":[{"not_picked":["Night Terror","Doppelganger"],"picked":"Tools of the Trade","floor":0.0},{"not_picked":["Footwork","Choke"],"picked":"Deadly Poison","floor":1.0},{"not_picked":["Slice","Heel Hook"],"picked":"All Out Attack","floor":2.0},{"not_picked":["Sucker Punch","Deflect"],"picked":"Poisoned Stab","floor":3.0},{"not_picked":["Flechettes","Sucker Punch"],"picked":"Cloak And Dagger","floor":4.0},{"not_picked":["Quick Slash","Night Terror"],"picked":"Bouncing Flask","floor":5.0},{"not_picked":["Cloak And Dagger","Reflex"],"picked":"Adrenaline","floor":7.0},{"not_picked":["Dodge and Roll","Eviscerate","Flying Knee"],"picked":"SKIP","floor":11.0},{"not_picked":["Calculated Gamble","Dash"],"picked":"Leg Sweep","floor":12.0},{"not_picked":["Prepared","Bane"],"picked":"Tactician","floor":13.0},{"not_picked":["Doppelganger","Phantasmal Killer"],"picked":"Corpse Explosion","floor":16.0},{"not_picked":["Bane","Deflect","Slice"],"picked":"SKIP","floor":18.0},{"not_picked":["Sucker Punch","Predator","Eviscerate"],"picked":"SKIP","floor":19.0},{"not_picked":["Deadly Poison","Poisoned Stab+1"],"picked":"Deflect+1","floor":20.0},{"not_picked":["Blade Dance+1","Noxious Fumes+1"],"picked":"Acrobatics","floor":22.0},{"not_picked":["Masterful Stab","Sucker Punch+1","Cloak And Dagger"],"picked":"SKIP","floor":24.0},{"not_picked":["Slice","Well Laid Plans+1","Choke"],"picked":"SKIP","floor":28.0},{"not_picked":["Blade Dance","Masterful Stab"],"picked":"PiercingWail","floor":29.0},{"not_picked":["A Thousand Cuts+1","Quick Slash"],"picked":"Infinite Blades+1","floor":30.0},{"not_picked":["Malaise","Adrenaline"],"picked":"After Image+1","floor":33.0},{"not_picked":["Slice","Prepared"],"picked":"Footwork+1","floor":35.0},{"not_picked":["Dodge and Roll","Deflect"],"picked":"Night Terror","floor":36.0},{"not_picked":["Poisoned Stab+1","Predator+1"],"picked":"Blur+1","floor":38.0},{"not_picked":["Poisoned Stab+1","Escape Plan"],"picked":"Backflip+1","floor":39.0},{"not_picked":["Concentrate","Poisoned Stab+1"],"picked":"Deflect+1","floor":40.0},{"not_picked":["All Out Attack+1","Backflip"],"picked":"Calculated Gamble","floor":41.0},{"not_picked":["Slice+1","Catalyst"],"picked":"After Image+1","floor":44.0},{"not_picked":["Mind Blast+1","Impatience"],"picked":"Apotheosis","floor":45.0},{"not_picked":["Purity","Secret Technique"],"picked":"Dark Shackles","floor":45.0},{"not_picked":["Prepared","Underhanded Strike+1"],"picked":"Malaise","floor":46.0},{"not_picked":["Endless Agony+1","Leg Sweep+1"],"picked":"PiercingWail","floor":48.0},{"not_picked":["Phantasmal Killer","Choke+1","Endless Agony+1"],"picked":"SKIP","floor":48.0},{"not_picked":["Poisoned Stab+1","Deflect","Dodge and Roll"],"picked":"SKIP","floor":55.0}],"player_experience":4825860,"relics_obtained":[{"floor":7.0,"key":"Frozen Egg 2"},{"floor":9.0,"key":"PreservedInsect"},{"floor":24.0,"key":"Ninja Scroll"},{"floor":24.0,"key":"Smiling Mask"},{"floor":28.0,"key":"Meat on the Bone"},{"floor":28.0,"key":"Kunai"},{"floor":37.0,"key":"Molten Egg 2"},{"floor":40.0,"key":"Matryoshka"},{"floor":40.0,"key":"Whetstone"},{"floor":43.0,"key":"The Courier"},{"floor":43.0,"key":"The Specimen"},{"floor":44.0,"key":"Art of War"},{"floor":44.0,"key":"Prayer Wheel"},{"floor":46.0,"key":"Dodecahedron"},{"floor":46.0,"key":"Pen Nib"},{"floor":55.0,"key":"Ice Cream"}],"event_choices":[{"damage_healed":0.0,"max_hp_gain":0.0,"max_hp_loss":0.0,"gold_gain":0.0,"event_name":"SensoryStone","player_choice":"Memory 3","floor":45.0,"gold_loss":0.0,"damage_taken":10.0}],"is_beta":false,"boss_relics":[{"not_picked":["Cursed Key","Runic Dome"],"picked":"Black Star"},{"not_picked":["White Beast Statue","Runic Pyramid"],"picked":"Pandora\u0027s Box"}],"items_purged_floors":[14,21,31,54],"is_endless":false,"potions_floor_spawned":[1,5,12,13,19,22,24,35,36,38,41,44,48,55],"ascension_level":20}