{"gold_per_floor":[215,231,241,314,314,314,349,349,374,374,387,421,69,97,97,194,194,210,210,210,64,83,83,113,113,113,113,143,143,161,180,180,285,285,302,302,314,324,338,338,338],"floor_reached":41,"playtime":2671,"items_purged":["Regret"],"score":494,"play_id":"0072535c-e64c-4d0d-a3cc-3d6bde66d516","local_time":"20190308160218","is_ascension_mode":true,"campfire_choices":[{"data":"Spot Weakness","floor":6,"key":"SMITH"},{"floor":10,"key":"REST"},{"floor":15,"key":"REST"},{"data":"Limit Break","floor":23,"key":"SMITH"},{"data":"Armaments","floor":25,"key":"SMITH"},{"floor":27,"key":"REST"},{"data":"Demon Form","floor":32,"key":"SMITH"},{"floor":40,"key":"REST"}],"neow_cost":"NONE","seed_source_timestamp":81256946215797,"circlet_count":0,"master_deck":["Strike_R","Strike_R","Strike_R","Strike_R+1","Strike_R","Defend_R","Defend_R","Defend_R","Defend_R","Bash","Spot Weakness+1","Iron Wave","Uppercut+1","Shrug It Off","Twin Strike","Armaments+1","Demon Form+1","Limit Break+1","Power Through","Dropkick+1","Shrug It Off","Ghostly Armor+1","Heavy Blade+1","Pummel+1","Whirlwind+1","Offering","Madness","Madness"],"relics":["Black Blood","Art of War","Orichalcum","Red Skull","Turnip","ClockworkSouvenir","Prayer Wheel","MutagenicStrength","Nilry\u0027s Codex","Matryoshka","Molten Egg 2","Darkstone Periapt","Lantern","Fusion Hammer"],"potions_floor_usage":[7,12,12,14,18,22,24,29,31,31,33,41,41],"damage_taken":[{"damage":6,"enemies":"Cultist","floor":1,"turns":4},{"damage":3,"enemies":"2 Louse","floor":2,"turns":3},{"damage":1,"enemies":"Small Slimes","floor":3,"turns":3},{"damage":26,"enemies":"3 Sentries","floor":7,"turns":7},{"damage":15,"enemies":"2 Fungi Beasts","floor":11,"turns":4},{"damage":26,"enemies":"Lagavulin","floor":12,"turns":5},{"damage":19,"enemies":"3 Sentries","floor":14,"turns":5},{"damage":12,"enemies":"The Guardian","floor":16,"turns":9},{"damage":24,"enemies":"2 Thieves","floor":18,"turns":4},{"damage":4,"enemies":"Shell Parasite","floor":22,"turns":3},{"damage":12,"enemies":"Gremlin Leader","floor":24,"turns":6},{"damage":41,"enemies":"Slavers","floor":28,"turns":5},{"damage":12,"enemies":"Snake Plant","floor":30,"turns":2},{"damage":8,"enemies":"3 Cultists","floor":31,"turns":5},{"damage":45,"enemies":"Champ","floor":33,"turns":9},{"damage":5,"enemies":"Orb Walker","floor":35,"turns":2},{"damage":0,"enemies":"3 Shapes","floor":37,"turns":3},{"damage":36,"enemies":"Spire Growth","floor":38,"turns":3},{"damage":18,"enemies":"Jaw Worm Horde","floor":39,"turns":3},{"damage":84,"enemies":"Nemesis","floor":41,"turns":6}],"seed_played":"-4921034178041778647","potions_obtained":[{"floor":3,"key":"Poison Potion"},{"floor":7,"key":"EntropicBrew"},{"floor":12,"key":"PowerPotion"},{"floor":16,"key":"Poison Potion"},{"floor":22,"key":"LiquidBronze"},{"floor":28,"key":"FearPotion"},{"floor":29,"key":"Fruit Juice"},{"floor":29,"key":"Fire Potion"},{"floor":29,"key":"Dexterity Potion"},{"floor":31,"key":"Fire Potion"},{"floor":35,"key":"Strength Potion"},{"floor":39,"key":"FearPotion"}],"is_trial":false,"path_per_floor":["M","M","M","?","?","R","E","?","T","R","M","E","$","E","R","B",null,"M","?","?","$","M","R","E","R","T","R","E","?","M","M","R","B",null,"M","?","M","M","M","R","E"],"character_chosen":"IRONCLAD","items_purchased":["Demon Form","ClockworkSouvenir","Power Through"],"campfire_rested":4,"item_purchase_floors":[13,13,21],"current_hp_per_floor":[80,80,80,80,64,64,44,44,44,68,59,39,39,26,50,44,80,66,66,50,50,56,56,54,54,54,78,47,52,50,52,52,17,85,85,74,84,58,50,75,0],"gold":338,"neow_bonus":"HUNDRED_GOLD","is_prod":false,"is_daily":false,"chose_seed":false,"campfire_upgraded":4,"win_rate":0,"timestamp":1552078938,"path_taken":["M","M","?","?","?","R","E","?","T","R","M","E","$","E","R","BOSS","M","?","?","$","M","R","E","R","T","R","E","?","M","M","R","BOSS","M","?","M","M","M","R","E"],"build_version":"2019-01-23","purchased_purges":1,"victory":false,"max_hp_per_floor":[80,80,80,80,80,80,80,80,80,80,80,80,80,80,80,80,80,80,80,80,80,80,80,80,80,80,80,80,85,85,85,85,85,85,85,85,85,85,85,85,85],"card_choices":[{"not_picked":["Havoc","Anger"],"picked":"Spot Weakness","floor":1},{"not_picked":["Hemokinesis","Perfected Strike"],"picked":"Iron Wave","floor":2},{"not_picked":["Thunderclap","Pommel Strike"],"picked":"Uppercut","floor":3},{"not_picked":["Body Slam","Feel No Pain"],"picked":"Shrug It Off","floor":7},{"not_picked":["Spot Weakness","Uppercut"],"picked":"Twin Strike","floor":11},{"not_picked":["Hemokinesis","Headbutt"],"picked":"Armaments","floor":12},{"not_picked":["Anger","True Grit","Rupture"],"picked":"SKIP","floor":14},{"not_picked":["Barricade","Immolate"],"picked":"Limit Break","floor":16},{"not_picked":["Headbutt","Pommel Strike","Iron Wave"],"picked":"SKIP","floor":18},{"not_picked":["Body Slam","Havoc","Burning Pact"],"picked":"SKIP","floor":18},{"not_picked":["Corruption","Headbutt"],"picked":"Dropkick+1","floor":22},{"not_picked":["Hemokinesis","True Grit"],"picked":"Shrug It Off","floor":22},{"not_picked":["Sentinel","Carnage"],"picked":"Ghostly Armor+1","floor":24},{"not_picked":["Dual Wield","Anger+1","Warcry"],"picked":"SKIP","floor":28},{"not_picked":["Bloodletting","Iron Wave+1"],"picked":"Heavy Blade+1","floor":30},{"not_picked":["Body Slam+1","Armaments+1"],"picked":"Pummel+1","floor":30},{"not_picked":["Berserk","Sever Soul+1"],"picked":"Whirlwind+1","floor":31},{"not_picked":["Twin Strike+1","Thunderclap+1","Clash+1"],"picked":"SKIP","floor":31},{"not_picked":["Pommel Strike+1","Dropkick+1"],"picked":"Offering","floor":35},{"not_picked":["Armaments+1","Havoc+1","Clash+1"],"picked":"SKIP","floor":35},{"not_picked":["Rupture+1","Clothesline+1","Warcry"],"picked":"SKIP","floor":37},{"not_picked":["Body Slam+1","Clothesline+1","Perfected Strike+1"],"picked":"SKIP","floor":37},{"not_picked":["Cleave+1","Pommel Strike+1","Second Wind"],"picked":"SKIP","floor":38},{"not_picked":["Carnage+1","Sever Soul+1","Body Slam+1"],"picked":"SKIP","floor":38},{"not_picked":["Body Slam+1","True Grit+1","Iron Wave+1"],"picked":"SKIP","floor":39},{"not_picked":["Anger+1","Cleave+1","Perfected Strike+1"],"picked":"SKIP","floor":39}],"player_experience":105822,"relics_obtained":[{"floor":7,"key":"Art of War"},{"floor":9,"key":"Red Skull"},{"floor":12,"key":"Turnip"},{"floor":14,"key":"Prayer Wheel"},{"floor":20,"key":"Nilry\u0027s Codex"},{"floor":24,"key":"Matryoshka"},{"floor":26,"key":"Molten Egg 2"},{"floor":26,"key":"Darkstone Periapt"},{"floor":28,"key":"Lantern"}],"event_choices":[{"damage_healed":0,"gold_gain":73,"player_choice":"Gained Gold","damage_taken":0,"max_hp_gain":0,"max_hp_loss":0,"event_name":"Golden Wing","floor":4,"gold_loss":0},{"damage_healed":0,"gold_gain":0,"player_choice":"Entered Light","damage_taken":16,"max_hp_gain":0,"max_hp_loss":0,"event_name":"Shining Light","floor":5,"gold_loss":0,"cards_upgraded":["Uppercut","Strike_R"]},{"damage_healed":0,"gold_gain":0,"player_choice":"Box","damage_taken":0,"relics_obtained":["Orichalcum"],"max_hp_gain":0,"max_hp_loss":0,"event_name":"Big Fish","floor":8,"gold_loss":0,"cards_obtained":["Regret"]},{"damage_healed":0,"gold_gain":0,"player_choice":"Inject Mutagens","damage_taken":0,"relics_obtained":["MutagenicStrength"],"max_hp_gain":0,"max_hp_loss":0,"event_name":"Drug Dealer","floor":19,"gold_loss":0},{"damage_healed":0,"gold_gain":0,"player_choice":"Obtained Book","damage_taken":16,"max_hp_gain":0,"max_hp_loss":0,"event_name":"Cursed Tome","floor":20,"gold_loss":0},{"damage_healed":0,"gold_gain":0,"player_choice":"Got Potions","damage_taken":0,"max_hp_gain":0,"max_hp_loss":0,"event_name":"Lab","floor":29,"gold_loss":0},{"damage_healed":0,"gold_gain":0,"player_choice":"Embrace Madness","damage_taken":11,"max_hp_gain":0,"max_hp_loss":0,"event_name":"Winding Halls","floor":36,"gold_loss":0,"cards_obtained":["Madness","Madness"]}],"is_beta":false,"boss_relics":[{"not_picked":["Empty Cage","Snecko Eye"],"picked":"Black Blood"},{"not_picked":["Lizard Tail","Runic Pyramid"],"picked":"Fusion Hammer"}],"items_purged_floors":[21],"is_endless":false,"potions_floor_spawned":[3,7,12,16,22,28,30,31,35,39],"killed_by":"Nemesis","ascension_level":2}