{"gold_per_floor":[114,131,231,78,78,78,112,112,138,170,170,200,200,212,212,309,309,326,345,245,256,272,302,302,302,302,319,319,332,332,332,332,431,431,442,456,469,481,481,481],"floor_reached":40,"playtime":1521,"items_purged":["Strike_R","Strike_R"],"score":631,"play_id":"f6b6136f-278b-4dde-8638-6afa1134850a","local_time":"20190705013011","is_ascension_mode":true,"campfire_choices":[{"data":"strawberrySpire:Incursion","floor":6,"key":"SMITH"},{"data":"Bash","floor":8,"key":"SMITH"},{"data":"Rampage","floor":11,"key":"SMITH"},{"data":"Pommel Strike","floor":13,"key":"SMITH"},{"data":"Defend_R","floor":15,"key":"SMITH"},{"data":"Rage","floor":25,"key":"SMITH"},{"data":"hubris:Fate","floor":30,"key":"SMITH"}],"neow_cost":"NONE","seed_source_timestamp":1167464357069860,"circlet_count":0,"master_deck":["Strike_R","Strike_R","Strike_R","Defend_R+1","Defend_R","Defend_R","Defend_R","Bash+1","strawberrySpire:Incursion+1","Rampage+1","Pommel Strike+1","hubris:ReadiedAction+1","Rage+1","Shrug It Off+1","Offering+1","hubris:Fate+1","Offering+1","vexMod:UltimateCard","Bash","strawberrySpire:FortFortyFour+1","Panacea","infinitespire:Collect","hubris:Fate"],"relics":["Burning Blood","NeowsBlessing","Regal Pillow","Golden Egg","Vajra","Bag of Marbles","Replay:Rubber Ducky","Cursed Key","Happy Flower","ReplayTheSpireMod:SealedPack"],"potions_floor_usage":[10,12,16,35,36,36],"damage_taken":[{"damage":0,"enemies":"Cultist","floor":1,"turns":1},{"damage":0,"enemies":"2 Louse","floor":2,"turns":1},{"damage":0,"enemies":"Lagavulin","floor":7,"turns":1},{"damage":0,"enemies":"Gremlin Nob","floor":10,"turns":2},{"damage":15,"enemies":"strawberrySpire:EnergyPylons","floor":12,"turns":5},{"damage":1,"enemies":"Small Slimes","floor":14,"turns":2},{"damage":12,"enemies":"Slime Boss","floor":16,"turns":6},{"damage":14,"enemies":"Shell Parasite","floor":18,"turns":3},{"damage":0,"enemies":"Chosen","floor":19,"turns":3},{"damage":0,"enemies":"Centurion and Healer","floor":21,"turns":4},{"damage":22,"enemies":"Sentry and Sphere","floor":22,"turns":4},{"damage":21,"enemies":"Replay:Snechameleon","floor":23,"turns":4},{"damage":0,"enemies":"Cultist and Chosen","floor":27,"turns":6},{"damage":9,"enemies":"3 Cultists","floor":29,"turns":5},{"damage":46,"enemies":"conspire:MysteriousRune","floor":33,"turns":7},{"damage":36,"enemies":"3 Darklings","floor":35,"turns":3},{"damage":12,"enemies":"3 Shapes","floor":36,"turns":2},{"damage":24,"enemies":"Jaw Worm Horde","floor":37,"turns":2},{"damage":25,"enemies":"Transient","floor":38,"turns":5},{"damage":8,"enemies":"vexMod:BombBelcher","floor":40,"turns":2}],"seed_played":"-4597199732470600908","potions_obtained":[{"floor":1,"key":"Fire Potion"},{"floor":2,"key":"Block Potion"},{"floor":10,"key":"Energy Potion"},{"floor":22,"key":"FearPotion"},{"floor":27,"key":"FearPotion"},{"floor":29,"key":"Swift Potion"},{"floor":33,"key":"Adrenaline Potion"},{"floor":35,"key":"AttackPotion"},{"floor":37,"key":"Fire Potion"}],"is_trial":false,"path_per_floor":["M","M","?","$","?","R","E","R","T","E","R","E","R","M","R","B",null,"M","M","$","M","M","E","?","R","T","M","AVR","M","R","?","R_BF","B",null,"M","M","M","M","AVR","E"],"character_chosen":"IRONCLAD","items_purchased":["strawberrySpire:Incursion"],"campfire_rested":0,"item_purchase_floors":[4],"current_hp_per_floor":[80,80,80,80,62,62,68,68,68,74,74,65,65,70,70,64,80,72,78,78,80,64,49,75,75,75,80,80,77,77,77,80,40,80,50,44,26,7,7,0],"gold":481,"neow_bonus":"THREE_ENEMY_KILL","is_prod":false,"is_daily":false,"chose_seed":false,"campfire_upgraded":7,"win_rate":0,"timestamp":1562286611,"path_taken":["M","?","?","$","?","R","E","R","T","E","R","E","R","M","R","BOSS","M","M","$","M","M","E","?","R","T","M","AVR","?","R","?","R_BF","BOSS","M","M","M","M","AVR","E"],"build_version":"2019-07-01","purchased_purges":2,"victory":false,"max_hp_per_floor":[80,80,80,80,80,80,80,80,80,80,80,80,80,80,80,80,80,80,80,80,80,80,80,80,80,80,80,80,80,80,80,80,80,80,80,80,80,80,80,80],"card_choices":[{"not_picked":["Heavy Blade","strawberrySpire:ZonePlayer","Havoc"],"picked":"SKIP","floor":1},{"not_picked":["Headbutt","vexMod:GroundPound","Disarm"],"picked":"SKIP","floor":2},{"not_picked":["ReplayTheSpireMod:Strike From Hell","Replay:Undeath\u0027s Touch","ReplayTheSpireMod:LeadingStrike"],"picked":"SKIP","floor":7},{"not_picked":["ReplayTheSpireMod:Strike From Hell","Replay:Undeath\u0027s Touch","ReplayTheSpireMod:LeadingStrike"],"picked":"SKIP","floor":7},{"not_picked":["Wild Strike","Iron Wave"],"picked":"Rampage","floor":10},{"not_picked":["Feel No Pain","strawberrySpire:CrashLanding"],"picked":"Pommel Strike","floor":12},{"not_picked":["ReplayTheSpireMod:Strike From Hell","strawberrySpire:Aggression","Run Through"],"picked":"SKIP","floor":14},{"not_picked":["Armaments","Infernal Blade","Metallicize"],"picked":"SKIP","floor":18},{"not_picked":["Wild Strike","Flex"],"picked":"hubris:ReadiedAction+1","floor":19},{"not_picked":["Metallicize+1","Clothesline+1","Massacre"],"picked":"SKIP","floor":21},{"not_picked":["Run Through","Armaments"],"picked":"Rage","floor":22},{"not_picked":["Disarm","Perfected Strike+1"],"picked":"Shrug It Off+1","floor":23},{"not_picked":["strawberrySpire:FireDrill","True Grit"],"picked":"Offering","floor":27},{"not_picked":["Armaments","Warcry+1","ReplayTheSpireMod:Strike From Hell"],"picked":"SKIP","floor":29},{"not_picked":["Hemogenesis","vexMod:StrikeStorm"],"picked":"Offering","floor":33},{"not_picked":["hubris:MerchantsHand","Dualcast"],"picked":"Bash","floor":34},{"not_picked":["Eclipse","Brutality"],"picked":"strawberrySpire:FortFortyFour","floor":34},{"not_picked":["strawberrySpire:NeglectedBlade","Mind Blast"],"picked":"Panacea","floor":34},{"not_picked":["infinitespire:Fortify","ReplayTheSpireMod:Echoes of Time"],"picked":"infinitespire:Collect","floor":34},{"not_picked":["Searing Blow+1","hubris:ReadiedAction","Anger"],"picked":"SKIP","floor":35},{"not_picked":["Ghostly Armor","Hemokinesis","vexMod:GroundPound"],"picked":"SKIP","floor":36},{"not_picked":["Ghostly Armor","Hemokinesis","vexMod:GroundPound"],"picked":"SKIP","floor":36},{"not_picked":["Cleave+1","Replay:Undeath\u0027s Touch","True Grit"],"picked":"SKIP","floor":37},{"not_picked":["Thunderclap+1","Perfected Strike","strawberrySpire:Endurance"],"picked":"SKIP","floor":38}],"player_experience":167075,"relics_obtained":[{"floor":7,"key":"Golden Egg"},{"floor":9,"key":"Vajra"},{"floor":10,"key":"Bag of Marbles"},{"floor":12,"key":"Replay:Rubber Ducky"},{"floor":23,"key":"Happy Flower"}],"event_choices":[{"damage_healed":0,"gold_gain":0,"player_choice":"Success","damage_taken":18,"relics_obtained":["Regal Pillow"],"max_hp_gain":0,"max_hp_loss":0,"event_name":"Scrap Ooze","floor":5,"gold_loss":0},{"damage_healed":26,"gold_gain":0,"player_choice":"Heal","damage_taken":0,"max_hp_gain":0,"max_hp_loss":0,"event_name":"The Library","floor":24,"gold_loss":0},{"damage_healed":0,"gold_gain":0,"player_choice":"Ignored","damage_taken":0,"max_hp_gain":0,"max_hp_loss":0,"event_name":"Vampires","floor":31,"gold_loss":0}],"is_beta":false,"boss_relics":[{"not_picked":["Abe\u0027s Treasure","hubris:ScarierMask"],"picked":"Cursed Key"},{"not_picked":["hubris:GrandSneckoEye","Replay:Wanted Poster"],"picked":"ReplayTheSpireMod:SealedPack"}],"items_purged_floors":[4,20],"is_endless":false,"potions_floor_spawned":[1,2,10,22,27,29,33,35,37],"killed_by":"vexMod:BombBelcher","ascension_level":4}