{"gold_per_floor":[367,367,367,128,147,175,20,45,45,61,93,93,119,130,130,225,225,238,253,264,280,297,297,326,47,47,47,47,78,78,109,109,109],"floor_reached":33,"playtime":2057,"items_purged":["Decay"],"score":483,"play_id":"8a7b7b63-cdeb-40c9-a82a-69d13a30556a","local_time":"20190718182358","is_ascension_mode":true,"campfire_choices":[{"data":"Bash","floor":15,"key":"SMITH"},{"data":"Armaments","floor":23,"key":"SMITH"},{"data":"Sentinel","floor":27,"key":"SMITH"},{"floor":30,"key":"REST"},{"floor":32,"key":"REST"}],"neow_cost":"CURSE","seed_source_timestamp":25900101136900,"circlet_count":0,"master_deck":["Strike_R+1","Strike_R","Strike_R+1","Strike_R","Defend_R","Defend_R","Defend_R","Defend_R","Bash+1","Iron Wave+1","Burning Pact","Bludgeon+1","Headbutt","Offering","Panacea","Sentinel+1","Cleave+1","Hemokinesis","Double Tap","Uppercut+1","Dual Wield","Armaments+1","Sentinel","Offering","Exhume"],"relics":["Burning Blood","Shuriken","Kunai","Sundial","Whetstone","Oddly Smooth Stone","Runic Pyramid","Frozen Egg 2","Medical Kit","Nloth\u0027s Gift","Anchor","Ornamental Fan"],"potions_floor_usage":[8,11,20,24,24,33,33],"damage_taken":[{"damage":0,"enemies":"Small Slimes","floor":1,"turns":3},{"damage":0,"enemies":"Cultist","floor":5,"turns":2},{"damage":16,"enemies":"Gremlin Nob","floor":6,"turns":3},{"damage":26,"enemies":"3 Sentries","floor":8,"turns":5},{"damage":6,"enemies":"Jaw Worm","floor":10,"turns":1},{"damage":13,"enemies":"Lagavulin","floor":11,"turns":3},{"damage":11,"enemies":"Gremlin Nob","floor":13,"turns":3},{"damage":0,"enemies":"Large Slime","floor":14,"turns":3},{"damage":32,"enemies":"The Guardian","floor":16,"turns":7},{"damage":0,"enemies":"Spheric Guardian","floor":18,"turns":3},{"damage":8,"enemies":"Shell Parasite","floor":19,"turns":3},{"damage":9,"enemies":"Chosen and Byrds","floor":20,"turns":3},{"damage":6,"enemies":"Shelled Parasite and Fungi","floor":21,"turns":2},{"damage":25,"enemies":"Cultist and Chosen","floor":22,"turns":5},{"damage":16,"enemies":"Book of Stabbing","floor":24,"turns":2},{"damage":30,"enemies":"Slavers","floor":29,"turns":4},{"damage":15,"enemies":"Gremlin Leader","floor":31,"turns":3},{"damage":75,"enemies":"Collector","floor":33,"turns":7}],"seed_played":"-4761862995146751935","potions_obtained":[{"floor":1,"key":"BloodPotion"},{"floor":5,"key":"Poison Potion"},{"floor":14,"key":"Block Potion"},{"floor":16,"key":"SteroidPotion"},{"floor":20,"key":"Ancient Potion"},{"floor":21,"key":"GamblersBrew"},{"floor":22,"key":"Fire Potion"},{"floor":31,"key":"Dexterity Potion"}],"is_trial":false,"path_per_floor":["M","?","?","$","M","E","$","E","T","M","E","?","E","M","R","B",null,"M","M","M","M","M","R","E","$","T","R","?","E","R","E","R","B"],"character_chosen":"IRONCLAD","items_purchased":["Bludgeon","Panacea","Regen Potion","Medical Kit","Sentinel"],"campfire_rested":2,"item_purchase_floors":[4,7,7,25,25],"current_hp_per_floor":[78,62,62,62,68,58,58,52,52,52,45,45,40,46,46,20,65,71,69,66,66,47,47,57,57,57,57,57,33,57,48,72,0],"gold":109,"neow_bonus":"TWO_FIFTY_GOLD","is_prod":false,"is_daily":false,"chose_seed":false,"campfire_upgraded":3,"win_rate":0,"timestamp":1563488638,"path_taken":["M","?","?","$","?","E","$","E","T","M","E","?","E","M","R","BOSS","M","M","?","M","M","R","E","$","T","R","?","E","R","E","R","BOSS"],"build_version":"2019-07-17","purchased_purges":1,"victory":false,"max_hp_per_floor":[80,80,80,80,80,80,80,80,80,80,80,80,80,80,80,80,80,80,80,80,80,80,80,80,80,80,80,80,80,80,80,80,80],"card_choices":[{"not_picked":["Pommel Strike","Infernal Blade"],"picked":"Iron Wave","floor":1},{"not_picked":["Disarm","Twin Strike"],"picked":"Headbutt","floor":5},{"not_picked":["Seeing Red","Anger"],"picked":"Offering","floor":6},{"not_picked":["Heavy Blade","Rupture"],"picked":"Sentinel","floor":8},{"not_picked":["Pummel","Rampage"],"picked":"Cleave","floor":10},{"not_picked":["Metallicize","Burning Pact"],"picked":"Hemokinesis","floor":11},{"not_picked":["Headbutt","Body Slam","Combust"],"picked":"SKIP","floor":13},{"not_picked":["Body Slam","Warcry","Perfected Strike"],"picked":"SKIP","floor":14},{"not_picked":["Dark Embrace","Immolate"],"picked":"Double Tap","floor":16},{"not_picked":["Wild Strike+1","True Grit","Twin Strike"],"picked":"SKIP","floor":18},{"not_picked":["Warcry","Wild Strike"],"picked":"Uppercut+1","floor":19},{"not_picked":["Whirlwind","Sword Boomerang"],"picked":"Dual Wield","floor":20},{"not_picked":["Clash","Wild Strike","Combust+1"],"picked":"SKIP","floor":21},{"not_picked":["Reaper","Heavy Blade"],"picked":"Armaments","floor":22},{"not_picked":["Ghostly Armor","Twin Strike","Iron Wave+1"],"picked":"SKIP","floor":24},{"not_picked":["Demon Form+1","Flame Barrier+1"],"picked":"Offering","floor":29},{"not_picked":["Perfected Strike+1","Iron Wave"],"picked":"Exhume","floor":31}],"player_experience":249833,"relics_obtained":[{"floor":6,"key":"Shuriken"},{"floor":8,"key":"Kunai"},{"floor":9,"key":"Sundial"},{"floor":11,"key":"Whetstone"},{"floor":13,"key":"Oddly Smooth Stone"},{"floor":24,"key":"Frozen Egg 2"},{"floor":26,"key":"Magic Flower"},{"floor":29,"key":"Anchor"},{"floor":31,"key":"Ornamental Fan"}],"event_choices":[{"damage_healed":0,"gold_gain":0,"player_choice":"Entered Light","damage_taken":16,"max_hp_gain":0,"max_hp_loss":0,"event_name":"Shining Light","floor":2,"gold_loss":0,"cards_upgraded":["Strike_R","Iron Wave"]},{"damage_healed":0,"gold_gain":0,"cards_transformed":["Strike_R"],"player_choice":"Transformed","damage_taken":0,"max_hp_gain":0,"max_hp_loss":0,"event_name":"Transmorgrifier","floor":3,"gold_loss":0,"cards_obtained":["Burning Pact"]},{"damage_healed":0,"gold_gain":0,"player_choice":"Forge","damage_taken":0,"max_hp_gain":0,"max_hp_loss":0,"event_name":"Accursed Blacksmith","floor":12,"gold_loss":0,"cards_upgraded":["Bludgeon"]},{"damage_healed":0,"gold_gain":0,"player_choice":"Traded Relic","damage_taken":0,"relics_obtained":["Nloth\u0027s Gift"],"max_hp_gain":0,"max_hp_loss":0,"event_name":"N\u0027loth","floor":28,"relics_lost":["Magic Flower"],"gold_loss":0}],"is_beta":false,"boss_relics":[{"not_picked":["Empty Cage","Tiny House"],"picked":"Runic Pyramid"}],"items_purged_floors":[4],"is_endless":false,"potions_floor_spawned":[1,5,14,16,20,21,22,31],"killed_by":"Collector","ascension_level":7}