{"gold_per_floor":[109,125,142,102,121,121,154,154,235,267,267,280,310,310,310,310],"floor_reached":16,"playtime":479,"items_purged":[],"score":240,"play_id":"afd91bd3-e958-4171-b109-1db1b8ba6f4a","local_time":"20190512032327","is_ascension_mode":true,"campfire_choices":[{"data":"Adrenaline","floor":6,"key":"SMITH"},{"data":"Night Terror","floor":8,"key":"SMITH"},{"floor":11,"key":"REST"},{"data":"Dagger Spray","floor":15,"key":"SMITH"}],"neow_cost":"NONE","seed_source_timestamp":551996831511599,"circlet_count":0,"master_deck":["AscendersBane","Defend_G","Defend_G","Defend_G","Defend_G","Defend_G","Strike_G","Strike_G","Strike_G","Strike_G","Strike_G","Survivor","Neutralize","Night Terror+1","Dagger Throw","Concentrate","Dagger Spray+1","Adrenaline+1","Escape Plan","Quick Slash","PiercingWail","Tactician","Escape Plan"],"special_seed":0,"relics":["Ring of the Snake","WingedGreaves","Ninja Scroll","Blood Vial","Potion Belt","FaceOfCleric"],"potions_floor_usage":[7,7,10,13],"damage_taken":[{"damage":3.0,"enemies":"Cultist","floor":1.0,"turns":4.0},{"damage":10.0,"enemies":"Small Slimes","floor":2.0,"turns":5.0},{"damage":0.0,"enemies":"Jaw Worm","floor":3.0,"turns":4.0},{"damage":0.0,"enemies":"Looter","floor":4.0,"turns":4.0},{"damage":3,"enemies":"3 Louse","floor":5,"turns":4},{"damage":3,"enemies":"Lagavulin","floor":7,"turns":6},{"damage":11,"enemies":"Gremlin Nob","floor":10,"turns":3},{"damage":2,"enemies":"Gremlin Gang","floor":12,"turns":4},{"damage":21,"enemies":"Lagavulin","floor":13,"turns":8},{"damage":31,"enemies":"Slime Boss","floor":16,"turns":6}],"seed_played":"4043047114538992764","potions_obtained":[{"floor":2.0,"key":"SteroidPotion"},{"floor":5,"key":"Block Potion"},{"floor":7,"key":"AttackPotion"},{"floor":10,"key":"AttackPotion"}],"is_trial":false,"path_per_floor":["M","M","M","M","M","R","E","R","T","E","R","M","E","?","R","B"],"character_chosen":"THE_SILENT","items_purchased":[],"campfire_rested":1,"item_purchase_floors":[],"current_hp_per_floor":[56,46,46,46,43,43,40,40,40,29,48,48,29,29,29,0],"gold":310,"neow_bonus":"ONE_RANDOM_RARE_CARD","is_prod":false,"is_daily":false,"chose_seed":false,"campfire_upgraded":3,"win_rate":0,"timestamp":1557599007,"path_taken":["M","M","M","M","M","R","E","R","T","E","R","M","E","?","R","BOSS"],"build_version":"2019-01-23","purchased_purges":0,"victory":false,"max_hp_per_floor":[66,66,66,66,66,66,66,66,66,66,66,66,66,66,66,66],"card_choices":[{"not_picked":["PiercingWail","Reflex"],"picked":"Dagger Throw","floor":1.0},{"not_picked":["Outmaneuver","Bane"],"picked":"Concentrate","floor":2.0},{"not_picked":["Flying Knee","Sucker Punch"],"picked":"Dagger Spray","floor":3.0},{"not_picked":["Slice","Backflip"],"picked":"Adrenaline","floor":4.0},{"not_picked":["Dodge and Roll","Quick Slash"],"picked":"Escape Plan","floor":5},{"not_picked":["Distraction","Flying Knee"],"picked":"Quick Slash","floor":7},{"not_picked":["Dagger Throw","Flying Knee"],"picked":"PiercingWail","floor":10},{"not_picked":["Masterful Stab","Blur"],"picked":"Tactician","floor":12},{"not_picked":["Terror","PiercingWail"],"picked":"Escape Plan","floor":13}],"player_experience":4996728,"relics_obtained":[{"floor":7,"key":"WingedGreaves"},{"floor":9,"key":"Ninja Scroll"},{"floor":10,"key":"Blood Vial"},{"floor":13,"key":"Potion Belt"}],"event_choices":[{"damage_healed":0,"gold_gain":0,"player_choice":"Trade","damage_taken":0,"relics_obtained":["FaceOfCleric"],"max_hp_gain":0,"max_hp_loss":0,"event_name":"FaceTrader","floor":14,"gold_loss":0}],"is_beta":false,"boss_relics":[],"items_purged_floors":[],"is_endless":false,"potions_floor_spawned":[2,5,7,10],"killed_by":"Slime Boss","ascension_level":20}