{"gold_per_floor":[114,114,128,138,158,158,191,116,116,116,16,29,54,74,74,151,151,166,178,192,117,130,147,147,174,198,198,218,218,238,153,153,231,281,297,297,316,327,345,374,374,408,408,437,452,480,51,66,66,66,66,66,66,9,43,43],"floor_reached":56,"playtime":3272,"items_purged":["Strike_G","Defend_G","Strike_G"],"score":2181,"play_id":"ebadfc63-927f-4cb0-b7ac-808e5125548f","local_time":"20190419033823","is_ascension_mode":true,"campfire_choices":[{"data":"Juggernaut","floor":6.0,"key":"SMITH"},{"data":"Well Laid Plans","floor":15.0,"key":"SMITH"},{"floor":24.0,"key":"REST"},{"data":"Neutralize","floor":27.0,"key":"SMITH"},{"data":"Prepared","floor":29.0,"key":"SMITH"},{"data":"Tactician","floor":32.0,"key":"SMITH"},{"floor":41.0,"key":"REST"},{"floor":49.0,"key":"RECALL"},{"data":"Acrobatics","floor":53.0,"key":"SMITH"}],"neow_cost":"","seed_source_timestamp":181322476370300,"circlet_count":0,"master_deck":["Survivor","Defend_G+1","Defend_G","Defend_G","Defend_G","Strike_G","Neutralize+1","Juggernaut+1","Cloak And Dagger","Well Laid Plans+1","Backstab","Quick Slash","Die Die Die","Tactician+1","Expertise","Adrenaline","Calculated Gamble+1","Crippling Poison","Prepared+1","Acrobatics+1","Acrobatics+1"],"special_seed":0,"relics":["Ring of the Snake","Bottled Tornado","Boot","Pantograph","CultistMask","Bird Faced Urn","Philosopher\u0027s Stone","Letter Opener","Ancient Tea Set","Pear","Tiny House","PreservedInsect","Thread and Needle","Bag of Preparation","Pen Nib","Sundial","Ornamental Fan"],"potions_floor_usage":[56,56],"damage_taken":[{"damage":9.0,"enemies":"Small Slimes","floor":1.0,"turns":5.0},{"damage":0.0,"enemies":"Cultist","floor":3.0,"turns":4.0},{"damage":0.0,"enemies":"2 Louse","floor":4.0,"turns":3.0},{"damage":9.0,"enemies":"Gremlin Gang","floor":5.0,"turns":5.0},{"damage":14.0,"enemies":"Lagavulin","floor":7.0,"turns":6.0},{"damage":0.0,"enemies":"Exordium Wildlife","floor":12.0,"turns":1.0},{"damage":2.0,"enemies":"3 Sentries","floor":13.0,"turns":5.0},{"damage":0.0,"enemies":"Large Slime","floor":14.0,"turns":4.0},{"damage":52.0,"enemies":"Hexaghost","floor":16.0,"turns":11.0},{"damage":26.0,"enemies":"3 Byrds","floor":18.0,"turns":3.0},{"damage":6.0,"enemies":"Shell Parasite","floor":19.0,"turns":3.0},{"damage":2.0,"enemies":"3 Cultists","floor":20.0,"turns":4.0},{"damage":26.0,"enemies":"Shelled Parasite and Fungi","floor":22.0,"turns":4.0},{"damage":11.0,"enemies":"Cultist and Chosen","floor":23.0,"turns":5.0},{"damage":6.0,"enemies":"Book of Stabbing","floor":25.0,"turns":5.0},{"damage":0.0,"enemies":"3 Cultists","floor":28.0,"turns":4.0},{"damage":6.0,"enemies":"Snecko","floor":30.0,"turns":3.0},{"damage":41.0,"enemies":"Collector","floor":33.0,"turns":8.0},{"damage":3.0,"enemies":"3 Darklings","floor":35.0,"turns":3.0},{"damage":0.0,"enemies":"Orb Walker","floor":37.0,"turns":3.0},{"damage":6.0,"enemies":"Spire Growth","floor":38.0,"turns":4.0},{"damage":22.0,"enemies":"Maw","floor":39.0,"turns":7.0},{"damage":27.0,"enemies":"Reptomancer","floor":40.0,"turns":8.0},{"damage":59.0,"enemies":"Nemesis","floor":42.0,"turns":7.0},{"damage":11.0,"enemies":"Reptomancer","floor":44.0,"turns":5.0},{"damage":2.0,"enemies":"Jaw Worm Horde","floor":45.0,"turns":3.0},{"damage":3.0,"enemies":"Nemesis","floor":46.0,"turns":3.0},{"damage":0.0,"enemies":"Transient","floor":48.0,"turns":6.0},{"damage":0.0,"enemies":"Awakened One","floor":50.0,"turns":3.0},{"damage":68.0,"enemies":"Time Eater","floor":51.0,"turns":12.0},{"damage":0.0,"enemies":"Shield and Spear","floor":55.0,"turns":1.0},{"damage":106,"enemies":"The Heart","floor":56,"turns":3}],"seed_played":"-8292590589639512954","potions_obtained":[{"floor":2.0,"key":"FairyPotion"},{"floor":2.0,"key":"SpeedPotion"},{"floor":4.0,"key":"Dexterity Potion"},{"floor":7.0,"key":"Fruit Juice"},{"floor":12.0,"key":"Swift Potion"},{"floor":20.0,"key":"EssenceOfSteel"},{"floor":28.0,"key":"GamblersBrew"},{"floor":30.0,"key":"GhostInAJar"},{"floor":34.0,"key":"LiquidBronze"},{"floor":35.0,"key":"Fruit Juice"},{"floor":37.0,"key":"Energy Potion"},{"floor":44.0,"key":"Strength Potion"},{"floor":45.0,"key":"SpeedPotion"}],"is_trial":true,"path_per_floor":["M","?","M","M","M","R","E","$","T","?","$","M","E","M","R","B",null,"M","M","M","?","M","M","R","E","T","R","M","R","M","?","R","B",null,"M","?","M","M","M","E","R","E","T","E","M","E","$","M","R","B","B",null,"R","$","E","B"],"character_chosen":"THE_SILENT","items_purchased":["Sundial","Acrobatics","Swift Potion"],"campfire_rested":2,"item_purchase_floors":[47,47,54],"current_hp_per_floor":[50,50,50,50,41,41,32,32,32,32,32,32,30,34,34,11,56,34,32,34,34,12,5,26,24,24,24,28,28,26,36,36,24,72,78,78,82,80,62,39,66,11,11,4,6,7,7,11,11,40,1,69,69,69,73,0],"gold":43,"neow_bonus":"","is_prod":false,"is_daily":false,"chose_seed":false,"campfire_upgraded":6,"win_rate":0,"timestamp":1555612703,"path_taken":["M","?","M","M","M","R","E","?","T","?","$","?","E","M","R","BOSS","M","?","M","?","M","M","R","E","T","R","M","R","M","?","R","BOSS","M","?","?","M","M","E","R","E","T","E","M","E","$","M","R","BOSS","BOSS","R","$","E","BOSS"],"build_version":"2019-01-23","purchased_purges":3,"victory":false,"max_hp_per_floor":[66,66,66,66,66,66,71,71,71,71,71,71,71,71,71,71,71,71,71,71,71,71,71,71,71,71,71,71,71,71,81,81,81,86,91,91,91,91,91,91,91,91,91,91,91,91,91,91,91,91,91,91,91,91,91,91],"card_choices":[{"not_picked":["Blade Dance","Sucker Punch"],"picked":"Cloak And Dagger","floor":1.0},{"not_picked":["Masterful Stab","Poisoned Stab"],"picked":"Well Laid Plans","floor":3.0},{"not_picked":["Dagger Throw","Quick Slash"],"picked":"Backstab","floor":4.0},{"not_picked":["Prepared","Poisoned Stab"],"picked":"Quick Slash","floor":5.0},{"not_picked":["Acrobatics","All Out Attack"],"picked":"Die Die Die","floor":7.0},{"not_picked":["Distraction","Bane","Slice"],"picked":"SKIP","floor":12.0},{"not_picked":["Caltrops","Sucker Punch"],"picked":"Tactician","floor":13.0},{"not_picked":["Deadly Poison","Choke"],"picked":"Expertise","floor":14.0},{"not_picked":["Night Terror","Malaise"],"picked":"Adrenaline","floor":16.0},{"not_picked":["Blade Dance","Slice"],"picked":"Calculated Gamble+1","floor":18.0},{"not_picked":["Deflect","Tactician","Deadly Poison+1"],"picked":"SKIP","floor":19.0},{"not_picked":["Caltrops","Noxious Fumes","Sucker Punch"],"picked":"SKIP","floor":20.0},{"not_picked":["Catalyst","Sucker Punch"],"picked":"Crippling Poison","floor":22.0},{"not_picked":["Dagger Throw","Flechettes","Dagger Spray"],"picked":"SKIP","floor":23.0},{"not_picked":["Accuracy","Deflect","Riddle With Holes"],"picked":"SKIP","floor":25.0},{"not_picked":["Noxious Fumes","Grand Finale"],"picked":"Prepared","floor":28.0},{"not_picked":["Underhanded Strike","Flying Knee","Infinite Blades"],"picked":"SKIP","floor":30.0},{"not_picked":["Poisoned Stab","Outmaneuver","Underhanded Strike"],"picked":"SKIP","floor":35.0},{"not_picked":["Deadly Poison","Bane","Prepared"],"picked":"SKIP","floor":37.0},{"not_picked":["Deadly Poison","Dagger Throw","Poisoned Stab+1"],"picked":"SKIP","floor":38.0},{"not_picked":["Flying Knee","Cloak And Dagger+1","Outmaneuver"],"picked":"SKIP","floor":39.0},{"not_picked":["Skewer+1","Poisoned Stab+1","Setup"],"picked":"SKIP","floor":40.0},{"not_picked":["Leg Sweep","Dagger Throw","Deadly Poison"],"picked":"SKIP","floor":42.0},{"not_picked":["Burst","Outmaneuver"],"picked":"Acrobatics+1","floor":44.0},{"not_picked":["Quick Slash","Poisoned Stab","Flying Knee+1"],"picked":"SKIP","floor":45.0},{"not_picked":["Deadly Poison+1","Dagger Throw+1","Bane"],"picked":"SKIP","floor":46.0},{"not_picked":["Dash","Blade Dance+1","Unload"],"picked":"SKIP","floor":48.0},{"not_picked":["Infinite Blades","Dagger Spray","Outmaneuver"],"picked":"SKIP","floor":55.0}],"player_experience":4841577,"relics_obtained":[{"floor":7.0,"key":"Boot"},{"floor":9.0,"key":"Pantograph"},{"floor":13.0,"key":"Bird Faced Urn"},{"floor":25.0,"key":"Letter Opener"},{"floor":26.0,"key":"Ancient Tea Set"},{"floor":40.0,"key":"PreservedInsect"},{"floor":42.0,"key":"Thread and Needle"},{"floor":44.0,"key":"Bag of Preparation"},{"floor":46.0,"key":"Pen Nib"},{"floor":55.0,"key":"Ornamental Fan"}],"event_choices":[{"damage_healed":0.0,"max_hp_gain":0.0,"max_hp_loss":0.0,"gold_gain":0.0,"event_name":"Lab","player_choice":"Got Potions","floor":2.0,"gold_loss":0.0,"damage_taken":0.0},{"damage_healed":0.0,"max_hp_gain":0.0,"max_hp_loss":0.0,"gold_gain":0.0,"event_name":"FaceTrader","player_choice":"Trade","floor":10.0,"gold_loss":0.0,"damage_taken":0.0,"relics_obtained":["CultistMask"]},{"cards_removed":["Strike_G"],"damage_healed":0.0,"max_hp_gain":0.0,"max_hp_loss":0.0,"gold_gain":0.0,"event_name":"Beggar","player_choice":"Gave Gold","floor":21.0,"gold_loss":75.0,"damage_taken":0.0},{"damage_healed":0.0,"max_hp_gain":0.0,"max_hp_loss":0.0,"gold_gain":0.0,"event_name":"Addict","player_choice":"Obtained Relic","floor":31.0,"gold_loss":85.0,"damage_taken":0.0,"relics_obtained":["Pear"]},{"cards_removed":["Strike_G"],"damage_healed":0.0,"max_hp_gain":0.0,"max_hp_loss":0.0,"gold_gain":0.0,"event_name":"Purifier","player_choice":"Purged","floor":36.0,"gold_loss":0.0,"damage_taken":0.0}],"is_beta":false,"boss_relics":[{"not_picked":["Busted Crown","Fusion Hammer"],"picked":"Philosopher\u0027s Stone"},{"not_picked":["HoveringKite","Lizard Tail"],"picked":"Tiny House"}],"items_purged_floors":[8,11,47],"is_endless":false,"potions_floor_spawned":[4,7,12,13,20,28,30,35,37,39,44,45,46],"killed_by":"The Heart","ascension_level":20}