{"gold_per_floor":[115,130,144,144,155,155,184,194,194,194,212,247,247,194,194,268,268,283,283,299,312,2,2,20,20,20,32,32],"floor_reached":28,"playtime":821,"items_purged":[],"score":464,"play_id":"1d867ec1-0b45-4810-bd25-c08723516ab4","local_time":"20190626231458","is_ascension_mode":true,"campfire_choices":[{"data":"Zap","floor":6,"key":"SMITH"},{"data":"Consume","floor":10,"key":"SMITH"},{"floor":15,"key":"REST"},{"floor":23,"key":"REST"}],"neow_cost":"NONE","seed_source_timestamp":707350731331300,"circlet_count":0,"master_deck":["AscendersBane","Strike_B","Strike_B","Defend_B","Defend_B","Defend_B","Zap+1","Dualcast","Cold Snap","Rebound","FTL","Core Surge","Consume+1","Coolheaded","Defragment","Hyperbeam","Steam Power+1","Aggregate","White Noise","Defragment","Self Repair","Rip and Tear","Conserve Battery","Gash+1"],"relics":["Cracked Core","NeowsBlessing","Ancient Tea Set","Pear","Sundial","Nuclear Battery","Runic Capacitor"],"potions_floor_usage":[7,18,21,24],"damage_taken":[{"damage":0,"enemies":"Cultist","floor":1,"turns":1},{"damage":0,"enemies":"Jaw Worm","floor":2,"turns":1},{"damage":0,"enemies":"Small Slimes","floor":3,"turns":1},{"damage":3,"enemies":"Blue Slaver","floor":5,"turns":4},{"damage":18,"enemies":"Lagavulin","floor":7,"turns":6},{"damage":7,"enemies":"Looter","floor":8,"turns":3},{"damage":5,"enemies":"Exordium Thugs","floor":11,"turns":4},{"damage":34,"enemies":"Gremlin Nob","floor":12,"turns":4},{"damage":4,"enemies":"The Guardian","floor":16,"turns":13},{"damage":0,"enemies":"Spheric Guardian","floor":18,"turns":4},{"damage":20,"enemies":"3 Byrds","floor":20,"turns":5},{"damage":13,"enemies":"Cultist and Chosen","floor":21,"turns":9},{"damage":27,"enemies":"Sentry and Sphere","floor":24,"turns":9},{"damage":26,"enemies":"3 Cultists","floor":27,"turns":5},{"damage":20,"enemies":"Snake Plant","floor":28,"turns":2}],"seed_played":"5290033619203063758","potions_obtained":[{"floor":3,"key":"FairyPotion"},{"floor":5,"key":"Energy Potion"},{"floor":11,"key":"Ancient Potion"},{"floor":16,"key":"Swift Potion"},{"floor":18,"key":"GamblersBrew"},{"floor":21,"key":"Dexterity Potion"},{"floor":24,"key":"LiquidBronze"}],"is_trial":false,"path_per_floor":["M","M","M","?","M","R","E","M","T","R","M","E","?","?","R","B",null,"M","?","M","M","$","R","M","$","T","M","M"],"character_chosen":"DEFECT","items_purchased":["Runic Capacitor","Rip and Tear","Conserve Battery"],"campfire_rested":2,"item_purchase_floors":[22,22,22],"current_hp_per_floor":[64,64,64,57,54,54,36,29,39,39,34,8,3,3,27,23,67,67,67,47,34,34,58,38,38,38,19,0],"gold":32,"neow_bonus":"THREE_ENEMY_KILL","is_prod":false,"is_daily":false,"chose_seed":false,"campfire_upgraded":2,"win_rate":0,"timestamp":1561558498,"path_taken":["M","M","M","?","M","R","E","M","T","R","M","E","?","?","R","BOSS","M","?","M","M","$","R","M","$","T","M","M"],"build_version":"2019-01-23","purchased_purges":0,"victory":false,"max_hp_per_floor":[71,71,71,71,71,71,71,71,81,81,81,81,81,81,81,81,81,81,81,81,81,81,81,81,81,81,81,81],"card_choices":[{"not_picked":["Turbo","Chill"],"picked":"Cold Snap","floor":1},{"not_picked":["Go for the Eyes","Coolheaded"],"picked":"Rebound","floor":2},{"not_picked":["Conserve Battery","Blizzard"],"picked":"FTL","floor":3},{"not_picked":["Turbo","Redo","Force Field"],"picked":"SKIP","floor":5},{"not_picked":["Undo","Go for the Eyes"],"picked":"Core Surge","floor":7},{"not_picked":["FTL","Streamline"],"picked":"Consume","floor":8},{"not_picked":["Ball Lightning","Hello World"],"picked":"Coolheaded","floor":11},{"not_picked":["Sweeping Beam","Double Energy"],"picked":"Defragment","floor":12},{"not_picked":["Rainbow","Multi-Cast"],"picked":"Hyperbeam","floor":16},{"not_picked":["Turbo","Tempest"],"picked":"Steam Power+1","floor":18},{"not_picked":["Barrage","Cold Snap"],"picked":"Defragment","floor":20},{"not_picked":["Streamline","Undo"],"picked":"Self Repair","floor":21},{"not_picked":["Storm","Stack","Rebound"],"picked":"SKIP","floor":24},{"not_picked":["Steam","Sweeping Beam"],"picked":"Gash+1","floor":27}],"player_experience":5496320,"relics_obtained":[{"floor":7,"key":"Ancient Tea Set"},{"floor":9,"key":"Pear"},{"floor":12,"key":"Sundial"}],"event_choices":[{"cards_removed":["Strike_B"],"damage_healed":0,"gold_gain":0,"player_choice":"Card Removal","damage_taken":7,"max_hp_gain":0,"max_hp_loss":0,"event_name":"Golden Wing","floor":4,"gold_loss":0},{"damage_healed":0,"gold_gain":0,"player_choice":"Fled","damage_taken":5,"max_hp_gain":0,"max_hp_loss":0,"event_name":"Scrap Ooze","floor":13,"gold_loss":0},{"damage_healed":0,"gold_gain":0,"player_choice":"Left Gold","damage_taken":0,"max_hp_gain":0,"max_hp_loss":0,"event_name":"World of Goop","floor":14,"gold_loss":53},{"damage_healed":0,"gold_gain":0,"cards_transformed":["Strike_B","Defend_B"],"player_choice":"Became Test Subject","damage_taken":0,"max_hp_gain":0,"max_hp_loss":0,"event_name":"Drug Dealer","floor":19,"gold_loss":0,"cards_obtained":["Aggregate","White Noise"]}],"is_beta":false,"boss_relics":[{"not_picked":["Orrery","Philosopher\u0027s Stone"],"picked":"Nuclear Battery"}],"items_purged_floors":[],"is_endless":false,"potions_floor_spawned":[3,5,11,16,18,21,24],"killed_by":"Snake Plant","ascension_level":20}