{"gold_per_floor":[16,166,166,8,27,27,60,60,113,113,148,172,96,120,120,214,214,235,235,285,299,199,224,262,262,262,300,300,300,300,324,324,324],"floor_reached":33,"playtime":968,"items_purged":["Doubt","Strike_B"],"score":582,"play_id":"65a7ac97-d615-498a-9bb2-911cbe3fbbad","local_time":"20190629022614","is_ascension_mode":true,"campfire_choices":[{"data":"Lockon","floor":6,"key":"SMITH"},{"data":"Dualcast","floor":8,"key":"SMITH"},{"floor":10,"key":"REST"},{"data":"Defragment","floor":15,"key":"SMITH"},{"floor":25,"key":"REST"},{"floor":30,"key":"REST"},{"floor":32,"key":"REST"}],"neow_cost":"NO_GOLD","seed_source_timestamp":891483703782800,"circlet_count":0,"master_deck":["AscendersBane","Strike_B","Strike_B","Defend_B+1","Defend_B","Defend_B","Zap","Dualcast+1","Coolheaded+1","Storm","Auto Shields","Coolheaded","Rebound","Lockon+1","Compile Driver","Conserve Battery","Defragment+1","Darkness","Core Surge","Coolheaded","Chill","Hologram","Ball Lightning","Capacitor","BootSequence"],"relics":["Cracked Core","Golden Idol","Symbiotic Virus","Omamori","War Paint","Fusion Hammer","Boot","Letter Opener","Torii"],"potions_floor_usage":[16,24,24,27,31],"damage_taken":[{"damage":9,"enemies":"Small Slimes","floor":1,"turns":4},{"damage":0,"enemies":"2 Louse","floor":5,"turns":3},{"damage":30,"enemies":"3 Sentries","floor":7,"turns":12},{"damage":4,"enemies":"Gremlin Nob","floor":11,"turns":3},{"damage":0,"enemies":"Jaw Worm","floor":12,"turns":2},{"damage":9,"enemies":"Exordium Thugs","floor":14,"turns":4},{"damage":6,"enemies":"The Guardian","floor":16,"turns":9},{"damage":3,"enemies":"Spheric Guardian","floor":18,"turns":3},{"damage":29,"enemies":"3 Byrds","floor":21,"turns":5},{"damage":0,"enemies":"Snake Plant","floor":23,"turns":5},{"damage":18,"enemies":"Book of Stabbing","floor":24,"turns":4},{"damage":15,"enemies":"Slavers","floor":27,"turns":10},{"damage":1,"enemies":"Cultist and Chosen","floor":31,"turns":5},{"damage":66,"enemies":"Collector","floor":33,"turns":8}],"seed_played":"-1391669528903345503","potions_obtained":[{"floor":12,"key":"SpeedPotion"},{"floor":14,"key":"Swift Potion"},{"floor":21,"key":"FocusPotion"},{"floor":24,"key":"FocusPotion"},{"floor":27,"key":"Block Potion"}],"is_trial":false,"path_per_floor":["M","?","?","$","M","R","E","R","T","R","E","M","$","M","R","B",null,"M","?","?","M","$","M","E","R","T","E","?","?","R","M","R","B"],"character_chosen":"DEFECT","items_purchased":["Coolheaded","Rebound","Defragment"],"campfire_rested":4,"item_purchase_floors":[4,4,13],"current_hp_per_floor":[55,55,55,55,55,55,25,25,25,44,40,40,40,31,31,25,54,51,51,51,22,22,22,4,23,23,8,8,8,27,26,45,0],"gold":324,"neow_bonus":"TRANSFORM_TWO_CARDS","is_prod":false,"is_daily":false,"chose_seed":false,"campfire_upgraded":3,"win_rate":0,"timestamp":1561742774,"path_taken":["M","?","?","$","?","R","E","R","T","R","E","M","$","M","R","BOSS","M","?","?","M","$","M","E","R","T","E","?","?","R","M","R","BOSS"],"build_version":"2019-01-23","purchased_purges":2,"victory":false,"max_hp_per_floor":[71,71,64,64,64,64,64,64,64,64,64,64,64,64,64,64,64,64,64,64,64,64,64,64,64,64,64,64,64,64,64,64,64],"card_choices":[{"not_picked":["Hologram","Chaos"],"picked":"Auto Shields","floor":1},{"not_picked":["Reprogram","Leap"],"picked":"Lockon","floor":5},{"not_picked":["Scrape","Amplify","Aggregate"],"picked":"SKIP","floor":7},{"not_picked":["Lockon","Coolheaded"],"picked":"Compile Driver","floor":11},{"not_picked":["Go for the Eyes","Barrage"],"picked":"Conserve Battery","floor":12},{"not_picked":["Barrage","Heatsinks"],"picked":"Darkness","floor":14},{"not_picked":["Creative AI","Meteor Strike"],"picked":"Core Surge","floor":16},{"not_picked":["Conserve Battery","Cold Snap"],"picked":"Coolheaded","floor":18},{"not_picked":["Turbo","Conserve Battery"],"picked":"Hologram","floor":21},{"not_picked":["Sweeping Beam","Conserve Battery"],"picked":"Ball Lightning","floor":23},{"not_picked":["Gash+1","Darkness"],"picked":"Capacitor","floor":24},{"not_picked":["Tempest","Ball Lightning"],"picked":"BootSequence","floor":27},{"not_picked":["Sunder","Steam","All For One"],"picked":"SKIP","floor":31}],"player_experience":5525451,"relics_obtained":[{"floor":7,"key":"Symbiotic Virus"},{"floor":9,"key":"Omamori"},{"floor":11,"key":"War Paint"},{"floor":24,"key":"Boot"},{"floor":27,"key":"Letter Opener"}],"event_choices":[{"damage_healed":0,"gold_gain":150,"player_choice":"AGREE","damage_taken":0,"max_hp_gain":0,"max_hp_loss":0,"event_name":"Liars Game","floor":2,"gold_loss":0,"cards_obtained":["Doubt"]},{"damage_healed":0,"gold_gain":0,"player_choice":"Lose Max HP","damage_taken":0,"relics_obtained":["Golden Idol"],"max_hp_gain":0,"max_hp_loss":7,"event_name":"Golden Idol","floor":3,"gold_loss":0},{"damage_healed":0,"gold_gain":0,"player_choice":"Read","damage_taken":0,"max_hp_gain":0,"max_hp_loss":0,"event_name":"The Library","floor":19,"gold_loss":0,"cards_obtained":["Chill"]},{"damage_healed":0,"gold_gain":50,"player_choice":"Stole From Cult","damage_taken":0,"max_hp_gain":0,"max_hp_loss":0,"event_name":"Nest","floor":20,"gold_loss":0},{"damage_healed":0,"gold_gain":0,"player_choice":"Opened","damage_taken":0,"relics_obtained":["Torii"],"max_hp_gain":0,"max_hp_loss":0,"event_name":"The Mausoleum","floor":28,"gold_loss":0,"cards_obtained":["Writhe"]},{"damage_healed":0,"gold_gain":0,"player_choice":"Ignored","damage_taken":0,"max_hp_gain":0,"max_hp_loss":0,"event_name":"Cursed Tome","floor":29,"gold_loss":0}],"is_beta":false,"boss_relics":[{"not_picked":["Snecko Eye","Lizard Tail"],"picked":"Fusion Hammer"}],"items_purged_floors":[4,22],"is_endless":false,"potions_floor_spawned":[12,14,21,24,27],"killed_by":"Collector","ascension_level":20}