{"gold_per_floor":[510,522,1,21,33,33,66,66,143,160,176,204,274,294,294,367,367,378,390,5,5,5,30,30,9,9,9,37,53,64,102,102,179,179,196,211,226,20,32,32,32],"floor_reached":41,"playtime":1385,"items_purged":[],"score":1015,"play_id":"d77e68f9-905d-4bcd-8866-13c3ab71ae1d","local_time":"20190624021421","daily_mods":["Diverse"],"is_ascension_mode":true,"campfire_choices":[{"data":"Choke","floor":6,"key":"SMITH"},{"data":"Doom and Gloom","floor":8,"key":"SMITH"},{"data":"Static Discharge","floor":15,"key":"SMITH"},{"data":"Bandage Up","floor":24,"key":"SMITH"},{"floor":27,"key":"RECALL"},{"floor":32,"key":"REST"},{"data":"Static Discharge","floor":40,"key":"SMITH"}],"neow_cost":"","seed_source_timestamp":453402965257200,"circlet_count":0,"master_deck":["AscendersBane","Strike_R","Strike_R","Strike_R","Defend_R","Defend_R","Defend_R+1","Defend_R","Bash","PiercingWail","Doom and Gloom+1","Static Discharge+1","True Grit","Choke+1","Bandage Up+1","Jack Of All Trades","Melter+1","Sweeping Beam+1","Rebound+1","Go for the Eyes+1","Beam Cell+1","Well Laid Plans","Static Discharge+1","Static Discharge","Evolve"],"relics":["Burning Blood","Old Coin","Membership Card","Smiling Mask","The Courier","MawBank","MealTicket","Tiny Chest","Tiny House","Potion Belt","Strange Spoon","PreservedInsect","Mango","Lantern","Orichalcum","Kunai","Empty Cage","Toy Ornithopter","Molten Egg 2","Singing Bowl","Strawberry","Letter Opener","Pocketwatch","Orrery","Lee\u0027s Waffle"],"potions_floor_usage":[12,16,23,30,33,33,33,41,41],"damage_taken":[{"damage":0,"enemies":"2 Louse","floor":1,"turns":3},{"damage":3,"enemies":"Cultist","floor":4,"turns":4},{"damage":16,"enemies":"Jaw Worm","floor":5,"turns":6},{"damage":32,"enemies":"Gremlin Nob","floor":7,"turns":3},{"damage":1,"enemies":"2 Fungi Beasts","floor":10,"turns":3},{"damage":26,"enemies":"Large Slime","floor":11,"turns":7},{"damage":15,"enemies":"3 Sentries","floor":12,"turns":4},{"damage":9,"enemies":"Exordium Wildlife","floor":14,"turns":4},{"damage":45,"enemies":"The Guardian","floor":16,"turns":10},{"damage":31,"enemies":"2 Thieves","floor":18,"turns":3},{"damage":21,"enemies":"Spheric Guardian","floor":19,"turns":4},{"damage":19,"enemies":"Slavers","floor":23,"turns":3},{"damage":14,"enemies":"Gremlin Leader","floor":28,"turns":5},{"damage":21,"enemies":"Cultist and Chosen","floor":29,"turns":4},{"damage":27,"enemies":"Chosen and Byrds","floor":30,"turns":5},{"damage":3,"enemies":"Sentry and Sphere","floor":31,"turns":5},{"damage":110,"enemies":"Champ","floor":33,"turns":14},{"damage":18,"enemies":"Orb Walker","floor":35,"turns":4},{"damage":39,"enemies":"3 Darklings","floor":36,"turns":6},{"damage":51,"enemies":"Spire Growth","floor":37,"turns":5},{"damage":60,"enemies":"Maw","floor":39,"turns":7},{"damage":119,"enemies":"Transient","floor":41,"turns":6}],"seed_played":"5153664973065263136","potions_obtained":[{"floor":0,"key":"PowerPotion"},{"floor":1,"key":"PowerPotion"},{"floor":7,"key":"GamblersBrew"},{"floor":10,"key":"SteroidPotion"},{"floor":12,"key":"Weak Potion"},{"floor":23,"key":"LiquidBronze"},{"floor":30,"key":"BloodPotion"},{"floor":35,"key":"Energy Potion"},{"floor":39,"key":"AttackPotion"}],"is_trial":true,"path_per_floor":["M","?","$","M","M","R","E","R","T","M","M","E","T","M","R","B",null,"M","M","$","?","?","E","R","$","T","R","E","M","M","M","R","B",null,"M","M","M","$","M","R","M"],"character_chosen":"IRONCLAD","items_purchased":["Potion Belt","Strange Spoon","PreservedInsect","Mango","PiercingWail","Doom and Gloom","Static Discharge","True Grit","Choke","Bandage Up","Jack Of All Trades","Toy Ornithopter","Molten Egg 2","Singing Bowl","Melter+1","Sweeping Beam+1","Rebound+1","Go for the Eyes+1","Beam Cell+1","Lee\u0027s Waffle","Well Laid Plans","Static Discharge","Static Discharge","Evolve"],"campfire_rested":1,"item_purchase_floors":[3,3,3,3,3,3,3,3,3,3,3,20,20,20,20,20,20,20,25,38,38,38,38,38],"current_hp_per_floor":[79,75,94,94,84,84,58,58,58,67,55,50,50,51,51,24,77,56,45,60,60,60,63,63,63,63,63,63,56,48,59,91,20,98,94,75,38,134,94,94,0],"gold":32,"neow_bonus":"","is_prod":false,"is_daily":false,"chose_seed":false,"campfire_upgraded":5,"win_rate":0,"timestamp":1561310061,"path_taken":["M","?","$","M","M","R","E","R","T","M","?","E","?","M","R","BOSS","M","M","$","?","?","E","R","?","T","R","E","M","M","M","R","BOSS","M","M","M","$","M","R","M"],"build_version":"2019-01-23","purchased_purges":0,"victory":false,"max_hp_per_floor":[80,80,94,94,94,94,94,94,94,94,94,94,94,94,94,94,94,94,94,94,94,94,101,101,101,101,101,103,105,107,109,109,111,121,123,125,127,134,136,136,136],"card_choices":[{"not_picked":["Flex","Rampage","Second Wind"],"picked":"SKIP","floor":1},{"not_picked":["Fire Breathing","Havoc","Dagger Spray"],"picked":"SKIP","floor":4},{"not_picked":["Backflip","Rage","Unload"],"picked":"SKIP","floor":5},{"not_picked":["Twin Strike","Sword Boomerang","Streamline"],"picked":"SKIP","floor":7},{"not_picked":["Doom and Gloom","Heavy Blade","Clash"],"picked":"SKIP","floor":10},{"not_picked":["Consume","Beam Cell","Sucker Punch"],"picked":"SKIP","floor":11},{"not_picked":["Perfected Strike","Armaments","Hologram"],"picked":"SKIP","floor":12},{"not_picked":["Pommel Strike","Turbo","Blizzard"],"picked":"SKIP","floor":14},{"not_picked":["Sentinel","PiercingWail","Dagger Spray"],"picked":"SKIP","floor":18},{"not_picked":["Dodge and Roll","Go for the Eyes","Barrage"],"picked":"SKIP","floor":19},{"not_picked":["Poisoned Stab+1","Dark Embrace","Prepared"],"picked":"SKIP","floor":23},{"not_picked":["Catalyst","Quick Slash+1","Warcry"],"picked":"Singing Bowl","floor":28},{"not_picked":["Barrage+1","Thunderclap+1","Leg Sweep+1"],"picked":"Singing Bowl","floor":29},{"not_picked":["Immolate+1","Dropkick+1","Wild Strike+1"],"picked":"Singing Bowl","floor":30},{"not_picked":["Hologram","Dagger Throw+1","Pommel Strike+1"],"picked":"Singing Bowl","floor":31},{"not_picked":["Barricade","Thunder Strike+1","Malaise"],"picked":"Singing Bowl","floor":33},{"not_picked":["Backstab+1","Anger+1","Steam"],"picked":"Singing Bowl","floor":34},{"not_picked":["Choke+1","Combust","Armaments"],"picked":"Singing Bowl","floor":34},{"not_picked":["Melter+1","Pommel Strike+1","Cold Snap+1"],"picked":"Singing Bowl","floor":34},{"not_picked":["Recycle+1","Iron Wave+1","Pummel+1"],"picked":"Singing Bowl","floor":34},{"not_picked":["Whirlwind+1","Prepared","Rupture"],"picked":"Singing Bowl","floor":34},{"not_picked":["Rebound+1","Second Wind+1","Deflect"],"picked":"Singing Bowl","floor":35},{"not_picked":["Armaments+1","Sever Soul+1","Cloak And Dagger"],"picked":"Singing Bowl","floor":36},{"not_picked":["Clothesline+1","Skewer+1","Endless Agony+1"],"picked":"Singing Bowl","floor":37},{"not_picked":["Creative AI","Havoc","Caltrops"],"picked":"Singing Bowl","floor":39}],"player_experience":5469601,"relics_obtained":[{"floor":7,"key":"Lantern"},{"floor":12,"key":"Orichalcum"},{"floor":13,"key":"Kunai"},{"floor":23,"key":"Strawberry"},{"floor":26,"key":"Letter Opener"},{"floor":28,"key":"Pocketwatch"}],"event_choices":[{"damage_healed":0,"gold_gain":0,"player_choice":"Bought 0 Potions","damage_taken":0,"max_hp_gain":0,"max_hp_loss":0,"event_name":"The Woman in Blue","floor":2,"gold_loss":0},{"damage_healed":0,"gold_gain":0,"player_choice":"Ignored","damage_taken":0,"max_hp_gain":0,"max_hp_loss":0,"event_name":"Vampires","floor":21,"gold_loss":0},{"damage_healed":0,"gold_gain":0,"player_choice":"Ignored","damage_taken":0,"max_hp_gain":0,"max_hp_loss":0,"event_name":"Ghosts","floor":22,"gold_loss":0}],"is_beta":false,"boss_relics":[{"not_picked":["Runic Dome","Velvet Choker"],"picked":"Empty Cage"},{"not_picked":["Black Blood","Mark of Pain"],"picked":"Orrery"}],"items_purged_floors":[],"is_endless":false,"potions_floor_spawned":[1,7,10,12,23,30,35,39],"killed_by":"Transient","ascension_level":20}