{"gold_per_floor":[119,119,137,137,137,137,173,173,173,173,213,278,292,327,327,422,422,447,447,53,68,92,92],"floor_reached":23,"playtime":690,"items_purged":[],"score":594,"play_id":"fc371bc0-93fb-4f82-846c-88e8001c1759","local_time":"20190720040248","is_ascension_mode":true,"campfire_choices":[{"data":"Bash","floor":6,"key":"SMITH"},{"data":"Shrug It Off","floor":10,"key":"SMITH"},{"data":"Perfected Strike","floor":15,"key":"SMITH"}],"neow_cost":"","seed_source_timestamp":2469871099162748,"circlet_count":0,"master_deck":["AscendersBane","Strike_R","Strike_R","Strike_R","Strike_R","Strike_R","Defend_R","Defend_R","Defend_R","Defend_R","Bash+1","Shrug It Off+1","Pommel Strike","Wild Strike","Perfected Strike+1","Perfected Strike+1","Feed","Shrug It Off+1","Pommel Strike"],"relics":["Burning Blood","Happy Flower","Golden Idol","Odd Mushroom","Incense Burner","Vajra","Mango","Mark of Pain","Singing Bowl"],"potions_floor_usage":[11,11,21,22,23],"damage_taken":[{"damage":2,"enemies":"Jaw Worm","floor":1,"turns":5},{"damage":0,"enemies":"Cultist","floor":3,"turns":3},{"damage":13,"enemies":"The Mushroom Lair","floor":7,"turns":8},{"damage":24,"enemies":"Lagavulin","floor":11,"turns":7},{"damage":0,"enemies":"2 Louse","floor":13,"turns":2},{"damage":15,"enemies":"3 Sentries","floor":14,"turns":7},{"damage":11,"enemies":"Hexaghost","floor":16,"turns":8},{"damage":0,"enemies":"Chosen","floor":18,"turns":3},{"damage":0,"enemies":"2 Thieves","floor":21,"turns":2},{"damage":0,"enemies":"Snake Plant","floor":22,"turns":1},{"damage":100,"enemies":"Slavers","floor":23,"turns":9}],"seed_played":"-1329116502015326462","potions_obtained":[{"floor":3,"key":"SteroidPotion"},{"floor":7,"key":"Poison Potion"},{"floor":14,"key":"Dexterity Potion"},{"floor":16,"key":"EssenceOfSteel"},{"floor":21,"key":"AttackPotion"}],"is_trial":false,"path_per_floor":["M","?","M","$","?","R","?","?","T","R","E","?","M","E","R","B",null,"M","?","$","M","M","E"],"character_chosen":"IRONCLAD","items_purchased":["Happy Flower","Shrug It Off","Pommel Strike","Singing Bowl","Pommel Strike","Fire Potion"],"campfire_rested":0,"item_purchase_floors":[0,0,0,20,20,20],"current_hp_per_floor":[61,61,67,67,67,67,60,60,60,60,42,42,48,53,53,48,74,83,83,83,87,92,0],"gold":92,"neow_bonus":"","is_prod":false,"is_daily":false,"chose_seed":false,"campfire_upgraded":3,"win_rate":0,"timestamp":1563588168,"path_taken":["M","?","?","$","?","R","?","?","T","R","E","?","M","E","R","BOSS","M","?","$","M","M","E"],"build_version":"2019-07-17","purchased_purges":0,"victory":false,"max_hp_per_floor":[75,75,75,75,68,68,68,68,68,68,68,68,68,82,82,82,82,85,85,85,87,92,92],"card_choices":[{"not_picked":["Anger","Clothesline"],"picked":"Wild Strike","floor":1},{"not_picked":["Feel No Pain","Hemokinesis","Entrench"],"picked":"SKIP","floor":3},{"not_picked":["Brutality","Flex"],"picked":"Perfected Strike","floor":7},{"not_picked":["Exhume","Reckless Charge","True Grit"],"picked":"SKIP","floor":11},{"not_picked":["Thunderclap","Blood for Blood"],"picked":"Perfected Strike","floor":13},{"not_picked":["Clash","Burning Pact","Second Wind"],"picked":"SKIP","floor":14},{"not_picked":["Exhume","Double Tap"],"picked":"Feed","floor":16},{"not_picked":["Cleave","Clothesline"],"picked":"Shrug It Off+1","floor":18},{"not_picked":["Rampage","Body Slam","Dropkick"],"picked":"Singing Bowl","floor":21},{"not_picked":["Iron Wave","Power Through","Second Wind"],"picked":"Singing Bowl","floor":22}],"player_experience":513586,"relics_obtained":[{"floor":7,"key":"Odd Mushroom"},{"floor":9,"key":"Incense Burner"},{"floor":11,"key":"Vajra"},{"floor":14,"key":"Mango"}],"event_choices":[{"cards_removed":["Doubt"],"damage_healed":0,"gold_gain":0,"player_choice":"Purged","damage_taken":0,"max_hp_gain":0,"max_hp_loss":0,"event_name":"Purifier","floor":2,"gold_loss":0},{"damage_healed":0,"gold_gain":0,"player_choice":"Lose Max HP","damage_taken":0,"relics_obtained":["Golden Idol"],"max_hp_gain":0,"max_hp_loss":7,"event_name":"Golden Idol","floor":5,"gold_loss":0},{"damage_healed":0,"gold_gain":0,"player_choice":"Fought Mushrooms","damage_taken":0,"max_hp_gain":0,"max_hp_loss":0,"event_name":"Mushrooms","floor":7,"gold_loss":0},{"damage_healed":0,"gold_gain":0,"player_choice":"Grow","damage_taken":0,"max_hp_gain":0,"max_hp_loss":0,"event_name":"Living Wall","floor":8,"gold_loss":0,"cards_upgraded":["Perfected Strike"]},{"damage_healed":0,"gold_gain":65,"player_choice":"Gained Gold","damage_taken":0,"max_hp_gain":0,"max_hp_loss":0,"event_name":"Golden Wing","floor":12,"gold_loss":0},{"damage_healed":0,"gold_gain":0,"player_choice":"Ignored","damage_taken":0,"max_hp_gain":0,"max_hp_loss":0,"event_name":"Purifier","floor":19,"gold_loss":0}],"is_beta":false,"boss_relics":[{"not_picked":["Orrery","Philosopher\u0027s Stone"],"picked":"Mark of Pain"}],"items_purged_floors":[],"is_endless":false,"potions_floor_spawned":[3,7,14,16,21],"killed_by":"Slavers","ascension_level":20}