{"gold_per_floor":[118,118,118,193,206,224,257,257,257,257],"floor_reached":10,"playtime":698,"items_purged":[],"score":66,"play_id":"f38bd281-f7d1-4dd0-9b44-749cab6a1be0","local_time":"20190713170723","is_ascension_mode":false,"campfire_choices":[],"neow_cost":"NONE","seed_source_timestamp":255848712884600,"circlet_count":0,"master_deck":["Strike_B","Strike_B","Strike_B","Strike_B+1","Defend_B","Defend_B","Defend_B","Defend_B+1","Zap","Dualcast","Blizzard","Melter","Cold Snap","Loop"],"relics":["Cracked Core","Mummified Hand","Pocketwatch","Regal Pillow","Bottled Tornado"],"potions_floor_usage":[10,10],"damage_taken":[{"damage":0,"enemies":"Cultist","floor":1,"turns":3},{"damage":2,"enemies":"Jaw Worm","floor":5,"turns":4},{"damage":1,"enemies":"2 Louse","floor":6,"turns":3},{"damage":18,"enemies":"3 Sentries","floor":7,"turns":8},{"damage":31,"enemies":"Gremlin Nob","floor":10,"turns":4}],"seed_played":"-2288097504423204730","potions_obtained":[{"floor":1,"key":"Swift Potion"},{"floor":5,"key":"SpeedPotion"}],"is_trial":false,"path_per_floor":["M","T","?","?","M","M","E","?","T","E"],"character_chosen":"DEFECT","items_purchased":[],"campfire_rested":0,"item_purchase_floors":[],"current_hp_per_floor":[82,82,66,55,53,52,34,16,16,0],"gold":257,"neow_bonus":"TEN_PERCENT_HP_BONUS","is_prod":false,"is_daily":false,"chose_seed":false,"campfire_upgraded":0,"win_rate":0.0,"timestamp":1563055643,"path_taken":["M","?","?","?","M","M","E","?","T","E"],"build_version":"2019-07-05","purchased_purges":0,"victory":false,"max_hp_per_floor":[82,82,82,82,82,82,82,82,82,82],"card_choices":[{"not_picked":["BootSequence","Barrage"],"picked":"Blizzard","floor":1},{"not_picked":["Beam Cell","Darkness"],"picked":"Melter","floor":5},{"not_picked":["Go for the Eyes","Ball Lightning"],"picked":"Cold Snap","floor":6},{"not_picked":["Buffer","Coolheaded"],"picked":"Loop","floor":7}],"player_experience":33215,"relics_obtained":[{"floor":2,"key":"Mummified Hand"},{"floor":7,"key":"Pocketwatch"},{"floor":9,"key":"Bottled Tornado"}],"event_choices":[{"damage_healed":0,"gold_gain":0,"player_choice":"Entered Light","damage_taken":16,"max_hp_gain":0,"max_hp_loss":0,"event_name":"Shining Light","floor":3,"gold_loss":0,"cards_upgraded":["Defend_B","Strike_B"]},{"damage_healed":0,"gold_gain":75,"player_choice":"Gather Gold","damage_taken":11,"max_hp_gain":0,"max_hp_loss":0,"event_name":"World of Goop","floor":4,"gold_loss":0},{"damage_healed":0,"gold_gain":0,"player_choice":"Success","damage_taken":18,"relics_obtained":["Regal Pillow"],"max_hp_gain":0,"max_hp_loss":0,"event_name":"Scrap Ooze","floor":8,"gold_loss":0}],"is_beta":false,"boss_relics":[],"items_purged_floors":[],"is_endless":false,"potions_floor_spawned":[1,5],"killed_by":"Gremlin Nob","ascension_level":0}