{"gold_per_floor":[114,130,150,150,35,35,35,35,59,79,95,110,110,122,122,201,201,211,211,224,224],"floor_reached":21,"playtime":517,"items_purged":["Strike_R"],"score":342,"play_id":"a6a60c02-5d48-41c0-b547-f5cb7c5869b7","local_time":"20190513024940","is_ascension_mode":true,"campfire_choices":[{"data":"Dark Embrace","floor":6,"key":"SMITH"},{"data":"Uppercut","floor":8,"key":"SMITH"},{"data":"Inflame","floor":15,"key":"SMITH"}],"neow_cost":"TEN_PERCENT_HP_LOSS","seed_source_timestamp":636342270063200,"circlet_count":0,"master_deck":["AscendersBane","Strike_R","Defend_R","Defend_R+1","Defend_R","Defend_R+1","Bash","Dark Embrace+1","Sever Soul","Second Wind","Anger","Uppercut+1","Reckless Charge","Havoc","Wild Strike","Wild Strike","Inflame+1","Dark Embrace","Reckless Charge","Sentinel"],"relics":["Burning Blood","PreservedInsect","Odd Mushroom","Eternal Feather"],"potions_floor_usage":[16,18,18],"damage_taken":[{"damage":1,"enemies":"2 Louse","floor":1,"turns":3},{"damage":4,"enemies":"Jaw Worm","floor":2,"turns":4},{"damage":12,"enemies":"Small Slimes","floor":3,"turns":4},{"damage":18,"enemies":"The Mushroom Lair","floor":10,"turns":4},{"damage":0,"enemies":"Exordium Wildlife","floor":11,"turns":3},{"damage":7,"enemies":"3 Louse","floor":12,"turns":4},{"damage":12,"enemies":"Blue Slaver","floor":14,"turns":4},{"damage":8,"enemies":"Hexaghost","floor":16,"turns":6},{"damage":24,"enemies":"3 Byrds","floor":18,"turns":5},{"damage":29,"enemies":"Shell Parasite","floor":20,"turns":6},{"damage":15,"enemies":"Snake Plant","floor":21,"turns":2}],"seed_played":"7550345057992030090","potions_obtained":[{"floor":2,"key":"PowerPotion"},{"floor":3,"key":"Weak Potion"},{"floor":14,"key":"AttackPotion"},{"floor":16,"key":"Explosive Potion"}],"is_trial":false,"path_per_floor":["M","M","M","?","$","R","?","R","T","?","M","M","?","M","R","B",null,"M","?","M","M"],"character_chosen":"IRONCLAD","items_purchased":["Reckless Charge"],"campfire_rested":0,"item_purchase_floors":[5],"current_hp_per_floor":[68,68,62,42,42,42,42,42,42,30,36,35,40,34,34,32,63,45,38,15,0],"gold":224,"neow_bonus":"TRANSFORM_TWO_CARDS","is_prod":false,"is_daily":false,"chose_seed":false,"campfire_upgraded":3,"win_rate":0,"timestamp":1557683380,"path_taken":["M","M","M","?","$","R","?","R","T","?","?","M","?","M","R","BOSS","M","?","M","?"],"build_version":"2019-01-23","purchased_purges":1,"victory":false,"max_hp_per_floor":[68,68,68,68,68,68,68,68,68,68,68,68,73,73,73,73,73,73,73,73,73],"card_choices":[{"not_picked":["Flex","Shrug It Off"],"picked":"Second Wind","floor":1},{"not_picked":["Headbutt","Spot Weakness"],"picked":"Anger","floor":2},{"not_picked":["Iron Wave","Thunderclap"],"picked":"Uppercut","floor":3},{"not_picked":["Double Tap","Thunderclap"],"picked":"Havoc","floor":10},{"not_picked":["Havoc","Clothesline"],"picked":"Wild Strike","floor":11},{"not_picked":["Spot Weakness","Iron Wave"],"picked":"Wild Strike","floor":12},{"not_picked":["Clothesline","Second Wind"],"picked":"Inflame","floor":14},{"not_picked":["Demon Form","Feed"],"picked":"Dark Embrace","floor":16},{"not_picked":["Armaments","Shrug It Off"],"picked":"Reckless Charge","floor":18},{"not_picked":["Armaments","Flex"],"picked":"Sentinel","floor":20}],"player_experience":5009413,"relics_obtained":[{"floor":9,"key":"PreservedInsect"},{"floor":10,"key":"Odd Mushroom"}],"event_choices":[{"damage_healed":0,"gold_gain":0,"player_choice":"Entered Light","damage_taken":20,"max_hp_gain":0,"max_hp_loss":0,"event_name":"Shining Light","floor":4,"gold_loss":0,"cards_upgraded":["Defend_R","Defend_R"]},{"cards_removed":["Strike_R"],"damage_healed":0,"gold_gain":0,"player_choice":"Forget","damage_taken":0,"max_hp_gain":0,"max_hp_loss":0,"event_name":"Living Wall","floor":7,"gold_loss":0},{"damage_healed":0,"gold_gain":0,"player_choice":"Fought Mushrooms","damage_taken":0,"max_hp_gain":0,"max_hp_loss":0,"event_name":"Mushrooms","floor":10,"gold_loss":0},{"damage_healed":0,"gold_gain":0,"player_choice":"Donut","damage_taken":0,"max_hp_gain":5,"max_hp_loss":0,"event_name":"Big Fish","floor":13,"gold_loss":0},{"damage_healed":0,"gold_gain":0,"player_choice":"","damage_taken":7,"max_hp_gain":0,"max_hp_loss":0,"event_name":"Knowing Skull","floor":19,"potions_obtained":[],"gold_loss":0,"cards_obtained":[]}],"is_beta":false,"boss_relics":[{"not_picked":["Cursed Key","Pandora\u0027s Box"],"picked":"Eternal Feather"}],"items_purged_floors":[5],"is_endless":false,"potions_floor_spawned":[2,3,12,14,16],"killed_by":"Snake Plant","ascension_level":20}