{"gold_per_floor":[113,131,56,26,46,46,57,72,72,44,44,73,92,125,125,198,198,209,226,70,70,90,124,124,124,124,142,159,192,209,228,228,302,302,316,329,346,364,364,364,395,395,395,495,530,137,166,185,185,185,185,185,185,49,81,81],"floor_reached":57,"playtime":2283,"items_purged":["Strike_R","Strike_R","Mind Blast"],"score":3467,"play_id":"1fd2102d-3c28-47ba-b3ae-742312f05a60","local_time":"20190616005521","is_ascension_mode":true,"campfire_choices":[{"data":"Wild Strike","floor":6,"key":"SMITH"},{"data":"Armaments","floor":11,"key":"SMITH"},{"data":"Corruption","floor":15,"key":"SMITH"},{"data":"Burning Pact","floor":24,"key":"SMITH"},{"floor":32,"key":"RECALL"},{"data":"Feel No Pain","floor":40,"key":"SMITH"},{"data":"Feel No Pain","floor":42,"key":"SMITH"},{"floor":49,"key":"DIG"},{"floor":53,"key":"DIG"}],"neow_cost":"NONE","seed_source_timestamp":110558303350900,"circlet_count":0,"master_deck":["AscendersBane","Strike_R","Strike_R","Strike_R","Defend_R","Defend_R","Defend_R","Defend_R","Bash","Finesse+1","Armaments+1","Second Wind","Wild Strike+1","Wild Strike+1","Seeing Red","Warcry","Immolate+1","Sever Soul","Corruption+1","Reaper","Havoc","True Grit","Burning Pact+1","Feel No Pain+1","Feel No Pain+1","Fiend Fire","Shrug It Off+1","Uppercut+1","Enlightenment+1","Dark Shackles","Second Wind","Battle Trance+1","Fiend Fire","Sentinel+1","True Grit+1"],"relics":["Burning Blood","Dead Branch","Bottled Lightning","Thread and Needle","Philosopher\u0027s Stone","Red Skull","Nunchaku","Potion Belt","Snecko Eye","Whetstone","Shovel","Du-Vu Doll","Toxic Egg 2","Frozen Eye","Anchor","War Paint","Self Forming Clay","Magic Flower"],"potions_floor_usage":[7,16,16,23,23,29,38,56,56,56],"damage_taken":[{"damage":5,"enemies":"Cultist","floor":1,"turns":5},{"damage":2,"enemies":"2 Louse","floor":2,"turns":4},{"damage":12,"enemies":"Jaw Worm","floor":5,"turns":5},{"damage":6,"enemies":"Lots of Slimes","floor":7,"turns":4},{"damage":18,"enemies":"Gremlin Gang","floor":8,"turns":6},{"damage":28,"enemies":"Lagavulin","floor":12,"turns":5},{"damage":0,"enemies":"Large Slime","floor":13,"turns":3},{"damage":8,"enemies":"3 Sentries","floor":14,"turns":5},{"damage":0,"enemies":"Slime Boss","floor":16,"turns":4},{"damage":35,"enemies":"3 Byrds","floor":18,"turns":4},{"damage":1,"enemies":"Chosen","floor":19,"turns":5},{"damage":0,"enemies":"Snecko","floor":22,"turns":4},{"damage":24,"enemies":"Book of Stabbing","floor":23,"turns":4},{"damage":19,"enemies":"Sentry and Sphere","floor":27,"turns":4},{"damage":0,"enemies":"Chosen and Byrds","floor":28,"turns":3},{"damage":13,"enemies":"Slavers","floor":29,"turns":3},{"damage":0,"enemies":"Centurion and Healer","floor":30,"turns":3},{"damage":0,"enemies":"Sentry and Sphere","floor":31,"turns":4},{"damage":2,"enemies":"Collector","floor":33,"turns":4},{"damage":6,"enemies":"Orb Walker","floor":35,"turns":2},{"damage":1,"enemies":"3 Shapes","floor":36,"turns":2},{"damage":11,"enemies":"3 Darklings","floor":37,"turns":4},{"damage":13,"enemies":"4 Shapes","floor":38,"turns":2},{"damage":0,"enemies":"Nemesis","floor":41,"turns":1},{"damage":7,"enemies":"Mind Bloom Boss Battle","floor":44,"turns":3},{"damage":0,"enemies":"Reptomancer","floor":45,"turns":2},{"damage":6,"enemies":"Nemesis","floor":47,"turns":1},{"damage":0,"enemies":"Sphere and 2 Shapes","floor":48,"turns":1},{"damage":18,"enemies":"Time Eater","floor":50,"turns":7},{"damage":0,"enemies":"Donu and Deca","floor":51,"turns":5},{"damage":0,"enemies":"Shield and Spear","floor":55,"turns":4},{"damage":0,"enemies":"The Heart","floor":56,"turns":7}],"seed_played":"-4468640352777773996","potions_obtained":[{"floor":2,"key":"FairyPotion"},{"floor":4,"key":"Energy Potion"},{"floor":4,"key":"Strength Potion"},{"floor":13,"key":"SkillPotion"},{"floor":16,"key":"Fruit Juice"},{"floor":18,"key":"Dexterity Potion"},{"floor":22,"key":"BloodPotion"},{"floor":27,"key":"Energy Potion"},{"floor":29,"key":"LiquidBronze"},{"floor":30,"key":"Fire Potion"},{"floor":33,"key":"SkillPotion"},{"floor":36,"key":"SpeedPotion"},{"floor":41,"key":"Explosive Potion"},{"floor":45,"key":"Regen Potion"},{"floor":47,"key":"Ancient Potion"}],"is_trial":false,"path_per_floor":["M","M","$","?","M","R","M","M","T","$","R","E","M","E","R","B",null,"M","M","$","?","M","E","R","T","T","M","M","E","M","M","R","B",null,"M","M","M","M","?","R","E","R","T","?","E","$","E","M","R","B","B",null,"R","$","E","B",null],"character_chosen":"IRONCLAD","items_purchased":["Warcry","True Grit","Frozen Eye","Battle Trance+1","Sentinel+1","True Grit+1"],"campfire_rested":0,"item_purchase_floors":[10,20,46,46,54,54],"current_hp_per_floor":[69,73,73,73,67,67,67,55,55,55,55,33,39,37,37,48,72,49,58,58,35,45,41,41,41,41,28,44,47,63,69,69,83,85,85,85,85,78,68,68,74,74,74,73,85,85,85,85,85,73,85,85,85,85,85,85],"gold":81,"neow_bonus":"RANDOM_COLORLESS","is_prod":false,"is_daily":false,"chose_seed":false,"campfire_upgraded":6,"win_rate":0,"timestamp":1560614121,"path_taken":["M","M","$","?","M","R","M","?","T","?","R","E","?","E","R","BOSS","M","M","$","?","M","E","R","?","T","?","M","E","?","M","R","BOSS","M","M","?","M","?","R","E","R","T","?","E","$","E","M","R","BOSS","BOSS","R","$","E","BOSS"],"build_version":"2019-01-23","purchased_purges":3,"victory":true,"max_hp_per_floor":[75,75,75,75,75,75,75,75,75,75,75,75,75,75,75,80,80,80,80,80,85,85,85,85,85,85,85,85,85,85,85,85,85,85,85,85,85,85,85,85,85,85,85,85,85,85,85,85,85,85,85,85,85,85,85,85],"card_choices":[{"not_picked":["Burning Pact","Clothesline"],"picked":"Armaments","floor":1},{"not_picked":["Body Slam","Havoc"],"picked":"Second Wind","floor":2},{"not_picked":["Disarm","Heavy Blade"],"picked":"Wild Strike","floor":5},{"not_picked":["Headbutt","Flame Barrier"],"picked":"Wild Strike","floor":7},{"not_picked":["Anger","Iron Wave"],"picked":"Seeing Red","floor":8},{"not_picked":["Clothesline","Dual Wield"],"picked":"Immolate","floor":12},{"not_picked":["Thunderclap","Rage"],"picked":"Sever Soul","floor":13},{"not_picked":["Pommel Strike","Hemokinesis"],"picked":"Corruption","floor":14},{"not_picked":["Brutality","Demon Form"],"picked":"Reaper","floor":16},{"not_picked":["Cleave","True Grit"],"picked":"Havoc","floor":18},{"not_picked":["Searing Blow","Armaments","Clash"],"picked":"SKIP","floor":19},{"not_picked":["Flame Barrier","Iron Wave"],"picked":"Burning Pact","floor":22},{"not_picked":["Heavy Blade","Rampage","Limit Break"],"picked":"SKIP","floor":23},{"not_picked":["Sword Boomerang","Body Slam"],"picked":"Feel No Pain","floor":27},{"not_picked":["Havoc","Bloodletting","Anger"],"picked":"SKIP","floor":28},{"not_picked":["Twin Strike","Warcry"],"picked":"Feel No Pain","floor":29},{"not_picked":["Headbutt","Bloodletting","Warcry"],"picked":"SKIP","floor":30},{"not_picked":["Pommel Strike","Clash","Havoc"],"picked":"SKIP","floor":31},{"not_picked":["Reaper","Demon Form"],"picked":"Fiend Fire","floor":33},{"not_picked":["Twin Strike+1","Iron Wave","Disarm"],"picked":"SKIP","floor":35},{"not_picked":["Havoc+1","Second Wind"],"picked":"Shrug It Off+1","floor":36},{"not_picked":["Intimidate","Twin Strike","Perfected Strike"],"picked":"SKIP","floor":37},{"not_picked":["Wild Strike+1","Dual Wield"],"picked":"Uppercut+1","floor":38},{"not_picked":["Discovery","Forethought"],"picked":"Mind Blast","floor":39},{"not_picked":["Deep Breath","Magnetism"],"picked":"Enlightenment","floor":39},{"not_picked":["Panacea","Dramatic Entrance"],"picked":"Dark Shackles","floor":39},{"not_picked":["Hemokinesis+1","Iron Wave","Thunderclap"],"picked":"SKIP","floor":41},{"not_picked":["Shrug It Off","Perfected Strike"],"picked":"Second Wind","floor":44},{"not_picked":["Ghostly Armor","Brutality","Wild Strike+1"],"picked":"SKIP","floor":45},{"not_picked":["Iron Wave","Shrug It Off+1"],"picked":"Fiend Fire","floor":47},{"not_picked":["Clash","Pummel","Pommel Strike"],"picked":"SKIP","floor":48},{"not_picked":["Dual Wield+1","Sword Boomerang+1","Limit Break+1"],"picked":"SKIP","floor":55}],"player_experience":5369530,"relics_obtained":[{"floor":9,"key":"Dead Branch"},{"floor":12,"key":"Bottled Lightning"},{"floor":14,"key":"Thread and Needle"},{"floor":23,"key":"Red Skull"},{"floor":26,"key":"Nunchaku"},{"floor":29,"key":"Potion Belt"},{"floor":41,"key":"Whetstone"},{"floor":43,"key":"Shovel"},{"floor":44,"key":"Du-Vu Doll"},{"floor":45,"key":"Toxic Egg 2"},{"floor":47,"key":"Anchor"},{"floor":49,"key":"War Paint"},{"floor":53,"key":"Self Forming Clay"},{"floor":55,"key":"Magic Flower"}],"event_choices":[{"damage_healed":0,"gold_gain":0,"player_choice":"Bought 2 Potions","damage_taken":0,"max_hp_gain":0,"max_hp_loss":0,"event_name":"The Woman in Blue","floor":4,"gold_loss":0},{"damage_healed":0,"gold_gain":0,"player_choice":"Shed Blood","damage_taken":28,"max_hp_gain":5,"max_hp_loss":0,"event_name":"Forgotten Altar","floor":21,"gold_loss":0},{"damage_healed":0,"gold_gain":0,"player_choice":"Memory 3","damage_taken":10,"max_hp_gain":0,"max_hp_loss":0,"event_name":"SensoryStone","floor":39,"gold_loss":0},{"damage_healed":0,"gold_gain":0,"player_choice":"Fight","damage_taken":0,"max_hp_gain":0,"max_hp_loss":0,"event_name":"MindBloom","floor":44,"gold_loss":0}],"is_beta":false,"boss_relics":[{"not_picked":["Runic Pyramid","White Beast Statue"],"picked":"Philosopher\u0027s Stone"},{"not_picked":["Fusion Hammer","Eternal Feather"],"picked":"Snecko Eye"}],"items_purged_floors":[3,20,46],"is_endless":false,"potions_floor_spawned":[2,13,16,18,22,27,29,30,33,36,37,41,45,47,48],"ascension_level":20}