{"gold_per_floor":[109,128,141,161,161,196,210,210,291,11,11,36,36,50,50,50],"floor_reached":16,"playtime":332,"items_purged":["Strike_B"],"score":224,"play_id":"3724ab94-a789-478f-b935-65db58fc76c0","local_time":"20190616235513","is_ascension_mode":true,"campfire_choices":[{"floor":11,"key":"REST"},{"floor":13,"key":"REST"},{"data":"Consume","floor":15,"key":"SMITH"}],"neow_cost":"PERCENT_DAMAGE","seed_source_timestamp":195318243560400,"circlet_count":0,"master_deck":["AscendersBane","Strike_B","Strike_B","Defend_B","Defend_B","Defend_B","Defend_B","Zap","Dualcast","Ball Lightning","Coolheaded","Sweeping Beam","Rebound","Cold Snap","Conserve Battery","Self Repair","Hologram","Sweeping Beam","Echo Form","Consume+1"],"relics":["Cracked Core","Turnip","Strawberry","Letter Opener","Peace Pipe"],"potions_floor_usage":[12,16],"damage_taken":[{"damage":14,"enemies":"Small Slimes","floor":1,"turns":4},{"damage":0,"enemies":"Cultist","floor":2,"turns":3},{"damage":2,"enemies":"Jaw Worm","floor":3,"turns":3},{"damage":0,"enemies":"Large Slime","floor":4,"turns":4},{"damage":20,"enemies":"Lagavulin","floor":6,"turns":6},{"damage":14,"enemies":"Red Slaver","floor":7,"turns":2},{"damage":21,"enemies":"3 Sentries","floor":12,"turns":7},{"damage":3,"enemies":"Lots of Slimes","floor":14,"turns":2},{"damage":0,"enemies":"Slime Boss","floor":16,"turns":3}],"seed_played":"5934559687907636912","potions_obtained":[{"floor":1,"key":"SpeedPotion"},{"floor":3,"key":"Swift Potion"},{"floor":6,"key":"Block Potion"}],"is_trial":false,"path_per_floor":["M","M","M","M","?","E","M","?","T","$","R","E","R","M","R","B"],"character_chosen":"DEFECT","items_purchased":["Conserve Battery","Self Repair","Hologram","Sweeping Beam"],"campfire_rested":2,"item_purchase_floors":[10,10,10,10],"current_hp_per_floor":[32,32,30,30,30,17,3,3,3,3,26,12,35,32,32,32],"gold":50,"neow_bonus":"ONE_RARE_RELIC","is_prod":false,"is_daily":false,"chose_seed":false,"campfire_upgraded":1,"win_rate":0,"timestamp":1560696913,"path_taken":["M","M","M","M","?","E","?","?","T","$","R","E","R","M","R","BOSS"],"build_version":"2019-01-23","purchased_purges":1,"victory":false,"max_hp_per_floor":[71,71,71,71,71,78,78,78,78,78,78,78,78,78,78,78],"card_choices":[{"not_picked":["FTL","Tempest"],"picked":"Ball Lightning","floor":1},{"not_picked":["Stack","Barrage"],"picked":"Coolheaded","floor":2},{"not_picked":["Scrape","Skim"],"picked":"Sweeping Beam","floor":3},{"not_picked":["Coolheaded","Chaos"],"picked":"Rebound","floor":4},{"not_picked":["Leap","Amplify","Scrape"],"picked":"SKIP","floor":6},{"not_picked":["Aggregate","BootSequence"],"picked":"Cold Snap","floor":7},{"not_picked":["Conserve Battery","Aggregate"],"picked":"Echo Form","floor":12},{"not_picked":["Hologram","Sweeping Beam"],"picked":"Consume","floor":14}],"player_experience":5379778,"relics_obtained":[{"floor":6,"key":"Strawberry"},{"floor":9,"key":"Letter Opener"},{"floor":12,"key":"Peace Pipe"}],"event_choices":[{"cards_removed":["Strike_B"],"damage_healed":0,"gold_gain":0,"player_choice":"Offered Basic","damage_taken":0,"max_hp_gain":0,"max_hp_loss":0,"event_name":"Bonfire Elementals","floor":5,"gold_loss":0},{"damage_healed":0,"gold_gain":0,"player_choice":"Ignored","damage_taken":0,"max_hp_gain":0,"max_hp_loss":0,"event_name":"Shining Light","floor":8,"gold_loss":0}],"is_beta":false,"boss_relics":[],"items_purged_floors":[10],"is_endless":false,"potions_floor_spawned":[1,3,6],"killed_by":"Slime Boss","ascension_level":20}