{"gold_per_floor":[115,115,115,65,25,55,65,97,97,107,107,142,162,162,162,263,263,278,1,91,101,111,140,140,171,197,197,229,244,261,261,261,359,359,377,377,377,430,530,530,548,548,574,574,606,616,616,616,616,616],"floor_reached":51,"playtime":3489,"items_purged":[],"score":919,"play_id":"4680b153-809a-4b0d-b8a5-92588c7ea4c2","local_time":"20190709175001","is_ascension_mode":true,"campfire_choices":[{"floor":11.0,"key":"REST"},{"data":"Barrage","floor":15.0,"key":"SMITH"},{"floor":24.0,"key":"REST"},{"floor":27,"key":"REST"},{"floor":32,"key":"REST"},{"data":"Buffer","floor":40,"key":"SMITH"},{"data":"Blizzard","floor":42,"key":"SMITH"},{"floor":44,"key":"REST"},{"data":"Capacitor","floor":49,"key":"SMITH"}],"neow_cost":"NONE","seed_source_timestamp":96394361052200,"circlet_count":0,"master_deck":["Strike_B+1","Strike_B","Defend_B","Defend_B+1","Zap","Dualcast","Glacier","Lockon","Blizzard+1","BootSequence","Skim","Capacitor+1","Barrage+1","Skim","Electrodynamics","Coolheaded","Chill","Go for the Eyes","Beam Cell","Leap+1","Rainbow","Steam+1","FTL","Defragment+1","Thunder Strike","Madness","Madness","Buffer+1","Ball Lightning","Ball Lightning+1","Undo+1","Bandage Up"],"special_seed":0,"relics":["Cracked Core","NeowsBlessing","Sundial","Torii","Ornamental Fan","Vajra","Black Star","Membership Card","Letter Opener","Mummified Hand","Blood Vial","Regal Pillow","Lantern","PreservedInsect","FossilizedHelix","Velvet Choker","Du-Vu Doll","WingedGreaves","Omamori","Strawberry","Dream Catcher"],"potions_floor_usage":[25,25,25,33,50,50],"damage_taken":[{"damage":0.0,"enemies":"Small Slimes","floor":1.0,"turns":1.0},{"damage":0.0,"enemies":"Gremlin Nob","floor":6.0,"turns":1.0},{"damage":0.0,"enemies":"2 Louse","floor":7.0,"turns":1.0},{"damage":11.0,"enemies":"3 Sentries","floor":8.0,"turns":8.0},{"damage":1.0,"enemies":"Cultist","floor":10.0,"turns":3.0},{"damage":10.0,"enemies":"Gremlin Nob","floor":12.0,"turns":5.0},{"damage":1.0,"enemies":"Exordium Wildlife","floor":13.0,"turns":4.0},{"damage":27.0,"enemies":"The Guardian","floor":16.0,"turns":9.0},{"damage":18.0,"enemies":"Shell Parasite","floor":18.0,"turns":7.0},{"damage":0.0,"enemies":"3 Byrds","floor":21.0,"turns":5.0},{"damage":10.0,"enemies":"Snake Plant","floor":22.0,"turns":5.0},{"damage":34.0,"enemies":"Gremlin Leader","floor":23.0,"turns":5.0},{"damage":25,"enemies":"Slavers","floor":25,"turns":6},{"damage":36,"enemies":"Gremlin Leader","floor":28,"turns":7},{"damage":0,"enemies":"3 Cultists","floor":29,"turns":5},{"damage":0,"enemies":"Centurion and Healer","floor":30,"turns":5},{"damage":1,"enemies":"Collector","floor":33,"turns":10},{"damage":0,"enemies":"Orb Walker","floor":35,"turns":4},{"damage":26,"enemies":"2 Orb Walkers","floor":38,"turns":4},{"damage":5,"enemies":"Mind Bloom Boss Battle","floor":39,"turns":7},{"damage":0,"enemies":"3 Darklings","floor":41,"turns":5},{"damage":14,"enemies":"Reptomancer","floor":45,"turns":6},{"damage":0,"enemies":"Transient","floor":46,"turns":5},{"damage":26,"enemies":"Time Eater","floor":50,"turns":10}],"seed_played":"6900691835957027270","potions_obtained":[{"floor":1.0,"key":"Fire Potion"},{"floor":7.0,"key":"Poison Potion"},{"floor":8.0,"key":"EntropicBrew"},{"floor":12.0,"key":"Strength Potion"},{"floor":13.0,"key":"FairyPotion"},{"floor":21.0,"key":"AttackPotion"},{"floor":23.0,"key":"FearPotion"},{"floor":29,"key":"SteroidPotion"},{"floor":30,"key":"FocusPotion"},{"floor":39,"key":"Strength Potion"},{"floor":45,"key":"FocusPotion"}],"is_trial":false,"path_per_floor":["M","?","?","?","$","E","M","E","T","M","R","E","M","?","R","B",null,"M","$","?","M","M","E","R","E","T","R","E","M","M","?","R","B",null,"M","?","?","?","?","R","M","R","T","R","E","M","?","?","R","B",null],"character_chosen":"DEFECT","items_purchased":["Lockon","Membership Card","Chill","Go for the Eyes","Beam Cell"],"campfire_rested":5,"item_purchase_floors":[5,19,19,19,19],"current_hp_per_floor":[75,68,53,53,53,53,53,42,42,41,63,53,52,52,52,25,75,57,57,43,43,33,7,29,4,4,41,7,9,11,11,48,49,75,75,66,66,42,39,39,41,41,41,75,68,70,70,82,82,60],"gold":616,"neow_bonus":"THREE_ENEMY_KILL","is_prod":false,"is_daily":false,"chose_seed":false,"campfire_upgraded":4,"win_rate":0,"timestamp":1562709001,"path_taken":["M","?","?","?","?","E","?","E","T","M","R","E","M","?","R","BOSS","M","?","?","?","M","E","R","E","T","R","E","M","M","?","R","BOSS","M","?","?","?","?","R","?","R","T","R","E","M","?","?","R","BOSS"],"build_version":"2019-07-05","purchased_purges":0,"victory":true,"max_hp_per_floor":[75,75,75,75,75,75,75,75,75,75,75,75,75,75,75,75,75,75,75,75,75,75,75,75,75,75,75,75,75,75,75,75,75,75,75,75,75,75,75,75,75,75,75,75,82,82,82,82,82,82],"card_choices":[{"not_picked":["Undo","Stack"],"picked":"Glacier","floor":1.0},{"not_picked":["Hello World","White Noise"],"picked":"Blizzard","floor":6.0},{"not_picked":["Capacitor","Compile Driver"],"picked":"BootSequence","floor":7.0},{"not_picked":["Turbo","Hyperbeam"],"picked":"Skim","floor":8.0},{"not_picked":["Sweeping Beam","Defragment"],"picked":"Capacitor","floor":10.0},{"not_picked":["Force Field","Streamline","Stack"],"picked":"SKIP","floor":12.0},{"not_picked":["Beam Cell","Leap"],"picked":"Barrage","floor":13.0},{"not_picked":["Reboot","Buffer"],"picked":"Electrodynamics","floor":16.0},{"not_picked":["Double Energy","Fusion"],"picked":"Coolheaded","floor":18.0},{"not_picked":["Force Field","Lockon+1"],"picked":"Leap+1","floor":21.0},{"not_picked":["Sweeping Beam","Streamline","Stack+1"],"picked":"SKIP","floor":22.0},{"not_picked":["Compile Driver","Conserve Battery"],"picked":"Rainbow","floor":23.0},{"not_picked":["Recycle","Multi-Cast"],"picked":"Steam+1","floor":25},{"not_picked":["Coolheaded","Amplify","Streamline"],"picked":"SKIP","floor":28},{"not_picked":["Compile Driver","Turbo+1"],"picked":"FTL","floor":29},{"not_picked":["Redo","Cold Snap"],"picked":"Defragment","floor":30},{"not_picked":["Hyperbeam","Creative AI"],"picked":"Thunder Strike","floor":33},{"not_picked":["BootSequence","Doom and Gloom+1","Scrape+1"],"picked":"SKIP","floor":35},{"not_picked":["Rebound+1","Leap"],"picked":"Buffer","floor":39},{"not_picked":["White Noise+1","Redo"],"picked":"Ball Lightning","floor":41},{"not_picked":["Conserve Battery+1","Streamline"],"picked":"Ball Lightning+1","floor":45},{"not_picked":["Redo","Multi-Cast"],"picked":"Undo+1","floor":46},{"not_picked":["Good Instincts","Dramatic Entrance"],"picked":"Bandage Up","floor":47}],"player_experience":201222,"relics_obtained":[{"floor":6.0,"key":"Sundial"},{"floor":8.0,"key":"Torii"},{"floor":9.0,"key":"Ornamental Fan"},{"floor":12.0,"key":"Vajra"},{"floor":23.0,"key":"Letter Opener"},{"floor":23.0,"key":"Mummified Hand"},{"floor":25,"key":"Blood Vial"},{"floor":25,"key":"Regal Pillow"},{"floor":26,"key":"Lantern"},{"floor":28,"key":"PreservedInsect"},{"floor":28,"key":"FossilizedHelix"},{"floor":38,"key":"Du-Vu Doll"},{"floor":39,"key":"WingedGreaves"},{"floor":43,"key":"Omamori"},{"floor":45,"key":"Strawberry"},{"floor":45,"key":"Dream Catcher"}],"event_choices":[{"cards_removed":["Strike_B"],"damage_healed":0.0,"max_hp_gain":0.0,"max_hp_loss":0.0,"gold_gain":0.0,"event_name":"Golden Wing","player_choice":"Card Removal","floor":2.0,"gold_loss":0.0,"damage_taken":7.0},{"damage_healed":0.0,"max_hp_gain":0.0,"max_hp_loss":0.0,"gold_gain":0.0,"event_name":"Shining Light","player_choice":"Entered Light","floor":3.0,"gold_loss":0.0,"damage_taken":15.0,"cards_upgraded":["Defend_B","Strike_B"]},{"cards_removed":["Defend_B"],"damage_healed":0.0,"max_hp_gain":0.0,"max_hp_loss":0.0,"gold_gain":0.0,"event_name":"The Cleric","player_choice":"Card Removal","floor":4.0,"gold_loss":50.0,"damage_taken":0.0},{"damage_healed":0.0,"max_hp_gain":0.0,"max_hp_loss":0.0,"gold_gain":0.0,"cards_transformed":["Strike_B"],"event_name":"Transmorgrifier","player_choice":"Transformed","floor":14.0,"gold_loss":0.0,"damage_taken":0.0,"cards_obtained":["Skim"]},{"damage_healed":0.0,"max_hp_gain":0.0,"max_hp_loss":0.0,"gold_gain":90.0,"event_name":"Knowing Skull","player_choice":"GOLD ","floor":20.0,"potions_obtained":[],"gold_loss":0.0,"damage_taken":14.0,"cards_obtained":[]},{"damage_healed":0,"gold_gain":0,"player_choice":"Forge","damage_taken":0,"max_hp_gain":0,"max_hp_loss":0,"event_name":"Accursed Blacksmith","floor":31,"gold_loss":0,"cards_upgraded":["Defragment"]},{"damage_healed":0,"gold_gain":0,"player_choice":"Embrace Madness","damage_taken":9,"max_hp_gain":0,"max_hp_loss":0,"event_name":"Winding Halls","floor":36,"gold_loss":0,"cards_obtained":["Madness","Madness"]},{"cards_removed":["Defend_B"],"damage_healed":0,"gold_gain":0,"player_choice":"Removed Skill","damage_taken":0,"max_hp_gain":0,"max_hp_loss":0,"event_name":"Falling","floor":37,"gold_loss":0},{"damage_healed":0,"gold_gain":0,"player_choice":"Fight","damage_taken":0,"max_hp_gain":0,"max_hp_loss":0,"event_name":"Mysterious Sphere","floor":38,"gold_loss":0},{"damage_healed":0,"gold_gain":0,"player_choice":"Fight","damage_taken":0,"max_hp_gain":0,"max_hp_loss":0,"event_name":"MindBloom","floor":39,"gold_loss":0},{"damage_healed":0,"gold_gain":0,"player_choice":"Memory 1","damage_taken":0,"max_hp_gain":0,"max_hp_loss":0,"event_name":"SensoryStone","floor":47,"gold_loss":0},{"damage_healed":12,"gold_gain":0,"player_choice":"Full Heal","damage_taken":0,"max_hp_gain":0,"max_hp_loss":0,"event_name":"Wheel of Change","floor":48,"gold_loss":0}],"is_beta":false,"boss_relics":[{"not_picked":["Eternal Feather","Tiny House"],"picked":"Black Star"},{"not_picked":["Pandora\u0027s Box","Runic Dome"],"picked":"Velvet Choker"}],"items_purged_floors":[],"is_endless":false,"potions_floor_spawned":[1,7,8,12,13,21,23,29,30,39,45],"ascension_level":4}