{"gold_per_floor":[113,78,94,94,94,129,75,75,99,99,109,127,143,143,143,215,215,231,96,96,113,131,156,176,176],"floor_reached":25,"playtime":905,"items_purged":[],"score":630,"play_id":"ca8b03a6-a2a2-46b4-b3b8-1c34799f060f","local_time":"20190719232908","is_ascension_mode":true,"campfire_choices":[{"floor":8,"key":"REST"},{"floor":15,"key":"REST"}],"neow_cost":"","seed_source_timestamp":2453236443413877,"circlet_count":0,"master_deck":["AscendersBane","Strike_R","Strike_R","Strike_R","Strike_R","Strike_R","Defend_R","Defend_R+1","Defend_R","Defend_R","Bash+1","Clothesline","Shrug It Off","Iron Wave","Infernal Blade+1","Pommel Strike","Shockwave","Perfected Strike","Armaments","Offering","Twin Strike","Shrug It Off"],"relics":["Burning Blood","Meat on the Bone","Art of War","War Paint","StoneCalendar","Runic Dome","Tiny Chest","FaceOfCleric","Bottled Flame"],"potions_floor_usage":[13,16,23,24,25],"damage_taken":[{"damage":8,"enemies":"2 Louse","floor":1,"turns":4},{"damage":15,"enemies":"Small Slimes","floor":3,"turns":4},{"damage":46,"enemies":"Lagavulin","floor":6,"turns":9},{"damage":7,"enemies":"Jaw Worm","floor":11,"turns":3},{"damage":1,"enemies":"Blue Slaver","floor":12,"turns":3},{"damage":0,"enemies":"Exordium Thugs","floor":13,"turns":2},{"damage":36,"enemies":"Slime Boss","floor":16,"turns":7},{"damage":6,"enemies":"Chosen","floor":18,"turns":5},{"damage":18,"enemies":"Shell Parasite","floor":21,"turns":6},{"damage":13,"enemies":"Chosen and Byrds","floor":22,"turns":6},{"damage":42,"enemies":"Gremlin Leader","floor":23,"turns":7},{"damage":32,"enemies":"Shelled Parasite and Fungi","floor":24,"turns":7},{"damage":32,"enemies":"Slavers","floor":25,"turns":5}],"seed_played":"5484776625982764753","potions_obtained":[{"floor":6,"key":"Poison Potion"},{"floor":11,"key":"Ancient Potion"},{"floor":13,"key":"Regen Potion"},{"floor":18,"key":"Weak Potion"},{"floor":21,"key":"Explosive Potion"},{"floor":22,"key":"Regen Potion"},{"floor":23,"key":"Energy Potion"}],"is_trial":false,"path_per_floor":["M","?","M","?","?","E","$","R","T","$","M","M","M","?","R","B",null,"M","$","?","M","M","E","M","E"],"character_chosen":"IRONCLAD","items_purchased":["Meat on the Bone","Explosive Potion","Pommel Strike","Tiny Chest"],"campfire_rested":2,"item_purchase_floors":[0,0,7,19],"current_hp_per_floor":[49,66,57,57,57,29,29,50,50,50,49,54,60,34,55,37,62,62,62,62,51,45,37,24,0],"gold":176,"neow_bonus":"","is_prod":false,"is_daily":false,"chose_seed":false,"campfire_upgraded":0,"win_rate":0,"timestamp":1563571748,"path_taken":["M","?","M","?","?","E","$","R","T","?","?","M","M","?","R","BOSS","M","$","?","?","M","E","M","E"],"build_version":"2019-07-17","purchased_purges":0,"victory":false,"max_hp_per_floor":[70,70,70,70,70,70,70,70,70,70,70,70,70,70,70,70,70,70,70,70,71,72,73,74,74],"card_choices":[{"not_picked":["Corruption","Clothesline"],"picked":"Shrug It Off","floor":1},{"not_picked":["Clash","Wild Strike"],"picked":"Iron Wave","floor":3},{"not_picked":["Headbutt","Fire Breathing"],"picked":"Infernal Blade","floor":6},{"not_picked":["Wild Strike","Iron Wave"],"picked":"Shockwave","floor":11},{"not_picked":["Wild Strike","Rupture"],"picked":"Perfected Strike","floor":12},{"not_picked":["Searing Blow","Flex"],"picked":"Armaments","floor":13},{"not_picked":["Fiend Fire","Brutality"],"picked":"Offering","floor":16},{"not_picked":["Body Slam","Warcry","Pummel"],"picked":"SKIP","floor":18},{"not_picked":["Sever Soul+1","Cleave"],"picked":"Twin Strike","floor":21},{"not_picked":["Entrench","Sword Boomerang","Anger"],"picked":"SKIP","floor":22},{"not_picked":["Rampage","Burning Pact","Feel No Pain"],"picked":"SKIP","floor":23},{"not_picked":["Havoc","Headbutt"],"picked":"Shrug It Off","floor":24}],"player_experience":497197,"relics_obtained":[{"floor":6,"key":"Art of War"},{"floor":9,"key":"War Paint"},{"floor":23,"key":"Bottled Flame"}],"event_choices":[{"damage_healed":17,"gold_gain":0,"player_choice":"Healed","damage_taken":0,"max_hp_gain":0,"max_hp_loss":0,"event_name":"The Cleric","floor":2,"gold_loss":35},{"damage_healed":0,"gold_gain":0,"player_choice":"Ignored","damage_taken":0,"max_hp_gain":0,"max_hp_loss":0,"event_name":"Liars Game","floor":4,"gold_loss":0},{"damage_healed":0,"gold_gain":0,"player_choice":"Grow","damage_taken":0,"max_hp_gain":0,"max_hp_loss":0,"event_name":"Living Wall","floor":5,"gold_loss":0,"cards_upgraded":["Bash"]},{"damage_healed":0,"gold_gain":0,"player_choice":"Success","damage_taken":26,"relics_obtained":["StoneCalendar"],"max_hp_gain":0,"max_hp_loss":0,"event_name":"Scrap Ooze","floor":14,"gold_loss":0},{"damage_healed":0,"gold_gain":0,"player_choice":"Trade","damage_taken":0,"relics_obtained":["FaceOfCleric"],"max_hp_gain":0,"max_hp_loss":0,"event_name":"FaceTrader","floor":20,"gold_loss":0}],"is_beta":false,"boss_relics":[{"not_picked":["Coffee Dripper","Runic Pyramid"],"picked":"Runic Dome"}],"items_purged_floors":[],"is_endless":false,"potions_floor_spawned":[6,11,12,13,18,21,22,23],"killed_by":"Slavers","ascension_level":19}