{"gold_per_floor":[17,17,17,28,55,66,20,20,47,47,47,47,60,91,91,91],"floor_reached":16,"playtime":572,"items_purged":[],"score":200,"play_id":"773388b6-1a9e-4747-8823-b7434945305e","local_time":"20190328004032","is_ascension_mode":true,"campfire_choices":[{"data":"Searing Blow+1","floor":10.0,"key":"SMITH"},{"data":"Searing Blow+2","floor":12.0,"key":"SMITH"},{"data":"Searing Blow+3","floor":15.0,"key":"SMITH"}],"neow_cost":"NO_GOLD","seed_source_timestamp":1212468432007700,"circlet_count":0,"master_deck":["AscendersBane","Strike_R","Strike_R","Strike_R","Defend_R","Defend_R","Defend_R","Defend_R","Bash","Searing Blow+4","Shockwave","Burning Pact","Headbutt"],"special_seed":0,"relics":["Burning Blood","WingedGreaves","Strawberry","Bronze Scales","Shuriken","Anchor"],"potions_floor_usage":[16,16],"damage_taken":[{"damage":14.0,"enemies":"Jaw Worm","floor":1.0,"turns":6.0},{"damage":3.0,"enemies":"2 Louse","floor":4.0,"turns":3.0},{"damage":4.0,"enemies":"Cultist","floor":6.0,"turns":4.0},{"damage":13.0,"enemies":"Exordium Thugs","floor":7.0,"turns":7.0},{"damage":4.0,"enemies":"2 Fungi Beasts","floor":13.0,"turns":3.0},{"damage":43.0,"enemies":"Gremlin Nob","floor":14.0,"turns":4.0},{"damage":24,"enemies":"Hexaghost","floor":16,"turns":9}],"seed_played":"-17147382361207857","potions_obtained":[{"floor":4.0,"key":"SpeedPotion"},{"floor":6.0,"key":"Explosive Potion"},{"floor":7.0,"key":"Ancient Potion"}],"is_trial":false,"path_per_floor":["M","?","?","M","T","M","M","?","T","R","?","R","M","E","R","B"],"character_chosen":"IRONCLAD","items_purchased":[],"campfire_rested":0,"item_purchase_floors":[],"current_hp_per_floor":[60,60,60,63,70,72,65,58,58,58,58,58,60,23,23,0],"gold":91,"neow_bonus":"ONE_RARE_RELIC","is_prod":false,"is_daily":false,"chose_seed":false,"campfire_upgraded":3,"win_rate":0,"timestamp":1553701232,"path_taken":["M","?","?","?","?","M","M","?","T","R","?","R","M","E","R","BOSS"],"build_version":"2019-01-23","purchased_purges":0,"victory":false,"max_hp_per_floor":[75,75,75,75,82,82,82,82,82,82,82,82,82,82,82,82],"card_choices":[{"not_picked":["Shrug It Off","Power Through"],"picked":"Disarm","floor":1.0},{"not_picked":["Fire Breathing","Carnage"],"picked":"Shockwave","floor":4.0},{"not_picked":["Dropkick","Feel No Pain","Carnage"],"picked":"SKIP","floor":6.0},{"not_picked":["Combust","Uppercut","Carnage"],"picked":"SKIP","floor":7.0},{"not_picked":["Iron Wave","Dual Wield"],"picked":"Burning Pact","floor":13.0},{"not_picked":["Fire Breathing","Sword Boomerang"],"picked":"Headbutt","floor":14.0}],"player_experience":4640891,"relics_obtained":[{"floor":5.0,"key":"Strawberry"},{"floor":9.0,"key":"Bronze Scales"},{"floor":14.0,"key":"Anchor"}],"event_choices":[{"damage_healed":0.0,"max_hp_gain":0.0,"max_hp_loss":0.0,"gold_gain":0.0,"cards_transformed":["Strike_R"],"event_name":"Living Wall","player_choice":"Change","floor":2.0,"gold_loss":0.0,"damage_taken":0.0,"cards_obtained":["Searing Blow"]},{"damage_healed":0.0,"max_hp_gain":0.0,"max_hp_loss":0.0,"gold_gain":0.0,"event_name":"Accursed Blacksmith","player_choice":"Forge","floor":3.0,"gold_loss":0.0,"damage_taken":0.0,"cards_upgraded":["Searing Blow"]},{"cards_removed":["Strike_R"],"damage_healed":0.0,"max_hp_gain":0.0,"max_hp_loss":0.0,"gold_gain":0.0,"event_name":"Golden Wing","player_choice":"Card Removal","floor":8.0,"gold_loss":0.0,"damage_taken":7.0},{"cards_removed":["Disarm"],"damage_healed":0.0,"max_hp_gain":0.0,"max_hp_loss":0.0,"gold_gain":0.0,"event_name":"WeMeetAgain","player_choice":"Gave Card","floor":11.0,"gold_loss":0.0,"damage_taken":0.0,"relics_obtained":["Shuriken"]}],"is_beta":false,"boss_relics":[],"items_purged_floors":[],"is_endless":false,"potions_floor_spawned":[4,6,7,14],"killed_by":"Hexaghost","ascension_level":20}