{"gold_per_floor":[111,127,127,177,191,191,218,218,245,245,272,284,25,84,84,157,157,169,183,183,183,198,198,53,86,86,12,29,29,57,57,57,128,128,148,148,370,388,398,12,22,22,22,22,22,38,67,18,18,18],"floor_reached":51,"playtime":2042,"items_purged":[],"score":1763,"play_id":"cc5086e6-dfd9-46f0-84cc-d54d0a0224fc","local_time":"20190716224642","is_ascension_mode":true,"campfire_choices":[{"floor":6.0,"key":"DIG"},{"data":"Bash","floor":8.0,"key":"SMITH"},{"floor":12.0,"key":"DIG"},{"floor":15.0,"key":"REST"},{"floor":23.0,"key":"DIG"},{"floor":32.0,"key":"DIG"},{"data":"1","floor":42.0,"key":"LIFT"},{"data":"2","floor":45.0,"key":"LIFT"},{"data":"3","floor":49,"key":"LIFT"}],"neow_cost":"","seed_source_timestamp":2190242210956688,"circlet_count":0,"master_deck":["AscendersBane","Strike_R","Strike_R","Strike_R","Strike_R","Strike_R","Defend_R","Defend_R+1","Defend_R","Defend_R+1","Bash+1","Battle Trance","Cleave","Perfected Strike","Clothesline","Parasite","Twin Strike","Wild Strike+1","Armaments+1","Limit Break+1","Shrug It Off+1","Intimidate+1","Iron Wave+1","Shrug It Off+1","Seeing Red+1","Thunderclap+1","Uppercut+1","Seeing Red+1","True Grit+1","Reaper+1","Madness+1","Madness+1","Pommel Strike+1","Battle Trance+1","Armaments+1","Reaper+1","Chrysalis+1","Jack Of All Trades+1","Trip+1","Whirlwind+1","True Grit+1","Enlightenment+1"],"special_seed":0,"relics":["Burning Blood","Du-Vu Doll","Lee\u0027s Waffle","Shovel","WingedGreaves","Lantern","War Paint","Dream Catcher","Orichalcum","MawBank","Centennial Puzzle","Toxic Egg 2","Molten Egg 2","Velvet Choker","Bottled Flame","Red Mask","Pear","Calipers","Ornamental Fan","Pantograph","Eternal Feather","Membership Card","Girya","Incense Burner","Bag of Preparation"],"potions_floor_usage":[],"damage_taken":[{"damage":7.0,"enemies":"Jaw Worm","floor":1.0,"turns":3.0},{"damage":8.0,"enemies":"Cultist","floor":2.0,"turns":5.0},{"damage":9.0,"enemies":"2 Louse","floor":5.0,"turns":2.0},{"damage":56.0,"enemies":"3 Sentries","floor":7.0,"turns":10.0},{"damage":27.0,"enemies":"Lagavulin","floor":11.0,"turns":6.0},{"damage":23.0,"enemies":"Lagavulin Event","floor":14.0,"turns":4.0},{"damage":15.0,"enemies":"Slime Boss","floor":16.0,"turns":7.0},{"damage":0.0,"enemies":"Spheric Guardian","floor":18.0,"turns":2.0},{"damage":7.0,"enemies":"Chosen","floor":19.0,"turns":3.0},{"damage":5.0,"enemies":"Snecko","floor":22.0,"turns":3.0},{"damage":7.0,"enemies":"Masked Bandits","floor":25.0,"turns":3.0},{"damage":0.0,"enemies":"Centurion and Healer","floor":28.0,"turns":4.0},{"damage":21.0,"enemies":"Book of Stabbing","floor":30.0,"turns":5.0},{"damage":80.0,"enemies":"Collector","floor":33.0,"turns":12.0},{"damage":5.0,"enemies":"3 Darklings","floor":35.0,"turns":5.0},{"damage":1.0,"enemies":"Orb Walker","floor":38.0,"turns":3.0},{"damage":65.0,"enemies":"4 Shapes","floor":39.0,"turns":13.0},{"damage":38.0,"enemies":"Spire Growth","floor":41.0,"turns":6.0},{"damage":57.0,"enemies":"Jaw Worm Horde","floor":46.0,"turns":6.0},{"damage":51,"enemies":"Reptomancer","floor":47,"turns":8},{"damage":57,"enemies":"Time Eater","floor":50,"turns":12}],"seed_played":"1737735379944808493","potions_obtained":[{"floor":1.0,"key":"SmokeBomb"},{"floor":11.0,"key":"AttackPotion"},{"floor":22.0,"key":"Strength Potion"},{"floor":33.0,"key":"AttackPotion"},{"floor":35.0,"key":"Regen Potion"},{"floor":47,"key":"FairyPotion"}],"is_trial":false,"path_per_floor":["M","M","?","?","M","R","E","R","T","?","E","R","$","?","R","B",null,"M","M","?","?","M","R","$","?","T","$","M","?","E","T","R","B",null,"M","?","?","M","M","$","M","R","T","?","R","M","E","$","R","B",null],"character_chosen":"IRONCLAD","items_purchased":["Lee\u0027s Waffle","Shovel","Lantern","Toxic Egg 2","Shrug It Off+1","Seeing Red+1","Uppercut+1","Membership Card","Girya","Armaments+1","Enlightenment+1"],"campfire_rested":1,"item_purchase_floors":[0,0,0,13,24,24,27,40,40,40,48],"current_hp_per_floor":[81,79,84,84,81,81,31,31,31,52,31,31,31,14,40,31,73,79,78,78,78,79,79,79,78,88,88,94,94,79,79,79,23,79,97,80,80,85,44,44,27,48,48,38,59,41,62,62,86,83],"gold":18,"neow_bonus":"","is_prod":false,"is_daily":false,"chose_seed":false,"campfire_upgraded":1,"win_rate":0,"timestamp":1563310002,"path_taken":["M","M","?","?","?","R","E","R","T","?","E","R","$","?","R","BOSS","M","M","?","?","M","R","$","?","T","$","M","?","E","?","R","BOSS","M","?","?","M","M","$","M","R","T","?","R","?","E","$","R","BOSS"],"build_version":"2019-07-05","purchased_purges":0,"victory":true,"max_hp_per_floor":[82,82,87,87,87,87,87,87,87,87,87,87,87,87,87,87,87,87,87,87,87,87,87,87,87,97,97,97,97,97,97,97,97,97,97,97,97,97,97,97,97,97,97,97,97,97,97,97,97,97],"card_choices":[{"not_picked":["Headbutt","Dual Wield"],"picked":"Battle Trance","floor":1.0},{"not_picked":["Carnage","Intimidate"],"picked":"Cleave","floor":2.0},{"not_picked":["Cleave","True Grit"],"picked":"Perfected Strike","floor":5.0},{"not_picked":["Iron Wave","True Grit"],"picked":"Clothesline","floor":7.0},{"not_picked":["Clothesline","Cleave"],"picked":"Twin Strike","floor":11.0},{"not_picked":["Heavy Blade","Rampage"],"picked":"Wild Strike","floor":14.0},{"not_picked":["Clothesline+1","Dual Wield+1"],"picked":"Armaments+1","floor":15.0},{"not_picked":["Impervious+1","Barricade"],"picked":"Limit Break+1","floor":16.0},{"not_picked":["Thunderclap+1","Cleave+1"],"picked":"Shrug It Off+1","floor":18.0},{"not_picked":["Warcry+1","Evolve"],"picked":"Intimidate+1","floor":19.0},{"not_picked":["Warcry+1","Cleave+1"],"picked":"Iron Wave+1","floor":22.0},{"not_picked":["Body Slam+1","Sword Boomerang+1"],"picked":"Thunderclap+1","floor":25.0},{"not_picked":["Reckless Charge+1","Clothesline+1"],"picked":"Seeing Red+1","floor":28.0},{"not_picked":["Headbutt+1","Heavy Blade+1","Dropkick+1"],"picked":"SKIP","floor":30.0},{"not_picked":["Bludgeon+1","Brutality"],"picked":"Reaper+1","floor":33.0},{"not_picked":["Headbutt+1","Combust","Thunderclap+1"],"picked":"SKIP","floor":35.0},{"not_picked":["Dual Wield+1","Corruption+1"],"picked":"Pommel Strike+1","floor":38.0},{"not_picked":["Iron Wave+1","Flex+1"],"picked":"Battle Trance+1","floor":39.0},{"not_picked":["Carnage+1","Wild Strike+1"],"picked":"Reaper+1","floor":41.0},{"not_picked":["Deep Breath+1","Dramatic Entrance+1"],"picked":"Chrysalis+1","floor":44.0},{"not_picked":["Purity+1","Transmutation+1"],"picked":"Jack Of All Trades+1","floor":44.0},{"not_picked":["Metamorphosis+1","Purity+1"],"picked":"Trip+1","floor":44.0},{"not_picked":["Pommel Strike+1","Flame Barrier+1"],"picked":"Whirlwind+1","floor":46.0},{"not_picked":["Rampage+1","Thunderclap+1"],"picked":"True Grit+1","floor":47}],"player_experience":449489,"relics_obtained":[{"floor":6.0,"key":"War Paint"},{"floor":7.0,"key":"Dream Catcher"},{"floor":9.0,"key":"Orichalcum"},{"floor":11.0,"key":"MawBank"},{"floor":12.0,"key":"Centennial Puzzle"},{"floor":14.0,"key":"Molten Egg 2"},{"floor":23.0,"key":"Bottled Flame"},{"floor":25.0,"key":"Red Mask"},{"floor":26.0,"key":"Pear"},{"floor":30.0,"key":"Calipers"},{"floor":31.0,"key":"Ornamental Fan"},{"floor":32.0,"key":"Pantograph"},{"floor":43.0,"key":"Incense Burner"},{"floor":47,"key":"Bag of Preparation"}],"event_choices":[{"damage_healed":0.0,"max_hp_gain":5.0,"max_hp_loss":0.0,"gold_gain":0.0,"event_name":"Big Fish","player_choice":"Donut","floor":3.0,"gold_loss":0.0,"damage_taken":0.0},{"damage_healed":0.0,"max_hp_gain":0.0,"max_hp_loss":0.0,"gold_gain":50.0,"event_name":"Golden Shrine","player_choice":"Pray","floor":4.0,"gold_loss":0.0,"damage_taken":0.0},{"damage_healed":21.0,"max_hp_gain":0.0,"max_hp_loss":0.0,"gold_gain":0.0,"event_name":"Mushrooms","player_choice":"Healed and dodged fight","floor":10.0,"gold_loss":0.0,"damage_taken":0.0,"cards_obtained":["Parasite"]},{"damage_healed":0.0,"max_hp_gain":0.0,"max_hp_loss":0.0,"gold_gain":0.0,"event_name":"Dead Adventurer","player_choice":"Searched \u00272\u0027 times","floor":14.0,"gold_loss":0.0,"damage_taken":0.0},{"damage_healed":0.0,"max_hp_gain":0.0,"max_hp_loss":0.0,"gold_gain":0.0,"event_name":"Ghosts","player_choice":"Ignored","floor":20.0,"gold_loss":0.0,"damage_taken":0.0},{"damage_healed":0.0,"max_hp_gain":0.0,"max_hp_loss":0.0,"gold_gain":0.0,"event_name":"Beggar","player_choice":"Ignored","floor":21.0,"gold_loss":0.0,"damage_taken":0.0},{"damage_healed":0.0,"max_hp_gain":0.0,"max_hp_loss":0.0,"gold_gain":0.0,"event_name":"Masked Bandits","player_choice":"Fought Bandits","floor":25.0,"gold_loss":0.0,"damage_taken":0.0},{"damage_healed":0.0,"max_hp_gain":0.0,"max_hp_loss":0.0,"gold_gain":0.0,"event_name":"The Library","player_choice":"Read","floor":29.0,"gold_loss":0.0,"damage_taken":0.0,"cards_obtained":["True Grit"]},{"damage_healed":0.0,"max_hp_gain":0.0,"max_hp_loss":0.0,"gold_gain":0.0,"event_name":"Winding Halls","player_choice":"Embrace Madness","floor":36.0,"gold_loss":0.0,"damage_taken":17.0,"cards_obtained":["Madness","Madness"]},{"damage_healed":0.0,"max_hp_gain":0.0,"max_hp_loss":0.0,"gold_gain":222.0,"event_name":"Tomb of Lord Red Mask","player_choice":"Wore Mask","floor":37.0,"gold_loss":0.0,"damage_taken":0.0},{"damage_healed":0.0,"max_hp_gain":0.0,"max_hp_loss":0.0,"gold_gain":0.0,"event_name":"SensoryStone","player_choice":"Memory 3","floor":44.0,"gold_loss":0.0,"damage_taken":10.0}],"is_beta":false,"boss_relics":[{"not_picked":["Mark of Pain","Tiny House"],"picked":"Velvet Choker"},{"not_picked":["White Beast Statue","Black Star"],"picked":"Eternal Feather"}],"items_purged_floors":[],"is_endless":false,"potions_floor_spawned":[1,11,22,25,33,35,47],"ascension_level":18}