{"gold_per_floor":[115,135,152,0,12,12,38,95,125,150,150,150,161,180,180,285,285,296,296,135,153,176,204,204,223,223,240,240,19,44,44,44,142,142,161,161,177,177,49,79,79,92,92,118,118,133,149,149,149,149],"floor_reached":51,"playtime":3452,"items_purged":["Strike_G","Strike_G"],"score":1029,"play_id":"90e741f2-366e-4b00-b599-2546da579a30","local_time":"20190719103628","is_ascension_mode":true,"campfire_choices":[{"floor":6.0,"key":"REST"},{"floor":11.0,"key":"REST"},{"data":"Leg Sweep","floor":15.0,"key":"SMITH"},{"floor":24.0,"key":"REST"},{"floor":28.0,"key":"REST"},{"floor":32.0,"key":"REST"},{"data":"Footwork","floor":41,"key":"SMITH"},{"data":"Caltrops","floor":45,"key":"SMITH"},{"floor":49,"key":"DIG"}],"neow_cost":"NONE","seed_source_timestamp":82782269432500,"circlet_count":0,"master_deck":["Strike_G","Defend_G","Defend_G","Defend_G","Defend_G","Defend_G","Survivor","Neutralize+1","Quick Slash","Leg Sweep+1","All Out Attack","Blade Dance","Poisoned Stab+1","Die Die Die","Cloak And Dagger","Deadly Poison","Backstab","Backstab","Burst","Footwork+1","Crippling Poison","Bouncing Flask","Deflect","Catalyst","Crippling Poison+1","Envenom","PiercingWail+1","Leg Sweep+1","Apotheosis","Caltrops+1","Cloak And Dagger+1"],"special_seed":0,"relics":["Ring of the Snake","Bag of Preparation","Bronze Scales","Pear","Tiny Chest","Mummified Hand","Runic Pyramid","Smiling Mask","Mercury Hourglass","FossilizedHelix","Happy Flower","Ancient Tea Set","Black Star","Matryoshka","Sundial","Whetstone","Shovel","Dream Catcher","Strawberry","Dodecahedron","PreservedInsect"],"potions_floor_usage":[33,40,50,50],"damage_taken":[{"damage":9.0,"enemies":"Cultist","floor":1.0,"turns":6.0},{"damage":0.0,"enemies":"2 Louse","floor":2.0,"turns":2.0},{"damage":3.0,"enemies":"Small Slimes","floor":3.0,"turns":6.0},{"damage":17.0,"enemies":"Exordium Wildlife","floor":5.0,"turns":6.0},{"damage":21.0,"enemies":"Lagavulin","floor":7.0,"turns":5.0},{"damage":10.0,"enemies":"3 Sentries","floor":8.0,"turns":3.0},{"damage":6.0,"enemies":"3 Sentries","floor":10.0,"turns":4.0},{"damage":4.0,"enemies":"Large Slime","floor":13.0,"turns":6.0},{"damage":0.0,"enemies":"Looter","floor":14.0,"turns":2.0},{"damage":27.0,"enemies":"Hexaghost","floor":16.0,"turns":9.0},{"damage":7.0,"enemies":"Shell Parasite","floor":18.0,"turns":6.0},{"damage":16.0,"enemies":"Spheric Guardian","floor":21.0,"turns":4.0},{"damage":19.0,"enemies":"Book of Stabbing","floor":23.0,"turns":5.0},{"damage":9.0,"enemies":"Cultist and Chosen","floor":25.0,"turns":4.0},{"damage":0.0,"enemies":"Sentry and Sphere","floor":27.0,"turns":4.0},{"damage":10.0,"enemies":"Slavers","floor":30.0,"turns":4.0},{"damage":24,"enemies":"Champ","floor":33,"turns":11},{"damage":0,"enemies":"3 Shapes","floor":35,"turns":4},{"damage":11,"enemies":"3 Darklings","floor":37,"turns":4},{"damage":0,"enemies":"Reptomancer","floor":40,"turns":3},{"damage":0,"enemies":"4 Shapes","floor":42,"turns":4},{"damage":0,"enemies":"Maw","floor":46,"turns":5},{"damage":4,"enemies":"Sphere and 2 Shapes","floor":47,"turns":5},{"damage":38,"enemies":"Time Eater","floor":50,"turns":11}],"seed_played":"-7711214457611251189","potions_obtained":[{"floor":5.0,"key":"Dexterity Potion"},{"floor":7.0,"key":"Poison Potion"},{"floor":16.0,"key":"Strength Potion"},{"floor":23.0,"key":"PowerPotion"},{"floor":27.0,"key":"SteroidPotion"},{"floor":30.0,"key":"Explosive Potion"},{"floor":37,"key":"Regen Potion"},{"floor":40,"key":"GhostInAJar"},{"floor":46,"key":"Ancient Potion"}],"is_trial":false,"path_per_floor":["M","M","M","$","M","R","E","?","T","E","R","?","M","M","R","B",null,"M","?","$","M","T","E","R","M","T","M","R","$","E","?","R","B",null,"M","?","M","?","$","E","R","M","T","T","R","M","M","T","R","B",null],"character_chosen":"THE_SILENT","items_purchased":["Strength Potion","Strength Potion","Blade Dance","Crippling Poison","Fire Potion","Catalyst","Happy Flower","Caltrops"],"campfire_rested":5,"item_purchase_floors":[4,4,4,20,20,29,29,39],"current_hp_per_floor":[54,54,51,51,34,55,34,34,34,28,52,45,41,41,41,14,64,57,57,57,41,41,22,46,37,37,37,61,61,51,51,75,51,73,73,73,62,62,62,71,71,71,71,78,78,78,74,74,74,36],"gold":149,"neow_bonus":"RANDOM_COMMON_RELIC","is_prod":false,"is_daily":false,"chose_seed":false,"campfire_upgraded":3,"win_rate":0,"timestamp":1563546988,"path_taken":["M","?","M","$","M","R","E","?","T","E","R","?","M","M","R","BOSS","M","?","$","M","?","E","R","M","T","M","R","$","E","?","R","BOSS","M","?","M","?","$","E","R","M","T","?","R","M","M","?","R","BOSS"],"build_version":"2019-07-17","purchased_purges":2,"victory":true,"max_hp_per_floor":[70,70,70,70,70,70,70,80,80,80,80,80,80,80,80,80,80,80,80,80,80,80,80,80,80,80,80,80,80,80,80,80,80,80,80,80,80,80,80,80,80,80,80,87,87,87,87,87,87,87],"card_choices":[{"not_picked":["Slice","Distraction"],"picked":"Quick Slash","floor":1.0},{"not_picked":["Dodge and Roll","Expertise"],"picked":"Leg Sweep","floor":2.0},{"not_picked":["Dodge and Roll","Choke"],"picked":"All Out Attack","floor":3.0},{"not_picked":["Dagger Throw","Eviscerate"],"picked":"Poisoned Stab","floor":5.0},{"not_picked":["Acrobatics","Setup"],"picked":"Die Die Die","floor":7.0},{"not_picked":["Underhanded Strike","Endless Agony"],"picked":"Cloak And Dagger","floor":8.0},{"not_picked":["Flechettes","Dodge and Roll"],"picked":"Deadly Poison","floor":10.0},{"not_picked":["Backflip","Flechettes"],"picked":"Backstab","floor":13.0},{"not_picked":["Poisoned Stab","Calculated Gamble"],"picked":"Backstab","floor":14.0},{"not_picked":["Unload","Bullet Time"],"picked":"Burst","floor":16.0},{"not_picked":["Predator+1","Escape Plan","Dagger Spray"],"picked":"SKIP","floor":18.0},{"not_picked":["Sucker Punch","Outmaneuver","Prepared+1"],"picked":"SKIP","floor":21.0},{"not_picked":["Reflex","Deadly Poison"],"picked":"Bouncing Flask","floor":23.0},{"not_picked":["Poisoned Stab","Adrenaline"],"picked":"Deflect","floor":25.0},{"not_picked":["Accuracy+1","Poisoned Stab","Choke"],"picked":"SKIP","floor":27.0},{"not_picked":["Backstab","Deadly Poison"],"picked":"Crippling Poison+1","floor":30.0},{"not_picked":["Unload","Venomology"],"picked":"Envenom","floor":33},{"not_picked":["Poisoned Stab","Acrobatics+1"],"picked":"PiercingWail+1","floor":35},{"not_picked":["Bane+1","Poisoned Stab+1"],"picked":"Leg Sweep+1","floor":37},{"not_picked":["Dark Shackles","Swift Strike"],"picked":"Apotheosis","floor":38},{"not_picked":["Dagger Spray","Underhanded Strike","Poisoned Stab"],"picked":"SKIP","floor":40},{"not_picked":["Leg Sweep","Deadly Poison","Dagger Throw"],"picked":"SKIP","floor":42},{"not_picked":["After Image","Bouncing Flask+1","Tactician+1"],"picked":"SKIP","floor":46},{"not_picked":["Poisoned Stab+1","Accuracy"],"picked":"Cloak And Dagger+1","floor":47}],"player_experience":262264,"relics_obtained":[{"floor":7.0,"key":"Bronze Scales"},{"floor":8.0,"key":"Pear"},{"floor":9.0,"key":"Tiny Chest"},{"floor":10.0,"key":"Mummified Hand"},{"floor":22.0,"key":"Smiling Mask"},{"floor":23.0,"key":"Mercury Hourglass"},{"floor":26.0,"key":"FossilizedHelix"},{"floor":30.0,"key":"Ancient Tea Set"},{"floor":40,"key":"Matryoshka"},{"floor":40,"key":"Sundial"},{"floor":43,"key":"Whetstone"},{"floor":43,"key":"Shovel"},{"floor":44,"key":"Dream Catcher"},{"floor":44,"key":"Strawberry"},{"floor":48,"key":"Dodecahedron"},{"floor":49,"key":"PreservedInsect"}],"event_choices":[{"damage_healed":0.0,"max_hp_gain":0.0,"max_hp_loss":0.0,"gold_gain":0.0,"event_name":"Dead Adventurer","player_choice":"Searched \u00271\u0027 times","floor":8.0,"gold_loss":0.0,"damage_taken":0.0},{"cards_removed":["Strike_G"],"damage_healed":0.0,"max_hp_gain":0.0,"max_hp_loss":0.0,"gold_gain":0.0,"event_name":"Golden Wing","player_choice":"Card Removal","floor":12.0,"gold_loss":0.0,"damage_taken":7.0},{"damage_healed":0.0,"max_hp_gain":0.0,"max_hp_loss":0.0,"gold_gain":0.0,"event_name":"The Library","player_choice":"Read","floor":19.0,"gold_loss":0.0,"damage_taken":0.0,"cards_obtained":["Footwork"]},{"cards_removed":["Strike_G"],"damage_healed":0,"gold_gain":0,"player_choice":"Removed Attack","damage_taken":0,"max_hp_gain":0,"max_hp_loss":0,"event_name":"Falling","floor":36,"gold_loss":0},{"damage_healed":0,"gold_gain":0,"player_choice":"Memory 1","damage_taken":0,"max_hp_gain":0,"max_hp_loss":0,"event_name":"SensoryStone","floor":38,"gold_loss":0}],"is_beta":false,"boss_relics":[{"not_picked":["Snecko Eye","Calling Bell"],"picked":"Runic Pyramid"},{"not_picked":["Eternal Feather","Philosopher\u0027s Stone"],"picked":"Black Star"}],"items_purged_floors":[20,39],"is_endless":false,"potions_floor_spawned":[5,7,16,23,27,30,37,40,46],"ascension_level":7}