{"gold_per_floor":[13,33,50,50,68,96,96,112,135,151,151,171,171,186,186,262,262,280,122,172,192,167,167,267,346,371,396,20,33,98,148,148,227,227,240,310,360],"floor_reached":37,"playtime":1430,"items_purged":["Strike_G","Strike_G"],"score":861,"play_id":"dd99fe64-2961-406f-9c1f-047acf7cdb43","local_time":"20190524235433","is_ascension_mode":true,"campfire_choices":[{"data":"Crippling Poison","floor":7.0,"key":"SMITH"},{"data":"Prepared","floor":13.0,"key":"SMITH"},{"floor":15.0,"key":"REST"},{"data":"Tactician","floor":23.0,"key":"SMITH"},{"data":"Acrobatics","floor":32.0,"key":"SMITH"}],"neow_cost":"NO_GOLD","seed_source_timestamp":172488642869500,"circlet_count":0,"master_deck":["AscendersBane","Defend_G","Defend_G","Defend_G","Defend_G","Strike_G","Strike_G","Survivor","Neutralize","Corpse Explosion","Cloak And Dagger","Terror","Dagger Throw","Well Laid Plans","Crippling Poison+1","Tactician+1","Grand Finale","Prepared+1","Predator","Malaise","Calculated Gamble","Acrobatics+1","Decay","Malaise"],"special_seed":0,"relics":["Ring of the Snake","Thread and Needle","Potion Belt","SsserpentHead","Philosopher\u0027s Stone","Red Mask","Smiling Mask","Strawberry","Gambling Chip","HoveringKite"],"potions_floor_usage":[],"damage_taken":[{"damage":0.0,"enemies":"2 Louse","floor":1.0,"turns":6.0},{"damage":0.0,"enemies":"Cultist","floor":2.0,"turns":4.0},{"damage":1.0,"enemies":"Small Slimes","floor":3.0,"turns":4.0},{"damage":9.0,"enemies":"Exordium Wildlife","floor":5.0,"turns":3.0},{"damage":19.0,"enemies":"Lagavulin","floor":6.0,"turns":7.0},{"damage":3.0,"enemies":"Large Slime","floor":8.0,"turns":5.0},{"damage":1.0,"enemies":"Gremlin Gang","floor":10.0,"turns":3.0},{"damage":2.0,"enemies":"3 Louse","floor":12.0,"turns":4.0},{"damage":4.0,"enemies":"Exordium Thugs","floor":14.0,"turns":5.0},{"damage":18.0,"enemies":"Slime Boss","floor":16.0,"turns":9.0},{"damage":0.0,"enemies":"3 Byrds","floor":18.0,"turns":2.0},{"damage":10.0,"enemies":"2 Thieves","floor":21.0,"turns":3.0},{"damage":2.0,"enemies":"Masked Bandits","floor":25.0,"turns":3.0},{"damage":15.0,"enemies":"Slavers","floor":27.0,"turns":2.0},{"damage":0.0,"enemies":"Cultist and Chosen","floor":29.0,"turns":3.0},{"damage":0.0,"enemies":"Sentry and Sphere","floor":30.0,"turns":2.0},{"damage":24.0,"enemies":"Collector","floor":33.0,"turns":6.0},{"damage":51.0,"enemies":"Orb Walker","floor":35.0,"turns":7.0},{"damage":0,"enemies":"3 Darklings","floor":36,"turns":2},{"damage":0,"enemies":"Writhing Mass","floor":37,"turns":3}],"seed_played":"1925993894860397934","potions_obtained":[{"floor":2.0,"key":"Poison Potion"},{"floor":6.0,"key":"SteroidPotion"},{"floor":8.0,"key":"LiquidBronze"},{"floor":10.0,"key":"Energy Potion"},{"floor":21.0,"key":"GhostInAJar"},{"floor":25.0,"key":"Fire Potion"},{"floor":29.0,"key":"Dexterity Potion"},{"floor":30.0,"key":"Energy Potion"},{"floor":35.0,"key":"Weak Potion"}],"is_trial":false,"path_per_floor":["M","M","M","?","M","E","R","M","T","M","?","M","R","M","R","B",null,"M","$","?","M","?","R","?","?","T","E","$","M","M","?","R","B",null,"M","M","M"],"character_chosen":"THE_SILENT","items_purchased":["Ancient Potion","Gambling Chip"],"campfire_rested":1,"item_purchase_floors":[19,28],"current_hp_per_floor":[59,59,58,51,42,23,23,20,20,19,19,17,17,13,32,14,53,53,53,53,43,43,43,43,41,41,33,33,33,33,33,33,9,57,6,6,6],"gold":360,"neow_bonus":"THREE_RARE_CARDS","is_prod":false,"is_daily":false,"chose_seed":false,"campfire_upgraded":4,"win_rate":0,"timestamp":1558709673,"path_taken":["M","M","M","?","M","E","R","M","T","M","?","M","R","M","R","BOSS","M","$","?","M","?","R","?","?","T","E","$","M","?","?","R","BOSS","M","?","?"],"build_version":"2019-01-23","purchased_purges":2,"victory":false,"max_hp_per_floor":[66,66,66,66,66,66,66,66,66,66,66,66,66,66,66,66,66,66,66,66,66,66,66,66,66,66,73,73,73,73,73,73,73,73,73,73,73],"card_choices":[{"not_picked":["Night Terror","Bullet Time"],"picked":"Corpse Explosion","floor":0.0},{"not_picked":["Backflip","Underhanded Strike"],"picked":"Cloak And Dagger","floor":1.0},{"not_picked":["Eviscerate","Deadly Poison"],"picked":"Terror","floor":2.0},{"not_picked":["Sucker Punch","Backflip"],"picked":"Dagger Throw","floor":3.0},{"not_picked":["Dagger Throw","Poisoned Stab"],"picked":"Well Laid Plans","floor":5.0},{"not_picked":["Acrobatics","Flying Knee"],"picked":"Crippling Poison","floor":6.0},{"not_picked":["All Out Attack","Cloak And Dagger"],"picked":"Tactician","floor":8.0},{"not_picked":["Finisher","Poisoned Stab"],"picked":"Grand Finale","floor":10.0},{"not_picked":["Poisoned Stab","Underhanded Strike"],"picked":"Prepared","floor":12.0},{"not_picked":["Outmaneuver","Sucker Punch"],"picked":"Predator","floor":14.0},{"not_picked":["Doppelganger","Die Die Die"],"picked":"Malaise","floor":16.0},{"not_picked":["Dagger Throw","Dodge and Roll","Quick Slash"],"picked":"SKIP","floor":18.0},{"not_picked":["Infinite Blades","Deadly Poison"],"picked":"Calculated Gamble","floor":21.0},{"not_picked":["Leg Sweep","Burst","Choke"],"picked":"SKIP","floor":27.0},{"not_picked":["Slice","Prepared"],"picked":"Acrobatics","floor":29.0},{"not_picked":["Outmaneuver","Sucker Punch","Dagger Spray"],"picked":"SKIP","floor":30.0},{"not_picked":["Tools of the Trade","Corpse Explosion"],"picked":"Malaise","floor":33.0},{"not_picked":["Masterful Stab","Flying Knee","Dodge and Roll+1"],"picked":"SKIP","floor":35.0},{"not_picked":["Endless Agony","Catalyst","Quick Slash"],"picked":"SKIP","floor":36}],"player_experience":5136031,"relics_obtained":[{"floor":6.0,"key":"Thread and Needle"},{"floor":9.0,"key":"Potion Belt"},{"floor":25.0,"key":"Red Mask"},{"floor":26.0,"key":"Smiling Mask"},{"floor":27.0,"key":"Strawberry"}],"event_choices":[{"cards_removed":["Defend_G"],"damage_healed":0.0,"max_hp_gain":0.0,"max_hp_loss":0.0,"gold_gain":0.0,"event_name":"Golden Wing","player_choice":"Card Removal","floor":4.0,"gold_loss":0.0,"damage_taken":7.0},{"damage_healed":0.0,"max_hp_gain":0.0,"max_hp_loss":0.0,"gold_gain":0.0,"event_name":"FaceTrader","player_choice":"Trade","floor":11.0,"gold_loss":0.0,"damage_taken":0.0,"relics_obtained":["SsserpentHead"]},{"damage_healed":0.0,"max_hp_gain":0.0,"max_hp_loss":0.0,"gold_gain":0.0,"event_name":"Ghosts","player_choice":"Ignored","floor":20.0,"gold_loss":0.0,"damage_taken":0.0},{"cards_removed":["Strike_G"],"damage_healed":0.0,"max_hp_gain":0.0,"max_hp_loss":0.0,"gold_gain":0.0,"event_name":"Beggar","player_choice":"Gave Gold","floor":22.0,"gold_loss":75.0,"damage_taken":0.0},{"damage_healed":0.0,"max_hp_gain":0.0,"max_hp_loss":0.0,"gold_gain":50.0,"event_name":"Nest","player_choice":"Stole From Cult","floor":24.0,"gold_loss":0.0,"damage_taken":0.0},{"damage_healed":0.0,"max_hp_gain":0.0,"max_hp_loss":0.0,"gold_gain":0.0,"event_name":"Masked Bandits","player_choice":"Fought Bandits","floor":25.0,"gold_loss":0.0,"damage_taken":0.0},{"damage_healed":0.0,"max_hp_gain":0.0,"max_hp_loss":0.0,"gold_gain":0.0,"event_name":"Wheel of Change","player_choice":"Cursed","floor":31.0,"gold_loss":0.0,"damage_taken":0.0,"cards_obtained":["Decay"]}],"is_beta":false,"boss_relics":[{"not_picked":["Coffee Dripper","Runic Dome"],"picked":"Philosopher\u0027s Stone"},{"not_picked":["Ring of the Serpent","Sozu"],"picked":"HoveringKite"}],"items_purged_floors":[19,28],"is_endless":false,"potions_floor_spawned":[2,6,8,10,21,25,29,30,35],"killed_by":"Writhing Mass","ascension_level":20}