{"gold_per_floor":[117,117,31,31,31,31,45,60,83,233,156,156,195,219,219,313,313,332,332,356,13,31,31,55,55,55,55,69,112,124],"floor_reached":30,"playtime":1232,"items_purged":[],"score":746,"play_id":"4b9b9bd1-0f34-4013-a541-88ed42f96fc5","local_time":"20190723013617","is_ascension_mode":true,"campfire_choices":[{"floor":6,"key":"REST"},{"data":"True Grit","floor":12,"key":"SMITH"},{"floor":15,"key":"REST"},{"floor":23,"key":"REST"}],"neow_cost":"","seed_source_timestamp":2719742856375734,"circlet_count":0,"master_deck":["AscendersBane","Strike_R+1","Strike_R","Defend_R+1","Defend_R","Defend_R","Defend_R","Bash","Uppercut+1","Havoc","Clothesline+1","Feel No Pain","Infernal Blade","Havoc","True Grit+1","Spot Weakness","Dark Embrace","Body Slam+1","Disarm","Evolve","Whirlwind+1","Offering","Cleave+1","Carnage+1","Corruption","Shockwave","Sentinel","Pummel+1","Dual Wield+1","Feel No Pain"],"relics":["Burning Blood","Juzu Bracelet","Lee\u0027s Waffle","Molten Egg 2","Dead Branch","Blood Vial","Golden Idol","Omamori","StoneCalendar","Orrery","Question Card","Toxic Egg 2","MawBank"],"potions_floor_usage":[13,16,20],"damage_taken":[{"damage":4,"enemies":"Jaw Worm","floor":1,"turns":3},{"damage":0,"enemies":"2 Louse","floor":7,"turns":3},{"damage":4,"enemies":"Small Slimes","floor":8,"turns":4},{"damage":50,"enemies":"Gremlin Nob","floor":13,"turns":5},{"damage":6,"enemies":"3 Louse","floor":14,"turns":3},{"damage":1,"enemies":"Slime Boss","floor":16,"turns":7},{"damage":46,"enemies":"Spheric Guardian","floor":18,"turns":7},{"damage":26,"enemies":"3 Byrds","floor":20,"turns":5},{"damage":6,"enemies":"Snecko","floor":22,"turns":2},{"damage":15,"enemies":"Snake Plant","floor":24,"turns":3},{"damage":23,"enemies":"Centurion and Healer","floor":28,"turns":4},{"damage":18,"enemies":"Gremlin Leader","floor":29,"turns":4},{"damage":19,"enemies":"Chosen and Byrds","floor":30,"turns":3}],"seed_played":"5185524097636083524","potions_obtained":[{"floor":1,"key":"Dexterity Potion"},{"floor":8,"key":"Weak Potion"},{"floor":13,"key":"Block Potion"},{"floor":18,"key":"SpeedPotion"},{"floor":22,"key":"GamblersBrew"},{"floor":27,"key":"Ancient Potion"}],"is_trial":false,"path_per_floor":["M","?","$","?","?","R","M","M","T","?","$","R","E","M","R","B",null,"M","?","M","$","M","R","M","?","T","?","M","E","M"],"character_chosen":"IRONCLAD","items_purchased":["Juzu Bracelet","Lee\u0027s Waffle","Molten Egg 2","Uppercut+1","Havoc","Feel No Pain","Havoc","True Grit","Shockwave","Question Card"],"campfire_rested":3,"item_purchase_floors":[0,0,0,0,0,3,11,11,21,21],"current_hp_per_floor":[82,64,64,39,39,61,69,73,73,73,73,73,30,32,54,61,71,33,33,15,15,17,39,32,32,32,32,17,7,0],"gold":124,"neow_bonus":"","is_prod":false,"is_daily":false,"chose_seed":false,"campfire_upgraded":1,"win_rate":0,"timestamp":1563838577,"path_taken":["M","?","$","?","?","R","M","M","T","?","?","R","E","M","R","BOSS","M","?","M","$","M","R","M","?","T","?","M","E","M"],"build_version":"2019-07-17","purchased_purges":0,"victory":false,"max_hp_per_floor":[82,82,82,82,74,74,74,74,74,74,74,74,74,74,74,74,74,74,74,74,74,74,74,74,74,74,74,74,74,74],"card_choices":[{"not_picked":["Headbutt+1","Twin Strike+1"],"picked":"Clothesline+1","floor":1},{"not_picked":["Battle Trance","Warcry"],"picked":"Infernal Blade","floor":7},{"not_picked":["Rampage+1","Pommel Strike+1","Thunderclap+1"],"picked":"SKIP","floor":8},{"not_picked":["Perfected Strike+1","Fire Breathing"],"picked":"Spot Weakness","floor":13},{"not_picked":["Hemokinesis+1","Sword Boomerang+1","Demon Form"],"picked":"SKIP","floor":14},{"not_picked":["Immolate+1","Impervious"],"picked":"Dark Embrace","floor":16},{"not_picked":["Seeing Red","Flex"],"picked":"Body Slam+1","floor":17},{"not_picked":["Headbutt+1","Clothesline+1"],"picked":"Disarm","floor":17},{"not_picked":["Warcry","Infernal Blade"],"picked":"Evolve","floor":17},{"not_picked":["Flex","Heavy Blade+1"],"picked":"Whirlwind+1","floor":17},{"not_picked":["Pommel Strike+1","Sentinel"],"picked":"Offering","floor":18},{"not_picked":["Body Slam+1","Spot Weakness"],"picked":"Corruption","floor":20},{"not_picked":["Bloodletting","True Grit","Pommel Strike+1"],"picked":"Sentinel","floor":22},{"not_picked":["Inflame","Reckless Charge+1","Pommel Strike+1"],"picked":"Pummel+1","floor":24},{"not_picked":["Warcry+1","Perfected Strike+1","Cleave+1"],"picked":"Dual Wield+1","floor":28},{"not_picked":["Spot Weakness+1","Searing Blow+1","Pommel Strike+1"],"picked":"Feel No Pain","floor":29}],"player_experience":548415,"relics_obtained":[{"floor":9,"key":"Omamori"},{"floor":13,"key":"StoneCalendar"},{"floor":26,"key":"Toxic Egg 2"},{"floor":29,"key":"MawBank"}],"event_choices":[{"damage_healed":0,"gold_gain":0,"player_choice":"Success","damage_taken":18,"relics_obtained":["Blood Vial"],"max_hp_gain":0,"max_hp_loss":0,"event_name":"Scrap Ooze","floor":2,"gold_loss":0},{"damage_healed":0,"gold_gain":0,"player_choice":"Entered Light","damage_taken":25,"max_hp_gain":0,"max_hp_loss":0,"event_name":"Shining Light","floor":4,"gold_loss":0,"cards_upgraded":["Strike_R","Defend_R"]},{"damage_healed":0,"gold_gain":0,"player_choice":"Lose Max HP","damage_taken":0,"relics_obtained":["Golden Idol"],"max_hp_gain":0,"max_hp_loss":8,"event_name":"Golden Idol","floor":5,"gold_loss":0},{"damage_healed":0,"gold_gain":150,"player_choice":"AGREE","damage_taken":0,"max_hp_gain":0,"max_hp_loss":0,"event_name":"Liars Game","floor":10,"gold_loss":0,"cards_obtained":["Doubt"]},{"damage_healed":0,"gold_gain":0,"cards_transformed":["Strike_R","Strike_R"],"player_choice":"Became Test Subject","damage_taken":0,"max_hp_gain":0,"max_hp_loss":0,"event_name":"Drug Dealer","floor":19,"gold_loss":0,"cards_obtained":["Cleave","Carnage"]},{"cards_removed":["Strike_R"],"damage_healed":0,"gold_gain":0,"player_choice":"Card Removal","damage_taken":0,"max_hp_gain":0,"max_hp_loss":0,"event_name":"Wheel of Change","floor":25,"gold_loss":0},{"damage_healed":0,"gold_gain":0,"player_choice":"Got Potions","damage_taken":0,"max_hp_gain":0,"max_hp_loss":0,"event_name":"Lab","floor":27,"gold_loss":0}],"is_beta":false,"boss_relics":[{"not_picked":["White Beast Statue","Tiny House"],"picked":"Orrery"}],"items_purged_floors":[],"is_endless":false,"potions_floor_spawned":[1,8,13,18,22,28],"killed_by":"Chosen and Byrds","ascension_level":20}