{"gold_per_floor":[111,131,131,131,131,131,156,156,179,195,195,195,206,206,206,282,282,297,8,19,19,36,52,52,83,133,152,152,187,237,237],"floor_reached":31,"playtime":958,"items_purged":["Strike_R"],"score":688,"play_id":"24589042-b474-44c7-b409-123a19bc202f","local_time":"20190719202358","is_ascension_mode":true,"campfire_choices":[{"floor":6,"key":"REST"},{"floor":12,"key":"REST"},{"data":"Armaments","floor":15,"key":"SMITH"},{"floor":24,"key":"REST"},{"floor":28,"key":"REST"}],"neow_cost":"","seed_source_timestamp":2442073191916423,"circlet_count":0,"master_deck":["AscendersBane","Strike_R","Strike_R","Strike_R","Defend_R","Defend_R","Defend_R","Defend_R","Bash","Spot Weakness","Battle Trance","Sword Boomerang","Armaments+1","Spot Weakness","Berserk+1","Whirlwind","Limit Break","Heavy Blade","Clothesline+1","Heavy Blade+1"],"relics":["Burning Blood","Gambling Chip","Oddly Smooth Stone","Ginger","Self Forming Clay","Gremlin Horn","Velvet Choker","Red Mask","Bag of Preparation","Molten Egg 2"],"potions_floor_usage":[16,16,23,27,29],"damage_taken":[{"damage":6,"enemies":"Jaw Worm","floor":1,"turns":4},{"damage":10,"enemies":"2 Louse","floor":2,"turns":3},{"damage":28,"enemies":"3 Sentries","floor":7,"turns":8},{"damage":0,"enemies":"Cultist","floor":10,"turns":3},{"damage":18,"enemies":"Exordium Thugs","floor":13,"turns":4},{"damage":34,"enemies":"Hexaghost","floor":16,"turns":8},{"damage":20,"enemies":"2 Thieves","floor":18,"turns":3},{"damage":12,"enemies":"Chosen","floor":20,"turns":4},{"damage":12,"enemies":"Snecko","floor":22,"turns":4},{"damage":10,"enemies":"Sentry and Sphere","floor":23,"turns":4},{"damage":12,"enemies":"Masked Bandits","floor":25,"turns":3},{"damage":11,"enemies":"Chosen and Byrds","floor":27,"turns":4},{"damage":48,"enemies":"Slavers","floor":29,"turns":5},{"damage":28,"enemies":"Cultist and Chosen","floor":31,"turns":3}],"seed_played":"6798775368316004128","potions_obtained":[{"floor":1,"key":"Swift Potion"},{"floor":10,"key":"AttackPotion"},{"floor":13,"key":"BloodPotion"},{"floor":18,"key":"Block Potion"},{"floor":27,"key":"AttackPotion"}],"is_trial":false,"path_per_floor":["M","M","$","?","?","R","E","?","T","M","$","R","M","?","R","B",null,"M","$","M","?","M","M","R","?","T","M","R","E","?","M"],"character_chosen":"IRONCLAD","items_purchased":["Oddly Smooth Stone","Spot Weakness","Limit Break","Block Potion"],"campfire_rested":4,"item_purchase_floors":[0,0,19,19],"current_hp_per_floor":[32,28,28,28,28,50,28,28,28,34,34,56,44,44,44,34,65,51,51,45,45,39,35,57,51,51,46,68,26,26,0],"gold":237,"neow_bonus":"","is_prod":false,"is_daily":false,"chose_seed":false,"campfire_upgraded":1,"win_rate":0,"timestamp":1563560638,"path_taken":["M","M","$","?","?","R","E","?","T","?","?","R","?","?","R","BOSS","M","$","M","?","M","?","R","?","T","M","R","E","?","M"],"build_version":"2019-07-17","purchased_purges":1,"victory":false,"max_hp_per_floor":[75,75,75,75,75,75,75,75,75,75,75,75,75,75,75,75,75,75,75,75,75,75,75,75,75,75,75,75,75,75,75],"card_choices":[{"not_picked":["Searing Blow","Wild Strike"],"picked":"Battle Trance","floor":1},{"not_picked":["Hemokinesis","Iron Wave"],"picked":"Sword Boomerang","floor":2},{"not_picked":["Barricade","Clash"],"picked":"Armaments","floor":7},{"not_picked":["Reckless Charge","Burning Pact"],"picked":"Spot Weakness","floor":10},{"not_picked":["Anger","Havoc","Twin Strike"],"picked":"SKIP","floor":13},{"not_picked":["Brutality","Impervious"],"picked":"Berserk","floor":16},{"not_picked":["Pummel","Anger"],"picked":"Whirlwind","floor":18},{"not_picked":["Feel No Pain","Warcry"],"picked":"Heavy Blade","floor":20},{"not_picked":["Clash","Perfected Strike"],"picked":"Clothesline+1","floor":22},{"not_picked":["Headbutt","Clash+1","Power Through"],"picked":"SKIP","floor":23},{"not_picked":["Thunderclap","Warcry"],"picked":"Heavy Blade+1","floor":27},{"not_picked":["Metallicize","Headbutt","Perfected Strike+1"],"picked":"SKIP","floor":29}],"player_experience":486358,"relics_obtained":[{"floor":7,"key":"Self Forming Clay"},{"floor":25,"key":"Red Mask"},{"floor":26,"key":"Bag of Preparation"},{"floor":29,"key":"Molten Egg 2"}],"event_choices":[{"damage_healed":0,"gold_gain":0,"player_choice":"Ignored","damage_taken":0,"max_hp_gain":0,"max_hp_loss":0,"event_name":"Shining Light","floor":4,"gold_loss":0},{"damage_healed":0,"gold_gain":0,"player_choice":"Fled","damage_taken":0,"max_hp_gain":0,"max_hp_loss":0,"event_name":"Scrap Ooze","floor":5,"gold_loss":0},{"damage_healed":0,"gold_gain":0,"player_choice":"Gave Potion","damage_taken":0,"relics_obtained":["Gremlin Horn"],"max_hp_gain":0,"max_hp_loss":0,"event_name":"WeMeetAgain","floor":8,"gold_loss":0},{"cards_removed":["Strike_R"],"damage_healed":0,"gold_gain":0,"player_choice":"Card Removal","damage_taken":0,"max_hp_gain":0,"max_hp_loss":0,"event_name":"Wheel of Change","floor":14,"gold_loss":0},{"damage_healed":0,"gold_gain":0,"player_choice":"Upgraded","damage_taken":0,"max_hp_gain":0,"max_hp_loss":0,"event_name":"Upgrade Shrine","floor":21,"gold_loss":0,"cards_upgraded":["Berserk"]},{"damage_healed":0,"gold_gain":0,"player_choice":"Fought Bandits","damage_taken":0,"max_hp_gain":0,"max_hp_loss":0,"event_name":"Masked Bandits","floor":25,"gold_loss":0},{"damage_healed":0,"gold_gain":50,"player_choice":"Stole From Cult","damage_taken":0,"max_hp_gain":0,"max_hp_loss":0,"event_name":"Nest","floor":30,"gold_loss":0}],"is_beta":false,"boss_relics":[{"not_picked":["Ectoplasm","Runic Cube"],"picked":"Velvet Choker"}],"items_purged_floors":[19],"is_endless":false,"potions_floor_spawned":[1,10,13,18,27],"killed_by":"Cultist and Chosen","ascension_level":19}