{"gold_per_floor":[114,132,152,166,166,166,201,201,226,272,306,306,317,30,30,30],"floor_reached":16,"playtime":331,"items_purged":["Strike_B"],"score":270,"play_id":"9931f41f-ff95-4db5-a980-ac43fdd61cdb","local_time":"20190712012937","is_ascension_mode":true,"campfire_choices":[{"floor":6,"key":"REST"},{"floor":8,"key":"REST"},{"data":"Defragment","floor":15,"key":"SMITH"}],"neow_cost":"TEN_PERCENT_HP_LOSS","seed_source_timestamp":114258358219000,"circlet_count":0,"master_deck":["AscendersBane","Strike_B","Strike_B","Defend_B","Defend_B","Defend_B","Defend_B","Zap","Dualcast","Rebound","Genetic Algorithm","Defragment+1","FTL","Echo Form","Ball Lightning","Coolheaded","Echo Form"],"relics":["Cracked Core","Thread and Needle","Oddly Smooth Stone","Juzu Bracelet","DataDisk","Bag of Marbles","Singing Bowl","Tiny Chest"],"potions_floor_usage":[7,11,13,16],"damage_taken":[{"damage":2,"enemies":"Cultist","floor":1,"turns":4},{"damage":0,"enemies":"2 Louse","floor":2,"turns":2},{"damage":7,"enemies":"Jaw Worm","floor":3,"turns":4},{"damage":18,"enemies":"Gremlin Gang","floor":4,"turns":5},{"damage":31,"enemies":"Gremlin Nob","floor":7,"turns":4},{"damage":0,"enemies":"Lagavulin","floor":11,"turns":7},{"damage":9,"enemies":"Exordium Thugs","floor":13,"turns":3},{"damage":20,"enemies":"Slime Boss","floor":16,"turns":4}],"seed_played":"970475554094245627","potions_obtained":[{"floor":4,"key":"GamblersBrew"},{"floor":7,"key":"SpeedPotion"},{"floor":11,"key":"Strength Potion"},{"floor":13,"key":"Strength Potion"}],"is_trial":false,"path_per_floor":["M","M","M","M","?","R","E","R","T","T","E","?","M","$","R","B"],"character_chosen":"DEFECT","items_purchased":["Echo Form","Tiny Chest"],"campfire_rested":2,"item_purchase_floors":[14,14],"current_hp_per_floor":[62,62,55,37,19,38,7,26,26,26,26,26,17,17,17,0],"gold":30,"neow_bonus":"ONE_RARE_RELIC","is_prod":false,"is_daily":false,"chose_seed":false,"campfire_upgraded":1,"win_rate":0,"timestamp":1562862577,"path_taken":["M","M","?","M","?","R","E","R","T","?","E","?","M","?","R","BOSS"],"build_version":"2019-07-05","purchased_purges":1,"victory":false,"max_hp_per_floor":[64,64,64,64,64,64,64,64,64,64,64,64,64,64,64,64],"card_choices":[{"not_picked":["Hologram","Leap"],"picked":"Rebound","floor":1},{"not_picked":["Loop","Cold Snap"],"picked":"Genetic Algorithm","floor":2},{"not_picked":["Fusion","BootSequence"],"picked":"Defragment","floor":3},{"not_picked":["Ball Lightning","Barrage"],"picked":"FTL","floor":4},{"not_picked":["Barrage","Beam Cell"],"picked":"Echo Form","floor":7},{"not_picked":["Barrage","Compile Driver"],"picked":"Ball Lightning","floor":11},{"not_picked":["Conserve Battery","Skim"],"picked":"Coolheaded","floor":13}],"player_experience":5650914,"relics_obtained":[{"floor":7,"key":"Juzu Bracelet"},{"floor":9,"key":"DataDisk"},{"floor":10,"key":"Bag of Marbles"},{"floor":11,"key":"Singing Bowl"}],"event_choices":[{"damage_healed":0,"gold_gain":0,"player_choice":"Success","damage_taken":18,"relics_obtained":["Oddly Smooth Stone"],"max_hp_gain":0,"max_hp_loss":0,"event_name":"Scrap Ooze","floor":5,"gold_loss":0},{"cards_removed":["Strike_B"],"damage_healed":0,"gold_gain":0,"player_choice":"Purged","damage_taken":0,"max_hp_gain":0,"max_hp_loss":0,"event_name":"Purifier","floor":12,"gold_loss":0}],"is_beta":false,"boss_relics":[],"items_purged_floors":[14],"is_endless":false,"potions_floor_spawned":[4,7,11,13],"killed_by":"Slime Boss","ascension_level":20}