{"gold_per_floor":[18,18,43,68,88,88,109,109,109,152,172,246,211,251,251,350,350,350,270,270,270,28,28,28,28,28,28,28,28],"floor_reached":29,"playtime":820,"items_purged":["Strike_G"],"score":474,"play_id":"74591d64-6910-45e7-b1c0-220b62160038","local_time":"20190418014448","is_ascension_mode":true,"campfire_choices":[{"data":"Phantasmal Killer","floor":6,"key":"SMITH"},{"data":"Neutralize","floor":8,"key":"SMITH"},{"floor":15,"key":"REST"},{"floor":23,"key":"REST"},{"floor":25,"key":"REST"},{"floor":28,"key":"REST"}],"neow_cost":"NO_GOLD","seed_source_timestamp":91730112639700,"circlet_count":0,"master_deck":["AscendersBane","Defend_G","Defend_G","Defend_G","Defend_G","Defend_G","Strike_G","Strike_G","Strike_G","Strike_G","Survivor","Neutralize+1","Unload","Flying Knee","Deadly Poison","Backflip","Phantasmal Killer+1","Finisher","Heel Hook","Backstab","Dagger Spray","Bouncing Flask","A Thousand Cuts","Prepared+1","PiercingWail","Footwork"],"relics":["Ring of the Snake","Golden Idol","Bag of Marbles","Juzu Bracelet","Gremlin Horn","Blood Vial","Ectoplasm","Potion Belt","Strawberry"],"potions_floor_usage":[12,16,29],"damage_taken":[{"damage":0,"enemies":"2 Louse","floor":1,"turns":2},{"damage":1,"enemies":"Small Slimes","floor":3,"turns":3},{"damage":0,"enemies":"Cultist","floor":4,"turns":3},{"damage":8,"enemies":"3 Louse","floor":5,"turns":6},{"damage":8,"enemies":"Lots of Slimes","floor":7,"turns":6},{"damage":27,"enemies":"Gremlin Nob","floor":10,"turns":4},{"damage":4,"enemies":"Blue Slaver","floor":11,"turns":2},{"damage":9,"enemies":"3 Sentries","floor":12,"turns":9},{"damage":12,"enemies":"Lagavulin","floor":14,"turns":5},{"damage":12,"enemies":"Hexaghost","floor":16,"turns":7},{"damage":1,"enemies":"3 Byrds","floor":18,"turns":4},{"damage":16,"enemies":"2 Thieves","floor":19,"turns":4},{"damage":30,"enemies":"Shelled Parasite and Fungi","floor":21,"turns":7},{"damage":20,"enemies":"Sentry and Sphere","floor":24,"turns":6},{"damage":17,"enemies":"3 Cultists","floor":27,"turns":5},{"damage":42,"enemies":"Slavers","floor":29,"turns":2}],"seed_played":"1172413042708066456","potions_obtained":[{"floor":3,"key":"Weak Potion"},{"floor":5,"key":"Strength Potion"},{"floor":27,"key":"FearPotion"}],"is_trial":false,"path_per_floor":["M","?","M","M","M","R","M","R","T","E","M","?","?","E","R","B",null,"M","M","?","M","$","R","M","R","T","M","R","E"],"character_chosen":"THE_SILENT","items_purchased":["Potion Belt"],"campfire_rested":4,"item_purchase_floors":[22],"current_hp_per_floor":[59,59,58,58,50,50,42,42,42,15,11,2,17,5,23,13,48,49,35,35,7,7,25,7,25,32,17,37,0],"gold":28,"neow_bonus":"THREE_RARE_CARDS","is_prod":false,"is_daily":false,"chose_seed":false,"campfire_upgraded":2,"win_rate":0,"timestamp":1555519488,"path_taken":["M","?","M","M","M","R","M","R","T","E","M","?","?","E","R","BOSS","M","M","?","M","$","R","M","R","T","M","R","E"],"build_version":"2019-01-23","purchased_purges":1,"victory":false,"max_hp_per_floor":[66,60,60,60,60,60,60,60,60,60,60,60,60,60,60,60,60,60,60,60,60,60,60,60,60,67,67,67,67],"card_choices":[{"not_picked":["Envenom","Venomology"],"picked":"Unload","floor":0},{"not_picked":["Heel Hook","Sucker Punch"],"picked":"Flying Knee","floor":1},{"not_picked":["Masterful Stab","Acrobatics"],"picked":"Deadly Poison","floor":3},{"not_picked":["Deflect","Sucker Punch"],"picked":"Backflip","floor":4},{"not_picked":["Flying Knee","Blade Dance"],"picked":"Phantasmal Killer","floor":5},{"not_picked":["Poisoned Stab","Slice"],"picked":"Finisher","floor":7},{"not_picked":["Dagger Throw","Envenom"],"picked":"Heel Hook","floor":10},{"not_picked":["Underhanded Strike","Heel Hook"],"picked":"Backstab","floor":11},{"not_picked":["Acrobatics","Sucker Punch"],"picked":"Dagger Spray","floor":12},{"not_picked":["Sucker Punch","Deadly Poison"],"picked":"Bouncing Flask","floor":14},{"not_picked":["Phantasmal Killer","Venomology"],"picked":"A Thousand Cuts","floor":16},{"not_picked":["Sucker Punch","Dodge and Roll"],"picked":"Prepared+1","floor":18},{"not_picked":["Caltrops","Heel Hook"],"picked":"PiercingWail","floor":19},{"not_picked":["PiercingWail","Dodge and Roll"],"picked":"Footwork","floor":21},{"not_picked":["Finisher","Slice","Caltrops"],"picked":"SKIP","floor":24},{"not_picked":["Finisher","Accuracy","Dodge and Roll"],"picked":"SKIP","floor":27}],"player_experience":4825040,"relics_obtained":[{"floor":9,"key":"Bag of Marbles"},{"floor":10,"key":"Juzu Bracelet"},{"floor":12,"key":"Gremlin Horn"},{"floor":14,"key":"Blood Vial"},{"floor":26,"key":"Strawberry"}],"event_choices":[{"damage_healed":0,"gold_gain":0,"player_choice":"Lose Max HP","damage_taken":0,"relics_obtained":["Golden Idol"],"max_hp_gain":0,"max_hp_loss":6,"event_name":"Golden Idol","floor":2,"gold_loss":0},{"damage_healed":0,"gold_gain":0,"player_choice":"Searched \u00272\u0027 times","damage_taken":0,"max_hp_gain":0,"max_hp_loss":0,"event_name":"Dead Adventurer","floor":12,"gold_loss":0},{"damage_healed":15,"gold_gain":0,"player_choice":"Healed","damage_taken":0,"max_hp_gain":0,"max_hp_loss":0,"event_name":"The Cleric","floor":13,"gold_loss":35},{"damage_healed":0,"gold_gain":50,"player_choice":"Stole From Cult","damage_taken":0,"max_hp_gain":0,"max_hp_loss":0,"event_name":"Nest","floor":20,"gold_loss":0}],"is_beta":false,"boss_relics":[{"not_picked":["HoveringKite","Cursed Key"],"picked":"Ectoplasm"}],"items_purged_floors":[22],"is_endless":false,"potions_floor_spawned":[3,5,7,27],"killed_by":"Slavers","ascension_level":20}