{"gold_per_floor":[109,25,25,25,25,25,50,50,104,104,117,117,0,15,15,15],"floor_reached":16,"playtime":405,"items_purged":["Strike_R"],"score":276,"play_id":"b52ed244-bf29-4013-a6bd-12e8e01720c7","local_time":"20190720032703","is_ascension_mode":true,"campfire_choices":[{"floor":6,"key":"REST"},{"data":"Armaments","floor":8,"key":"SMITH"},{"data":"Bash","floor":10,"key":"SMITH"},{"data":"Intimidate","floor":12,"key":"SMITH"},{"data":"Seeing Red","floor":15,"key":"SMITH"}],"neow_cost":"","seed_source_timestamp":2468011714167223,"circlet_count":0,"master_deck":["AscendersBane","Strike_R","Strike_R","Strike_R","Defend_R","Defend_R","Defend_R","Defend_R","Bash+1","Armaments+1","Battle Trance","Intimidate+1","Feed","Seeing Red+1","Cleave"],"relics":["Burning Blood","WingedGreaves","Membership Card","PreservedInsect","Golden Idol","Dream Catcher"],"potions_floor_usage":[16,16,16,16],"damage_taken":[{"damage":1,"enemies":"2 Louse","floor":1,"turns":3},{"damage":1,"enemies":"Small Slimes","floor":7,"turns":4},{"damage":0,"enemies":"Cultist","floor":11,"turns":4},{"damage":8,"enemies":"Blue Slaver","floor":14,"turns":4},{"damage":75,"enemies":"Hexaghost","floor":16,"turns":12}],"seed_played":"8879879279225851728","potions_obtained":[{"floor":1,"key":"Poison Potion"},{"floor":11,"key":"EntropicBrew"}],"is_trial":false,"path_per_floor":["M","$","?","?","$","R","M","R","T","R","M","R","$","M","R","B"],"character_chosen":"IRONCLAD","items_purchased":["Membership Card","Armaments","PreservedInsect","Feed","Seeing Red"],"campfire_rested":1,"item_purchase_floors":[0,0,2,13,13],"current_hp_per_floor":[47,47,47,47,47,67,68,68,68,68,68,68,68,70,70,0],"gold":15,"neow_bonus":"","is_prod":false,"is_daily":false,"chose_seed":false,"campfire_upgraded":4,"win_rate":0,"timestamp":1563586023,"path_taken":["M","$","?","?","$","R","M","R","T","R","M","R","$","M","R","BOSS"],"build_version":"2019-07-17","purchased_purges":1,"victory":false,"max_hp_per_floor":[75,75,68,68,68,68,68,68,68,68,68,68,68,72,72,72],"card_choices":[{"not_picked":["Heavy Blade","Body Slam"],"picked":"Battle Trance","floor":1},{"not_picked":["Second Wind","Headbutt","Corruption"],"picked":"SKIP","floor":7},{"not_picked":["Warcry","Headbutt"],"picked":"Intimidate","floor":11},{"not_picked":["True Grit","Havoc"],"picked":"Cleave","floor":14}],"player_experience":511762,"relics_obtained":[{"floor":9,"key":"Dream Catcher"}],"event_choices":[{"damage_healed":0,"gold_gain":0,"player_choice":"Lose Max HP","damage_taken":0,"relics_obtained":["Golden Idol"],"max_hp_gain":0,"max_hp_loss":7,"event_name":"Golden Idol","floor":3,"gold_loss":0},{"cards_removed":["Strike_R"],"damage_healed":0,"gold_gain":0,"player_choice":"Card Removal","damage_taken":0,"max_hp_gain":0,"max_hp_loss":0,"event_name":"Wheel of Change","floor":4,"gold_loss":0}],"is_beta":false,"boss_relics":[],"items_purged_floors":[13],"is_endless":false,"potions_floor_spawned":[1,11,14],"killed_by":"Hexaghost","ascension_level":20}