{"gold_per_floor":[119,129,143,156,186,220,220,246,270,270,283,296,310,73,73,73],"floor_reached":16,"playtime":675,"items_purged":["Strike_B"],"score":278,"play_id":"6e3dc03f-8b04-47ea-854c-10791530d192","local_time":"20190714032943","is_ascension_mode":true,"campfire_choices":[{"data":"Sunder","floor":7,"key":"SMITH"},{"data":"Conserve Battery","floor":10,"key":"SMITH"},{"data":"Consume","floor":15,"key":"SMITH"}],"neow_cost":"NONE","seed_source_timestamp":293918529364000,"circlet_count":0,"master_deck":["AscendersBane","Strike_B","Strike_B","Strike_B","Defend_B","Defend_B","Defend_B","Defend_B","Zap","Dualcast+1","Sunder+1","Rip and Tear","Streamline","Genetic Algorithm+1","Conserve Battery+1","FTL","Conserve Battery","Consume+1","Electrodynamics"],"relics":["Cracked Core","DataDisk","Tiny Chest","Bronze Scales","War Paint","Blood Vial"],"potions_floor_usage":[6,8,8],"damage_taken":[{"damage":7,"enemies":"Small Slimes","floor":1,"turns":3},{"damage":1,"enemies":"Cultist","floor":2,"turns":3},{"damage":0,"enemies":"2 Louse","floor":3,"turns":2},{"damage":16,"enemies":"Blue Slaver","floor":4,"turns":4},{"damage":15,"enemies":"3 Sentries","floor":6,"turns":6},{"damage":0,"enemies":"Gremlin Nob","floor":8,"turns":2},{"damage":7,"enemies":"Exordium Thugs","floor":11,"turns":3},{"damage":2,"enemies":"Exordium Wildlife","floor":12,"turns":3},{"damage":0,"enemies":"Looter","floor":13,"turns":1},{"damage":26,"enemies":"Hexaghost","floor":16,"turns":7}],"seed_played":"8651075008420221165","potions_obtained":[{"floor":1,"key":"LiquidBronze"},{"floor":2,"key":"Energy Potion"},{"floor":4,"key":"PowerPotion"},{"floor":6,"key":"Fire Potion"}],"is_trial":false,"path_per_floor":["M","M","M","M","?","E","R","E","T","R","M","M","M","$","R","B"],"character_chosen":"DEFECT","items_purchased":["Electrodynamics"],"campfire_rested":0,"item_purchase_floors":[14],"current_hp_per_floor":[57,56,56,40,40,25,25,25,25,25,20,20,22,22,22,0],"gold":73,"neow_bonus":"RANDOM_COMMON_RELIC","is_prod":false,"is_daily":false,"chose_seed":false,"campfire_upgraded":3,"win_rate":0,"timestamp":1563042583,"path_taken":["M","M","M","M","?","E","R","E","T","R","M","M","M","$","R","BOSS"],"build_version":"2019-07-05","purchased_purges":1,"victory":false,"max_hp_per_floor":[71,71,71,71,71,71,71,71,71,71,71,71,71,71,71,71],"card_choices":[{"not_picked":["Melter","Self Repair"],"picked":"Sunder","floor":1},{"not_picked":["Melter","Skim"],"picked":"Doom and Gloom","floor":2},{"not_picked":["Gash","Stack"],"picked":"Rip and Tear","floor":3},{"not_picked":["Hello World","Gash"],"picked":"Streamline","floor":4},{"not_picked":["Steam","Rebound"],"picked":"Genetic Algorithm","floor":6},{"not_picked":["Compile Driver","Hologram"],"picked":"Conserve Battery","floor":8},{"not_picked":["Heatsinks","Rip and Tear"],"picked":"FTL","floor":11},{"not_picked":["Redo","Beam Cell"],"picked":"Conserve Battery","floor":12},{"not_picked":["Compile Driver","Redo"],"picked":"Consume","floor":13}],"player_experience":5682889,"relics_obtained":[{"floor":6,"key":"Bronze Scales"},{"floor":8,"key":"War Paint"},{"floor":9,"key":"Blood Vial"}],"event_choices":[{"cards_removed":["Doom and Gloom"],"damage_healed":0,"gold_gain":0,"player_choice":"Gave Card","damage_taken":0,"relics_obtained":["Tiny Chest"],"max_hp_gain":0,"max_hp_loss":0,"event_name":"WeMeetAgain","floor":5,"gold_loss":0}],"is_beta":false,"boss_relics":[],"items_purged_floors":[14],"is_endless":false,"potions_floor_spawned":[1,2,4,6],"killed_by":"Hexaghost","ascension_level":20}