{"gold_per_floor":[11,28,40,60,76,76,86,117,117,117],"floor_reached":10,"playtime":251,"items_purged":[],"score":144,"play_id":"032d3767-1b37-453b-84aa-9ef6e863b1b5","local_time":"20190711003222","is_ascension_mode":true,"campfire_choices":[{"data":"Hemokinesis","floor":6,"key":"SMITH"}],"neow_cost":"NO_GOLD","seed_source_timestamp":24498999105500,"circlet_count":0,"master_deck":["AscendersBane","Strike_R","Strike_R","Strike_R","Strike_R","Strike_R","Defend_R","Defend_R","Defend_R","Defend_R","Bash","Pummel","Hemokinesis+1","True Grit","Inflame","Power Through","Seeing Red","Havoc"],"relics":["Burning Blood","Charon\u0027s Ashes","Letter Opener","Question Card"],"potions_floor_usage":[7,8],"damage_taken":[{"damage":14,"enemies":"2 Louse","floor":1,"turns":3},{"damage":4,"enemies":"Small Slimes","floor":2,"turns":4},{"damage":5,"enemies":"Jaw Worm","floor":3,"turns":3},{"damage":3,"enemies":"Exordium Wildlife","floor":4,"turns":3},{"damage":29,"enemies":"Exordium Thugs","floor":5,"turns":7},{"damage":8,"enemies":"Gremlin Gang","floor":7,"turns":4},{"damage":34,"enemies":"Gremlin Nob","floor":8,"turns":4},{"damage":14,"enemies":"3 Louse","floor":10,"turns":1}],"seed_played":"1227325278174836288","potions_obtained":[{"floor":1,"key":"GamblersBrew"},{"floor":2,"key":"FearPotion"}],"is_trial":false,"path_per_floor":["M","M","M","M","M","R","M","E","T","M"],"character_chosen":"IRONCLAD","items_purchased":[],"campfire_rested":0,"item_purchase_floors":[],"current_hp_per_floor":[60,62,63,66,43,43,41,13,13,0],"gold":117,"neow_bonus":"ONE_RARE_RELIC","is_prod":false,"is_daily":false,"chose_seed":false,"campfire_upgraded":1,"win_rate":0,"timestamp":1562772742,"path_taken":["M","M","M","M","M","R","M","E","T","M"],"build_version":"2019-07-05","purchased_purges":0,"victory":false,"max_hp_per_floor":[75,75,75,75,75,75,75,75,75,75],"card_choices":[{"not_picked":["Dropkick","Spot Weakness"],"picked":"Pummel","floor":1},{"not_picked":["Iron Wave","Pommel Strike"],"picked":"Hemokinesis","floor":2},{"not_picked":["Anger","Cleave"],"picked":"True Grit","floor":3},{"not_picked":["Headbutt","Warcry"],"picked":"Inflame","floor":4},{"not_picked":["Pommel Strike","Clash"],"picked":"Power Through","floor":5},{"not_picked":["Pommel Strike","Berserk"],"picked":"Seeing Red","floor":7},{"not_picked":["Sentinel","Metallicize"],"picked":"Havoc","floor":8}],"player_experience":5640066,"relics_obtained":[{"floor":8,"key":"Letter Opener"},{"floor":9,"key":"Question Card"}],"event_choices":[],"is_beta":false,"boss_relics":[],"items_purged_floors":[],"is_endless":false,"potions_floor_spawned":[1,2],"killed_by":"3 Louse","ascension_level":20}