{"gold_per_floor":[116,116,133,147,163,163,191,191,272,272,291,291,310,310],"floor_reached":14,"playtime":308,"items_purged":[],"score":184,"play_id":"56027673-0d26-42ff-9652-fd9d93bc9991","local_time":"20190504030618","is_ascension_mode":true,"campfire_choices":[{"data":"Uppercut","floor":6,"key":"SMITH"},{"floor":8,"key":"REST"},{"data":"Combust","floor":10,"key":"SMITH"}],"neow_cost":"NONE","seed_source_timestamp":1123429800079800,"circlet_count":0,"master_deck":["AscendersBane","Strike_R","Strike_R","Strike_R","Defend_R","Defend_R","Defend_R","Defend_R","Bash","Combust+1","Dropkick","Uppercut+1","Thunderclap","Ghostly Armor"],"relics":["Burning Blood","Incense Burner"],"potions_floor_usage":[],"damage_taken":[{"damage":11,"enemies":"Small Slimes","floor":1,"turns":4},{"damage":4,"enemies":"Cultist","floor":3,"turns":3},{"damage":12,"enemies":"2 Louse","floor":4,"turns":3},{"damage":24,"enemies":"Lots of Slimes","floor":5,"turns":4},{"damage":31,"enemies":"3 Sentries","floor":7,"turns":5},{"damage":31,"enemies":"Exordium Wildlife","floor":11,"turns":7},{"damage":9,"enemies":"Blue Slaver","floor":13,"turns":4},{"damage":27,"enemies":"Large Slime","floor":14,"turns":4}],"seed_played":"-2063095543745490292","potions_obtained":[{"floor":7,"key":"EssenceOfSteel"},{"floor":11,"key":"Energy Potion"}],"is_trial":false,"path_per_floor":["M","?","M","M","M","R","E","R","T","R","M","?","M","M"],"character_chosen":"IRONCLAD","items_purchased":[],"campfire_rested":1,"item_purchase_floors":[],"current_hp_per_floor":[70,70,72,66,48,48,23,47,47,47,22,22,19,0],"gold":310,"neow_bonus":"TEN_PERCENT_HP_BONUS","is_prod":false,"is_daily":false,"chose_seed":false,"campfire_upgraded":2,"win_rate":0,"timestamp":1556906778,"path_taken":["M","?","M","M","M","R","E","R","T","R","?","?","M","M"],"build_version":"2019-01-23","purchased_purges":0,"victory":false,"max_hp_per_floor":[82,82,82,82,82,82,82,82,82,82,82,82,82,82],"card_choices":[{"not_picked":["Warcry","Wild Strike"],"picked":"Combust","floor":1},{"not_picked":["Sword Boomerang","Perfected Strike"],"picked":"Dropkick","floor":3},{"not_picked":["Seeing Red","Warcry"],"picked":"Uppercut","floor":4},{"not_picked":["Hemokinesis","Flex"],"picked":"Thunderclap","floor":5},{"not_picked":["Pommel Strike","Clash","Whirlwind"],"picked":"SKIP","floor":7},{"not_picked":["Rage","Warcry"],"picked":"Ghostly Armor","floor":11},{"not_picked":["Iron Wave","Pommel Strike","Sever Soul"],"picked":"SKIP","floor":13}],"player_experience":4909034,"relics_obtained":[{"floor":7,"key":"Incense Burner"}],"event_choices":[{"cards_removed":["Strike_R"],"damage_healed":0,"gold_gain":0,"player_choice":"Offered Basic","damage_taken":0,"max_hp_gain":0,"max_hp_loss":0,"event_name":"Bonfire Elementals","floor":2,"gold_loss":0},{"cards_removed":["Strike_R"],"damage_healed":0,"gold_gain":0,"player_choice":"Purged","damage_taken":0,"max_hp_gain":0,"max_hp_loss":0,"event_name":"Purifier","floor":12,"gold_loss":0}],"is_beta":false,"boss_relics":[],"items_purged_floors":[],"is_endless":false,"potions_floor_spawned":[7,11],"killed_by":"Large Slime","ascension_level":20}