{"gold_per_floor":[118,118,118,132,132,167,60,79,102,112,112,187,205,205,205,281,281,296,315,32,32,42,42,42,42,65,65,65,95,95,108,108,179,179,196,196,196,196,196,222,72,103,103,122,92,92,105,205,205,205],"floor_reached":50,"playtime":2084,"items_purged":["Writhe"],"score":1637,"play_id":"b5ae9d1e-1b51-4bf2-9d04-325a2c3f5c93","local_time":"20190717023408","is_ascension_mode":true,"campfire_choices":[{"data":"Seeing Red","floor":11,"key":"SMITH"},{"data":"Feel No Pain","floor":15,"key":"SMITH"},{"data":"Sever Soul","floor":23,"key":"SMITH"},{"data":"Burning Pact","floor":25,"key":"SMITH"},{"data":"Reckless Charge","floor":28,"key":"SMITH"},{"floor":30,"key":"RECALL"},{"floor":32,"key":"REST"},{"data":"Strike_R","floor":46,"key":"SMITH"},{"floor":49,"key":"REST"}],"neow_cost":"","seed_source_timestamp":2203951541935308,"circlet_count":0,"master_deck":["AscendersBane","Strike_R","Strike_R","Strike_R+1","Strike_R","Defend_R","Defend_R","Defend_R","Defend_R+1","Bash+1","Apotheosis+1","Feel No Pain+1","Entrench","Reckless Charge+1","Seeing Red+1","Burning Pact+1","Cleave","Ghostly Armor+1","Body Slam","Offering+1","Barricade","Corruption+1","Sever Soul+1","Ghostly","Ghostly","Ghostly","Pummel","Body Slam","Clothesline+1","Feel No Pain","Feed","Entrench+1","Shrug It Off+1","Havoc+1","True Grit+1"],"relics":["Black Blood","FossilizedHelix","Bronze Scales","Anchor","Snecko Eye","Bottled Lightning","Juzu Bracelet","Toxic Egg 2","Pen Nib","War Paint","Dead Branch","Unceasing Top"],"potions_floor_usage":[16,16,29,33,48,50],"damage_taken":[{"damage":0,"enemies":"Small Slimes","floor":1,"turns":4},{"damage":0,"enemies":"Cultist","floor":4,"turns":4},{"damage":28,"enemies":"Gremlin Nob","floor":6,"turns":4},{"damage":0,"enemies":"Jaw Worm","floor":8,"turns":3},{"damage":2,"enemies":"Looter","floor":10,"turns":4},{"damage":0,"enemies":"2 Fungi Beasts","floor":13,"turns":4},{"damage":17,"enemies":"Hexaghost","floor":16,"turns":9},{"damage":0,"enemies":"Chosen","floor":18,"turns":6},{"damage":18,"enemies":"Shell Parasite","floor":19,"turns":6},{"damage":0,"enemies":"Snecko","floor":22,"turns":3},{"damage":6,"enemies":"Book of Stabbing","floor":29,"turns":6},{"damage":8,"enemies":"Chosen and Byrds","floor":31,"turns":7},{"damage":0,"enemies":"Collector","floor":33,"turns":3},{"damage":0,"enemies":"Orb Walker","floor":35,"turns":3},{"damage":6,"enemies":"Reptomancer","floor":40,"turns":5},{"damage":0,"enemies":"Giant Head","floor":42,"turns":5},{"damage":0,"enemies":"3 Darklings","floor":44,"turns":4},{"damage":24,"enemies":"Spire Growth","floor":47,"turns":10},{"damage":6,"enemies":"Mind Bloom Boss Battle","floor":48,"turns":6},{"damage":43,"enemies":"Time Eater","floor":50,"turns":8}],"seed_played":"2507369136690911465","potions_obtained":[{"floor":1,"key":"Strength Potion"},{"floor":4,"key":"PowerPotion"},{"floor":16,"key":"BloodPotion"},{"floor":19,"key":"Block Potion"},{"floor":22,"key":"PowerPotion"},{"floor":31,"key":"Strength Potion"},{"floor":33,"key":"Ancient Potion"},{"floor":35,"key":"Regen Potion"}],"is_trial":false,"path_per_floor":["M","?","?","M","?","E","$","M","T","M","R","?","M","?","R","B",null,"M","M","$","?","M","R","$","R","T","?","R","E","R","M","R","B",null,"M","?","?","?","?","E","$","E","T","M","$","R","M","?","R","B"],"character_chosen":"IRONCLAD","items_purchased":["Apotheosis","FossilizedHelix","Feel No Pain","Burning Pact","Cleave","Bottled Lightning","Feed","Shrug It Off+1"],"campfire_rested":2,"item_purchase_floors":[0,0,0,7,7,20,41,45],"current_hp_per_floor":[53,53,53,59,59,37,37,43,43,47,47,36,42,42,42,31,64,70,58,58,37,37,37,37,37,37,37,37,37,37,35,37,37,37,37,37,37,37,32,36,36,37,37,37,37,37,27,41,41,0],"gold":205,"neow_bonus":"","is_prod":false,"is_daily":false,"chose_seed":false,"campfire_upgraded":6,"win_rate":0,"timestamp":1563323648,"path_taken":["M","?","?","?","?","E","$","M","T","M","R","?","M","?","R","BOSS","M","?","$","?","M","R","$","R","T","?","R","E","R","M","R","BOSS","M","?","?","?","?","E","$","E","T","M","?","R","M","?","R","BOSS"],"build_version":"2019-07-05","purchased_purges":1,"victory":false,"max_hp_per_floor":[75,75,75,75,75,75,75,75,75,75,75,75,75,75,75,75,75,75,75,75,37,37,37,37,37,37,37,37,37,37,37,37,37,37,37,37,37,37,37,37,37,37,37,37,37,37,41,41,41,41],"card_choices":[{"not_picked":["Iron Wave","Thunderclap"],"picked":"Entrench","floor":1},{"not_picked":["Sword Boomerang","Pommel Strike"],"picked":"Reckless Charge","floor":4},{"not_picked":["Cleave","Body Slam"],"picked":"Seeing Red","floor":6},{"not_picked":["Anger","Perfected Strike","Burning Pact"],"picked":"SKIP","floor":8},{"not_picked":["Hemokinesis","Warcry"],"picked":"Ghostly Armor","floor":10},{"not_picked":["Flex","Entrench"],"picked":"Body Slam","floor":13},{"not_picked":["Berserk","Demon Form"],"picked":"Barricade","floor":16},{"not_picked":["Heavy Blade","Rupture"],"picked":"Corruption+1","floor":18},{"not_picked":["Uppercut","Shrug It Off"],"picked":"Sever Soul","floor":19},{"not_picked":["Shrug It Off","Inflame"],"picked":"Pummel","floor":22},{"not_picked":["Sword Boomerang","Inflame"],"picked":"Body Slam","floor":29},{"not_picked":["Anger","Power Through+1"],"picked":"Clothesline+1","floor":31},{"not_picked":["Pommel Strike+1","Headbutt+1","Clash"],"picked":"SKIP","floor":35},{"not_picked":["Cleave+1","Havoc+1"],"picked":"Feel No Pain","floor":40},{"not_picked":["Wild Strike","Cleave","Bloodletting+1"],"picked":"SKIP","floor":42},{"not_picked":["True Grit+1","Reckless Charge"],"picked":"Entrench+1","floor":44},{"not_picked":["Searing Blow","Headbutt"],"picked":"Havoc+1","floor":47},{"not_picked":["Havoc+1","Rupture"],"picked":"True Grit+1","floor":48}],"player_experience":462649,"relics_obtained":[{"floor":6,"key":"Bronze Scales"},{"floor":9,"key":"Anchor"},{"floor":29,"key":"Toxic Egg 2"},{"floor":40,"key":"Pen Nib"},{"floor":42,"key":"War Paint"},{"floor":43,"key":"Dead Branch"},{"floor":48,"key":"Unceasing Top"}],"event_choices":[{"damage_healed":0,"gold_gain":0,"player_choice":"Ignored","damage_taken":0,"max_hp_gain":0,"max_hp_loss":0,"event_name":"Golden Wing","floor":2,"gold_loss":0},{"damage_healed":0,"gold_gain":0,"player_choice":"Upgraded","damage_taken":0,"max_hp_gain":0,"max_hp_loss":0,"event_name":"Upgrade Shrine","floor":3,"gold_loss":0,"cards_upgraded":["Apotheosis"]},{"damage_healed":0,"gold_gain":0,"player_choice":"Grow","damage_taken":0,"max_hp_gain":0,"max_hp_loss":0,"event_name":"Living Wall","floor":5,"gold_loss":0,"cards_upgraded":["Bash"]},{"damage_healed":0,"gold_gain":75,"player_choice":"Gather Gold","damage_taken":11,"max_hp_gain":0,"max_hp_loss":0,"event_name":"World of Goop","floor":12,"gold_loss":0},{"damage_healed":0,"gold_gain":0,"player_choice":"1 cards matched","damage_taken":0,"max_hp_gain":0,"max_hp_loss":0,"event_name":"Match and Keep!","floor":14,"gold_loss":0,"cards_obtained":["Offering"]},{"damage_healed":0,"gold_gain":0,"player_choice":"Became a Ghost","damage_taken":0,"max_hp_gain":0,"max_hp_loss":38,"event_name":"Ghosts","floor":21,"gold_loss":0,"cards_obtained":["Ghostly","Ghostly","Ghostly"]},{"damage_healed":0,"gold_gain":0,"player_choice":"Opened","damage_taken":0,"relics_obtained":["Juzu Bracelet"],"max_hp_gain":0,"max_hp_loss":0,"event_name":"The Mausoleum","floor":27,"gold_loss":0,"cards_obtained":["Writhe"]},{"damage_healed":0,"gold_gain":0,"player_choice":"Forge","damage_taken":0,"max_hp_gain":0,"max_hp_loss":0,"event_name":"Accursed Blacksmith","floor":36,"gold_loss":0,"cards_upgraded":["Ghostly Armor"]},{"damage_healed":0,"gold_gain":0,"player_choice":"Ignored","damage_taken":0,"max_hp_gain":0,"max_hp_loss":0,"event_name":"Tomb of Lord Red Mask","floor":37,"gold_loss":0},{"cards_removed":["Strike_R"],"damage_healed":0,"gold_gain":0,"player_choice":"Purged","damage_taken":0,"max_hp_gain":0,"max_hp_loss":0,"event_name":"Purifier","floor":38,"gold_loss":0},{"damage_healed":0,"gold_gain":0,"player_choice":"Punched","damage_taken":5,"max_hp_gain":0,"max_hp_loss":0,"event_name":"Designer","floor":39,"gold_loss":0},{"damage_healed":0,"gold_gain":0,"player_choice":"Fight","damage_taken":0,"max_hp_gain":0,"max_hp_loss":0,"event_name":"MindBloom","floor":48,"gold_loss":0}],"is_beta":false,"boss_relics":[{"not_picked":["Tiny House","Sozu"],"picked":"Snecko Eye"},{"not_picked":["Lizard Tail","Black Star"],"picked":"Black Blood"}],"items_purged_floors":[41],"is_endless":false,"potions_floor_spawned":[1,4,10,16,19,22,31,33,35,47],"killed_by":"Time Eater","ascension_level":19}