{"gold_per_floor":[119,136,156,173,184,184,219,232,232,232,232,249,249,263,263,339,339,352,362,390,390,403,403,417,451,451,479,492,492,492,510,510,510],"floor_reached":33,"playtime":1051,"items_purged":[],"score":586,"play_id":"ca5fd3a5-6a43-4950-925c-9d1bee38ff21","local_time":"20190619015557","is_ascension_mode":true,"campfire_choices":[{"data":"Deadly Poison","floor":6.0,"key":"SMITH"},{"floor":11.0,"key":"REST"},{"data":"Cloak And Dagger","floor":13.0,"key":"SMITH"},{"data":"Bouncing Flask","floor":15.0,"key":"SMITH"},{"floor":23,"key":"REST"},{"floor":29,"key":"REST"},{"floor":32,"key":"REST"}],"neow_cost":"NONE","seed_source_timestamp":25415970301900,"circlet_count":0,"master_deck":["AscendersBane","Defend_G","Defend_G","Defend_G","Defend_G","Defend_G","Strike_G+1","Strike_G+1","Strike_G","Strike_G","Strike_G","Survivor","Neutralize","Riddle With Holes","Deadly Poison+1","Cloak And Dagger+1","Quick Slash","Footwork","Corpse Explosion","Poisoned Stab","PiercingWail","Bouncing Flask+1","Wraith Form v2","Well Laid Plans","Backflip","Catalyst","Backflip","Blur","Injury","Night Terror","Backflip+1"],"special_seed":0,"relics":["Ring of the Snake","Ornamental Fan","Kunai","Cursed Key","Red Mask","Strawberry","Incense Burner","SsserpentHead"],"potions_floor_usage":[22,25],"damage_taken":[{"damage":3.0,"enemies":"Jaw Worm","floor":1.0,"turns":9.0},{"damage":4.0,"enemies":"Small Slimes","floor":2.0,"turns":4.0},{"damage":0.0,"enemies":"2 Louse","floor":3.0,"turns":3.0},{"damage":15.0,"enemies":"Red Slaver","floor":4.0,"turns":7.0},{"damage":0.0,"enemies":"Large Slime","floor":5.0,"turns":5.0},{"damage":20.0,"enemies":"Lagavulin","floor":7.0,"turns":5.0},{"damage":0.0,"enemies":"2 Fungi Beasts","floor":8.0,"turns":2.0},{"damage":1.0,"enemies":"Exordium Wildlife","floor":12.0,"turns":3.0},{"damage":8.0,"enemies":"Lots of Slimes","floor":14.0,"turns":3.0},{"damage":22.0,"enemies":"Hexaghost","floor":16.0,"turns":8.0},{"damage":15.0,"enemies":"Chosen","floor":18.0,"turns":4.0},{"damage":6.0,"enemies":"Spheric Guardian","floor":19.0,"turns":4.0},{"damage":1.0,"enemies":"Masked Bandits","floor":20.0,"turns":4.0},{"damage":10,"enemies":"Chosen and Byrds","floor":22,"turns":4},{"damage":5,"enemies":"Snake Plant","floor":24,"turns":5},{"damage":14,"enemies":"Slavers","floor":25,"turns":2},{"damage":23,"enemies":"Gremlin Leader","floor":27,"turns":5},{"damage":5,"enemies":"Snecko","floor":28,"turns":6},{"damage":9,"enemies":"3 Cultists","floor":31,"turns":5},{"damage":85,"enemies":"Collector","floor":33,"turns":9}],"seed_played":"-1973708003187386148","potions_obtained":[{"floor":3.0,"key":"Strength Potion"},{"floor":5.0,"key":"Regen Potion"},{"floor":12.0,"key":"LiquidBronze"},{"floor":14.0,"key":"Regen Potion"},{"floor":20.0,"key":"Energy Potion"},{"floor":24,"key":"SkillPotion"},{"floor":25,"key":"Fire Potion"},{"floor":31,"key":"LiquidBronze"}],"is_trial":false,"path_per_floor":["M","M","M","M","M","R","E","M","T","?","R","M","R","M","R","B",null,"M","M","?","?","M","R","M","E","T","E","M","R","?","M","R","B"],"character_chosen":"THE_SILENT","items_purchased":[],"campfire_rested":4,"item_purchase_floors":[],"current_hp_per_floor":[62,58,58,43,43,43,38,38,38,16,37,36,36,28,28,6,56,55,49,48,28,18,41,36,29,29,6,1,26,26,17,42,0],"gold":510,"neow_bonus":"TEN_PERCENT_HP_BONUS","is_prod":false,"is_daily":false,"chose_seed":false,"campfire_upgraded":3,"win_rate":0,"timestamp":1560876957,"path_taken":["M","M","M","M","M","R","E","M","T","?","R","M","R","M","R","BOSS","M","M","?","?","M","R","M","E","T","E","M","R","?","M","R","BOSS"],"build_version":"2019-01-23","purchased_purges":0,"victory":false,"max_hp_per_floor":[72,72,72,72,72,72,72,72,72,72,72,72,72,72,72,72,72,72,72,72,77,77,77,77,84,84,84,84,84,84,84,84,84],"card_choices":[{"not_picked":["Dodge and Roll","Footwork"],"picked":"Riddle With Holes","floor":1.0},{"not_picked":["Flying Knee","Slice"],"picked":"Deadly Poison","floor":2.0},{"not_picked":["Flying Knee","Dodge and Roll"],"picked":"Cloak And Dagger","floor":3.0},{"not_picked":["Reflex","Blade Dance"],"picked":"Quick Slash","floor":4.0},{"not_picked":["Distraction","Sucker Punch"],"picked":"Footwork","floor":5.0},{"not_picked":["Blade Dance","Riddle With Holes"],"picked":"Corpse Explosion","floor":7.0},{"not_picked":["Dagger Spray","Dagger Throw"],"picked":"Poisoned Stab","floor":8.0},{"not_picked":["Masterful Stab","Setup"],"picked":"PiercingWail","floor":12.0},{"not_picked":["Dagger Spray","Underhanded Strike"],"picked":"Bouncing Flask","floor":14.0},{"not_picked":["Grand Finale","Unload"],"picked":"Wraith Form v2","floor":16.0},{"not_picked":["Flying Knee","Prepared","Bane"],"picked":"SKIP","floor":18.0},{"not_picked":["Outmaneuver","Dodge and Roll"],"picked":"Well Laid Plans","floor":19.0},{"not_picked":["Bouncing Flask","Glass Knife"],"picked":"Backflip","floor":20.0},{"not_picked":["Dagger Spray","Prepared"],"picked":"Catalyst","floor":22},{"not_picked":["Predator","Bane"],"picked":"Backflip","floor":24},{"not_picked":["Predator+1","Accuracy"],"picked":"Blur","floor":25},{"not_picked":["Backstab","Quick Slash+1"],"picked":"Night Terror","floor":27},{"not_picked":["Flying Knee+1","Masterful Stab","Slice"],"picked":"SKIP","floor":28},{"not_picked":["Expertise","Concentrate"],"picked":"Backflip+1","floor":31}],"player_experience":5410508,"relics_obtained":[{"floor":7.0,"key":"Ornamental Fan"},{"floor":9.0,"key":"Kunai"},{"floor":20.0,"key":"Red Mask"},{"floor":25,"key":"Strawberry"},{"floor":27,"key":"Incense Burner"}],"event_choices":[{"damage_healed":0.0,"max_hp_gain":0.0,"max_hp_loss":0.0,"gold_gain":0.0,"event_name":"Shining Light","player_choice":"Entered Light","floor":10.0,"gold_loss":0.0,"damage_taken":22.0,"cards_upgraded":["Strike_G","Strike_G"]},{"damage_healed":0.0,"max_hp_gain":0.0,"max_hp_loss":0.0,"gold_gain":0.0,"event_name":"Masked Bandits","player_choice":"Fought Bandits","floor":20.0,"gold_loss":0.0,"damage_taken":0.0},{"damage_healed":0.0,"max_hp_gain":5.0,"max_hp_loss":0.0,"gold_gain":0.0,"event_name":"Forgotten Altar","player_choice":"Shed Blood","floor":21.0,"gold_loss":0.0,"damage_taken":25.0},{"damage_healed":0,"gold_gain":0,"player_choice":"Trade","damage_taken":0,"relics_obtained":["SsserpentHead"],"max_hp_gain":0,"max_hp_loss":0,"event_name":"FaceTrader","floor":30,"gold_loss":0}],"is_beta":false,"boss_relics":[{"not_picked":["Black Star","White Beast Statue"],"picked":"Cursed Key"}],"items_purged_floors":[],"is_endless":false,"potions_floor_spawned":[3,5,12,14,20,24,25,31],"killed_by":"Collector","ascension_level":20}