{"gold_per_floor":[116,116,134,134,147,175,175,207,207,207,242,242,275,296,296,296],"floor_reached":16,"playtime":613,"items_purged":[],"score":502,"play_id":"b9c6552a-cdb2-452f-85c4-0031d89e207d","local_time":"20190519001011","daily_mods":["Elite Swarm"],"is_ascension_mode":true,"campfire_choices":[{"data":"RitualDagger","floor":7,"key":"SMITH"},{"data":"RitualDagger","floor":10,"key":"SMITH"},{"data":"Venomology","floor":12,"key":"SMITH"},{"data":"Exhume","floor":15,"key":"SMITH"}],"neow_cost":"","seed_source_timestamp":0,"circlet_count":0,"master_deck":["Ghostly","Ghostly","RitualDagger+1","RitualDagger+1","Backstab","Backstab","Backstab","Backstab","Backstab","Backstab","Backstab","Genetic Algorithm+1","Genetic Algorithm+1","BootSequence","BootSequence","BootSequence","BootSequence","BootSequence","BootSequence","BootSequence","Exhume+1","Venomology+1","Core Surge"],"relics":["Burning Blood","Black Star","PrismaticShard","Sling","Unceasing Top","Strange Spoon","PreservedInsect","Frozen Egg 2","Pear","WingedGreaves","Pantograph","Ornamental Fan","Sundial","The Courier","Darkstone Periapt","Pocketwatch","Odd Mushroom"],"potions_floor_usage":[16],"damage_taken":[{"damage":0,"enemies":"2 Louse","floor":1,"turns":1},{"damage":0,"enemies":"Jaw Worm","floor":3,"turns":1},{"damage":0,"enemies":"Small Slimes","floor":5,"turns":1},{"damage":0,"enemies":"Gremlin Nob","floor":6,"turns":1},{"damage":0,"enemies":"Lagavulin","floor":8,"turns":1},{"damage":0,"enemies":"Gremlin Nob","floor":11,"turns":3},{"damage":0,"enemies":"Lagavulin","floor":13,"turns":3},{"damage":0,"enemies":"The Mushroom Lair","floor":14,"turns":1},{"damage":86,"enemies":"The Guardian","floor":16,"turns":16}],"seed_played":"-4792042354160803161","potions_obtained":[{"floor":5,"key":"SneckoOil"},{"floor":11,"key":"Energy Potion"}],"is_trial":true,"path_per_floor":["M","?","M","?","M","E","R","E","T","R","E","R","E","?","R","B"],"character_chosen":"IRONCLAD","items_purchased":[],"campfire_rested":0,"item_purchase_floors":[],"current_hp_per_floor":[74,63,69,69,75,85,85,85,85,85,85,85,85,85,85,0],"gold":296,"neow_bonus":"","is_prod":false,"is_daily":false,"chose_seed":false,"campfire_upgraded":4,"win_rate":0,"timestamp":1558192211,"path_taken":["M","?","M","?","M","E","R","E","T","R","E","R","E","?","R","BOSS"],"build_version":"2019-01-23","purchased_purges":0,"victory":false,"max_hp_per_floor":[75,75,75,75,75,85,85,85,85,85,85,85,85,85,85,85],"card_choices":[{"not_picked":["Clash","Go for the Eyes","Compile Driver"],"picked":"SKIP","floor":1},{"not_picked":["Stack","Sweeping Beam","Spot Weakness"],"picked":"SKIP","floor":3},{"not_picked":["Bandage Up","Consume","Blade Dance"],"picked":"SKIP","floor":5},{"not_picked":["Unload","Hyperbeam"],"picked":"Exhume","floor":6},{"not_picked":["Reaper","Demon Form+1","Amplify"],"picked":"SKIP","floor":8},{"not_picked":["Hyperbeam","Amplify"],"picked":"Venomology","floor":11},{"not_picked":["Demon Form+1","Biased Cognition+1"],"picked":"Core Surge","floor":13}],"player_experience":5067434,"relics_obtained":[{"floor":6,"key":"Pear"},{"floor":6,"key":"WingedGreaves"},{"floor":8,"key":"Pantograph"},{"floor":8,"key":"Ornamental Fan"},{"floor":9,"key":"Sundial"},{"floor":11,"key":"The Courier"},{"floor":13,"key":"Darkstone Periapt"},{"floor":13,"key":"Pocketwatch"},{"floor":14,"key":"Odd Mushroom"}],"event_choices":[{"damage_healed":0,"gold_gain":0,"player_choice":"Success","damage_taken":11,"relics_obtained":["Frozen Egg 2"],"max_hp_gain":0,"max_hp_loss":0,"event_name":"Scrap Ooze","floor":2,"gold_loss":0},{"damage_healed":0,"gold_gain":0,"player_choice":"Ignored","damage_taken":0,"max_hp_gain":0,"max_hp_loss":0,"event_name":"Liars Game","floor":4,"gold_loss":0},{"damage_healed":0,"gold_gain":0,"player_choice":"Fought Mushrooms","damage_taken":0,"max_hp_gain":0,"max_hp_loss":0,"event_name":"Mushrooms","floor":14,"gold_loss":0}],"is_beta":false,"boss_relics":[],"items_purged_floors":[],"is_endless":false,"potions_floor_spawned":[5,11],"killed_by":"The Guardian","ascension_level":20}