{"gold_per_floor":[116,128,228,243,255,255,286,461,461,461,411,411,427,446,446,446],"floor_reached":16,"playtime":971,"items_purged":[],"score":117,"play_id":"d47c6033-0df5-4ea0-98c2-7d6c716d2b6c","local_time":"20190318090040","is_ascension_mode":true,"campfire_choices":[{"data":"Deflect","floor":6,"key":"SMITH"},{"data":"Phantasmal Killer","floor":12,"key":"SMITH"},{"data":"Choke","floor":15,"key":"SMITH"}],"neow_cost":"NONE","seed_source_timestamp":64554439004677,"circlet_count":0,"master_deck":["Defend_G","Defend_G","Defend_G","Defend_G","Defend_G","Strike_G","Strike_G","Strike_G","Strike_G","Strike_G","Survivor","Neutralize","Backstab","Deflect+1","Well Laid Plans","Phantasmal Killer+1","Blur","Choke+1"],"relics":["Ring of the Snake","Pen Nib","Bottled Flame"],"potions_floor_usage":[7,16],"damage_taken":[{"damage":1,"enemies":"Small Slimes","floor":1,"turns":5},{"damage":3,"enemies":"Cultist","floor":2,"turns":4},{"damage":4,"enemies":"Jaw Worm","floor":4,"turns":6},{"damage":3,"enemies":"Blue Slaver","floor":5,"turns":5},{"damage":37,"enemies":"Gremlin Nob","floor":7,"turns":6},{"damage":3,"enemies":"Large Slime","floor":13,"turns":11},{"damage":2,"enemies":"2 Fungi Beasts","floor":14,"turns":4},{"damage":50,"enemies":"Slime Boss","floor":16,"turns":15}],"seed_played":"-5699308042035810357","potions_obtained":[{"floor":2,"key":"Dexterity Potion"},{"floor":4,"key":"Energy Potion"},{"floor":5,"key":"Ancient Potion"}],"is_trial":false,"path_per_floor":["M","M","?","M","M","R","E","?","T","?","?","R","M","M","R","B"],"character_chosen":"THE_SILENT","items_purchased":[],"campfire_rested":0,"item_purchase_floors":[],"current_hp_per_floor":[76,73,73,69,66,66,29,29,29,54,54,54,51,49,49,0],"gold":446,"neow_bonus":"TEN_PERCENT_HP_BONUS","is_prod":false,"is_daily":false,"chose_seed":false,"campfire_upgraded":3,"win_rate":0,"timestamp":1552914040,"path_taken":["M","M","?","M","?","R","E","?","T","?","?","R","M","M","R","BOSS"],"build_version":"2019-01-23","purchased_purges":0,"victory":false,"max_hp_per_floor":[77,77,77,77,77,77,77,77,77,77,77,77,77,77,77,77],"card_choices":[{"not_picked":["Cloak And Dagger","Flying Knee"],"picked":"Backstab","floor":1},{"not_picked":["PiercingWail","Bane"],"picked":"Deflect","floor":2},{"not_picked":["Outmaneuver","PiercingWail","Endless Agony"],"picked":"SKIP","floor":4},{"not_picked":["Blade Dance","Acrobatics"],"picked":"Well Laid Plans","floor":5},{"not_picked":["Dagger Throw","Dash"],"picked":"Phantasmal Killer","floor":7},{"not_picked":["Underhanded Strike","Slice"],"picked":"Blur","floor":13},{"not_picked":["Eviscerate","Dagger Throw"],"picked":"Choke","floor":14}],"player_experience":122854,"relics_obtained":[{"floor":7,"key":"Pen Nib"},{"floor":9,"key":"Bottled Flame"}],"event_choices":[{"damage_healed":0,"gold_gain":100,"player_choice":"Pray","damage_taken":0,"max_hp_gain":0,"max_hp_loss":0,"event_name":"Golden Shrine","floor":3,"gold_loss":0},{"damage_healed":0,"gold_gain":175,"player_choice":"AGREE","damage_taken":0,"max_hp_gain":0,"max_hp_loss":0,"event_name":"Liars Game","floor":8,"gold_loss":0,"cards_obtained":["Doubt"]},{"damage_healed":25,"gold_gain":0,"player_choice":"Banana","damage_taken":0,"max_hp_gain":0,"max_hp_loss":0,"event_name":"Big Fish","floor":10,"gold_loss":0},{"cards_removed":["Doubt"],"damage_healed":0,"gold_gain":0,"player_choice":"Card Removal","damage_taken":0,"max_hp_gain":0,"max_hp_loss":0,"event_name":"The Cleric","floor":11,"gold_loss":50}],"is_beta":false,"boss_relics":[],"items_purged_floors":[],"is_endless":false,"potions_floor_spawned":[2,4,5],"killed_by":"Slime Boss","ascension_level":3}