{"gold_per_floor":[110,110,120,132,142,156,156,174,220,250,88,106,106,122,122,195,195,212,112,129,4,23,23,23,43,43,43,58,69,69,69,69,147,147,159,159,175,190,190,220,220,232,232,332,361,361,311,321,321,321,321,321,321,50,83,83],"floor_reached":57,"playtime":2355,"items_purged":["Strike_R","Strike_R","Strike_R","Normality","Bash"],"score":2766,"play_id":"e2a64566-0cdd-4c3e-a8aa-b23db589240f","local_time":"20190511020839","is_ascension_mode":true,"campfire_choices":[{"floor":7.0,"key":"DIG"},{"floor":10.0,"key":"DIG"},{"floor":13.0,"key":"DIG"},{"floor":15.0,"key":"DIG"},{"floor":23.0,"key":"DIG"},{"floor":30.0,"key":"DIG"},{"floor":32.0,"key":"DIG"},{"floor":41.0,"key":"DIG"},{"floor":46.0,"key":"DIG"},{"floor":49.0,"key":"RECALL"},{"floor":53,"key":"DIG"}],"neow_cost":"","seed_source_timestamp":455632289340700,"circlet_count":0,"master_deck":["AscendersBane","Defend_R","Defend_R","Defend_R","Defend_R","Second Wind","Feel No Pain","Evolve","Dark Embrace","Corruption","Warcry+1","Juggernaut","Power Through","Entrench","Blood for Blood+1","Dark Embrace+1","Battle Trance","Burning Pact+1","Body Slam"],"special_seed":0,"relics":["Burning Blood","Fusion Hammer","Shovel","Singing Bowl","Question Card","Centennial Puzzle","Tiny Chest","Regal Pillow","Dodecahedron","Cursed Key","Anchor","Sundial","Astrolabe","Vajra","Bottled Lightning","Unceasing Top","Smiling Mask","Champion Belt","Pear","PrismaticShard","Self Forming Clay"],"potions_floor_usage":[56,56],"damage_taken":[{"damage":7.0,"enemies":"Jaw Worm","floor":1.0,"turns":3.0},{"damage":1.0,"enemies":"Cultist","floor":3.0,"turns":3.0},{"damage":2.0,"enemies":"Small Slimes","floor":4.0,"turns":3.0},{"damage":13.0,"enemies":"Blue Slaver","floor":5.0,"turns":3.0},{"damage":15.0,"enemies":"3 Louse","floor":6.0,"turns":4.0},{"damage":14.0,"enemies":"Lots of Slimes","floor":8.0,"turns":4.0},{"damage":3.0,"enemies":"Blue Slaver","floor":12.0,"turns":4.0},{"damage":30.0,"enemies":"Gremlin Gang","floor":14.0,"turns":5.0},{"damage":29.0,"enemies":"Slime Boss","floor":16.0,"turns":7.0},{"damage":13.0,"enemies":"Spheric Guardian","floor":18.0,"turns":5.0},{"damage":16.0,"enemies":"Shell Parasite","floor":20.0,"turns":3.0},{"damage":0.0,"enemies":"Snecko","floor":22.0,"turns":5.0},{"damage":9.0,"enemies":"Snake Plant","floor":25.0,"turns":3.0},{"damage":14.0,"enemies":"3 Cultists","floor":28.0,"turns":5.0},{"damage":0.0,"enemies":"Centurion and Healer","floor":29.0,"turns":4.0},{"damage":32.0,"enemies":"Colosseum Slavers","floor":31.0,"turns":11.0},{"damage":5.0,"enemies":"Automaton","floor":33.0,"turns":10.0},{"damage":3.0,"enemies":"3 Darklings","floor":35.0,"turns":5.0},{"damage":0.0,"enemies":"Orb Walker","floor":37.0,"turns":4.0},{"damage":32.0,"enemies":"Spire Growth","floor":38.0,"turns":4.0},{"damage":0.0,"enemies":"Nemesis","floor":40.0,"turns":5.0},{"damage":0.0,"enemies":"4 Shapes","floor":42.0,"turns":4.0},{"damage":17.0,"enemies":"Mind Bloom Boss Battle","floor":44.0,"turns":7.0},{"damage":17.0,"enemies":"Giant Head","floor":45.0,"turns":5.0},{"damage":0.0,"enemies":"Sphere and 2 Shapes","floor":48.0,"turns":3.0},{"damage":20,"enemies":"Donu and Deca","floor":50,"turns":7},{"damage":36,"enemies":"Time Eater","floor":51,"turns":8},{"damage":0,"enemies":"Shield and Spear","floor":55,"turns":5},{"damage":2,"enemies":"The Heart","floor":56,"turns":11}],"seed_played":"-4771529996931210987","potions_obtained":[{"floor":1.0,"key":"Dexterity Potion"},{"floor":4.0,"key":"Regen Potion"},{"floor":5.0,"key":"SpeedPotion"},{"floor":16.0,"key":"Strength Potion"},{"floor":33.0,"key":"Regen Potion"},{"floor":42.0,"key":"GamblersBrew"},{"floor":48.0,"key":"Swift Potion"}],"is_trial":true,"path_per_floor":["M","?","M","M","M","M","R","M","T","R","$","M","R","M","R","B",null,"M","$","M","$","M","R","?","M","T","T","M","M","R","?","R","B",null,"M","?","M","M","?","E","R","M","T","?","E","R","$","M","R","B","B",null,"R","$","E","B",null],"character_chosen":"IRONCLAD","items_purchased":["Feel No Pain","PrismaticShard"],"campfire_rested":0,"item_purchase_floors":[11,54],"current_hp_per_floor":[67,67,74,77,70,63,63,57,57,57,57,60,60,36,36,28,68,61,61,51,51,59,59,59,56,56,56,48,56,56,30,30,33,74,79,79,85,59,59,67,67,75,75,81,72,72,72,80,80,66,36,83,93,93,101,105],"gold":83,"neow_bonus":"","is_prod":false,"is_daily":false,"chose_seed":false,"campfire_upgraded":0,"win_rate":0,"timestamp":1557508119,"path_taken":["M","?","M","M","M","M","R","M","T","R","?","M","R","M","R","BOSS","M","$","M","$","M","R","?","M","T","?","M","M","R","?","R","BOSS","M","?","?","M","?","E","R","?","T","?","E","R","$","M","R","BOSS","BOSS","R","$","E","BOSS"],"build_version":"2019-01-23","purchased_purges":5,"victory":true,"max_hp_per_floor":[75,75,77,77,77,79,79,81,81,81,81,81,81,81,81,81,81,81,81,81,81,83,83,83,83,83,83,83,85,85,85,85,87,87,89,89,89,89,89,91,91,93,93,95,97,97,97,99,99,99,99,99,109,109,111,111],"card_choices":[{"not_picked":["Metallicize","Havoc"],"picked":"Battle Trance","floor":1.0},{"not_picked":["Clash","Sword Boomerang","Metallicize"],"picked":"Singing Bowl","floor":3.0},{"not_picked":["Sword Boomerang","Heavy Blade"],"picked":"Second Wind","floor":4.0},{"not_picked":["Twin Strike","Iron Wave"],"picked":"Clash","floor":5.0},{"not_picked":["Seeing Red","Flame Barrier","Sword Boomerang"],"picked":"Singing Bowl","floor":6.0},{"not_picked":["Hemokinesis","Metallicize","Anger","Reckless Charge"],"picked":"Singing Bowl","floor":8.0},{"not_picked":["Clash","Pommel Strike","Wild Strike"],"picked":"Evolve","floor":12.0},{"not_picked":["Anger","Burning Pact","Iron Wave"],"picked":"Clash","floor":14.0},{"not_picked":["Immolate","Juggernaut","Limit Break"],"picked":"Dark Embrace","floor":16.0},{"not_picked":["Clothesline","Armaments+1","Sword Boomerang"],"picked":"Corruption","floor":18.0},{"not_picked":["Rage","Perfected Strike","Headbutt"],"picked":"Warcry+1","floor":20.0},{"not_picked":["Perfected Strike","Heavy Blade","Twin Strike","Iron Wave"],"picked":"Singing Bowl","floor":22.0},{"not_picked":["Iron Wave+1","Pommel Strike+1","Clothesline"],"picked":"Power Through","floor":25.0},{"not_picked":["Pommel Strike","Fiend Fire","Rampage"],"picked":"Entrench","floor":28.0},{"not_picked":["Anger","Iron Wave","Perfected Strike","Warcry"],"picked":"Singing Bowl","floor":29.0},{"not_picked":["Impervious","Brutality","Exhume","Immolate"],"picked":"Singing Bowl","floor":33.0},{"not_picked":["Battle Trance","True Grit+1","Headbutt","Thunderclap+1"],"picked":"Singing Bowl","floor":35.0},{"not_picked":["Evolve","Clash","Twin Strike"],"picked":"Burning Pact+1","floor":37.0},{"not_picked":["Perfected Strike","Iron Wave","Warcry"],"picked":"Body Slam","floor":38.0},{"not_picked":["Anger","Infernal Blade","Seeing Red","Body Slam+1"],"picked":"Singing Bowl","floor":40.0},{"not_picked":["Sentinel","Iron Wave","Heavy Blade","Twin Strike"],"picked":"Singing Bowl","floor":42.0},{"not_picked":["Uppercut+1","Iron Wave+1","Impervious","Reckless Charge+1"],"picked":"Singing Bowl","floor":44.0},{"not_picked":["Sword Boomerang","Brutality","Heavy Blade","Sentinel"],"picked":"Singing Bowl","floor":45.0},{"not_picked":["Whirlwind","Intimidate","Warcry","Combust"],"picked":"Singing Bowl","floor":48.0},{"not_picked":["Streamline","Skim+1","PiercingWail","Slice+1"],"picked":"Singing Bowl","floor":55}],"player_experience":4976838,"relics_obtained":[{"floor":7.0,"key":"Question Card"},{"floor":9.0,"key":"Centennial Puzzle"},{"floor":10.0,"key":"Tiny Chest"},{"floor":13.0,"key":"Regal Pillow"},{"floor":15.0,"key":"Dodecahedron"},{"floor":23.0,"key":"Anchor"},{"floor":30.0,"key":"Sundial"},{"floor":40.0,"key":"Vajra"},{"floor":41.0,"key":"Bottled Lightning"},{"floor":44.0,"key":"Unceasing Top"},{"floor":45.0,"key":"Smiling Mask"},{"floor":46.0,"key":"Champion Belt"},{"floor":53,"key":"Pear"},{"floor":55,"key":"Self Forming Clay"}],"event_choices":[{"damage_healed":0.0,"max_hp_gain":0.0,"max_hp_loss":0.0,"gold_gain":0.0,"event_name":"WeMeetAgain","player_choice":"Gave Potion","floor":2.0,"gold_loss":0.0,"damage_taken":0.0,"relics_obtained":["Singing Bowl"]},{"damage_healed":0.0,"max_hp_gain":0.0,"max_hp_loss":0.0,"gold_gain":0.0,"cards_transformed":["Strike_R","Strike_R"],"event_name":"Drug Dealer","player_choice":"Became Test Subject","floor":24.0,"gold_loss":0.0,"damage_taken":0.0,"cards_obtained":["Juggernaut","Perfected Strike"]},{"damage_healed":0.0,"max_hp_gain":0.0,"max_hp_loss":0.0,"gold_gain":0.0,"event_name":"Colosseum","player_choice":"Fight","floor":31.0,"gold_loss":0.0,"damage_taken":0.0},{"damage_healed":0.0,"max_hp_gain":0.0,"max_hp_loss":0.0,"gold_gain":0.0,"event_name":"Colosseum","player_choice":"Fled From Nobs","floor":31.0,"gold_loss":0.0,"damage_taken":0.0},{"damage_healed":0.0,"max_hp_gain":0.0,"max_hp_loss":0.0,"gold_gain":0.0,"cards_transformed":["Fire Breathing"],"event_name":"Transmorgrifier","player_choice":"Transformed","floor":36.0,"gold_loss":0.0,"damage_taken":0.0,"cards_obtained":["Battle Trance"]},{"cards_removed":["Battle Trance"],"damage_healed":0.0,"max_hp_gain":0.0,"max_hp_loss":0.0,"gold_gain":0.0,"event_name":"Purifier","player_choice":"Purged","floor":39.0,"gold_loss":0.0,"damage_taken":0.0},{"damage_healed":0.0,"max_hp_gain":0.0,"max_hp_loss":0.0,"gold_gain":0.0,"event_name":"MindBloom","player_choice":"Fight","floor":44.0,"gold_loss":0.0,"damage_taken":0.0}],"is_beta":false,"boss_relics":[{"not_picked":["Runic Dome","Ectoplasm"],"picked":"Cursed Key"},{"not_picked":["Eternal Feather","Sozu"],"picked":"Astrolabe"}],"items_purged_floors":[11,19,21,47,54],"is_endless":false,"potions_floor_spawned":[1,4,5,16,18,31,33,38,40,42,48],"ascension_level":20}