{"gold_per_floor":[110,35,35,52,52,52,100,100,100,0,18,29,29,42,42,42],"floor_reached":16,"playtime":334,"items_purged":["Defend_R","Defend_R"],"score":113,"play_id":"beb14a79-2bc8-4c30-99dd-cfaa79f75708","local_time":"20190706185219","is_ascension_mode":true,"campfire_choices":[{"data":"Bash","floor":6,"key":"SMITH"},{"floor":8,"key":"REST"},{"floor":15,"key":"REST"}],"neow_cost":"PERCENT_DAMAGE","seed_source_timestamp":1317584157280921,"circlet_count":0,"master_deck":["Strike_R","Strike_R","Defend_R","Defend_R","Bash+1"],"relics":["Burning Blood","Magic Flower","Boot","Dodecahedron"],"potions_floor_usage":[16,16],"damage_taken":[{"damage":1,"enemies":"Cultist","floor":1,"turns":4},{"damage":5,"enemies":"Small Slimes","floor":4,"turns":3},{"damage":6,"enemies":"2 Louse","floor":11,"turns":2},{"damage":12,"enemies":"Looter","floor":12,"turns":3},{"damage":23,"enemies":"Exordium Wildlife","floor":14,"turns":8},{"damage":78,"enemies":"Slime Boss","floor":16,"turns":7}],"seed_played":"1290168725571164314","potions_obtained":[{"floor":12,"key":"EssenceOfSteel"},{"floor":14,"key":"AttackPotion"}],"is_trial":false,"path_per_floor":["M","$","?","M","?","R","T","R","T","$","M","M","$","M","R","B"],"character_chosen":"IRONCLAD","items_purchased":[],"campfire_rested":2,"item_purchase_floors":[],"current_hp_per_floor":[61,61,61,62,37,37,37,61,61,61,64,61,61,47,71,0],"gold":42,"neow_bonus":"REMOVE_TWO","is_prod":false,"is_daily":false,"chose_seed":false,"campfire_upgraded":1,"win_rate":0,"timestamp":1562435539,"path_taken":["M","?","?","M","?","R","?","R","T","$","?","M","$","M","R","BOSS"],"build_version":"2019-07-05","purchased_purges":2,"victory":false,"max_hp_per_floor":[80,80,80,80,80,80,80,80,80,80,80,80,80,80,80,80],"card_choices":[{"not_picked":["Headbutt","Thunderclap","Carnage"],"picked":"SKIP","floor":1},{"not_picked":["Blood for Blood","Clothesline","Body Slam"],"picked":"SKIP","floor":4},{"not_picked":["Iron Wave","Corruption","Brutality"],"picked":"SKIP","floor":11},{"not_picked":["Searing Blow","Rupture","Wild Strike"],"picked":"SKIP","floor":12},{"not_picked":["Pommel Strike","Flex","Iron Wave"],"picked":"SKIP","floor":14}],"player_experience":196697,"relics_obtained":[{"floor":7,"key":"Boot"},{"floor":9,"key":"Dodecahedron"}],"event_choices":[{"cards_removed":["Strike_R"],"damage_healed":0,"gold_gain":0,"player_choice":"Forget","damage_taken":0,"max_hp_gain":0,"max_hp_loss":0,"event_name":"Living Wall","floor":3,"gold_loss":0},{"damage_healed":0,"gold_gain":0,"player_choice":"Success","damage_taken":25,"relics_obtained":["Magic Flower"],"max_hp_gain":0,"max_hp_loss":0,"event_name":"Scrap Ooze","floor":5,"gold_loss":0}],"is_beta":false,"boss_relics":[],"items_purged_floors":[2,10],"is_endless":false,"potions_floor_spawned":[12,14],"killed_by":"Slime Boss","ascension_level":5}