{"gold_per_floor":[112,131,131,131,96,96,122,122,177,177,191,210,239,314,314,389,389,400,400,419,434,51,51,71,71,71,91,105,115,3,3,3,3],"floor_reached":33,"playtime":988,"items_purged":[],"score":739,"play_id":"a94a2529-2570-4b71-b15a-ef1423b599ac","local_time":"20190720025547","is_ascension_mode":true,"campfire_choices":[{"data":"Bash","floor":6,"key":"SMITH"},{"data":"Perfected Strike","floor":8,"key":"SMITH"},{"floor":10,"key":"REST"},{"data":"Perfected Strike","floor":15,"key":"SMITH"},{"data":"Perfected Strike","floor":23,"key":"SMITH"},{"data":"Whirlwind","floor":25,"key":"SMITH"},{"data":"Perfected Strike","floor":32,"key":"SMITH"}],"neow_cost":"","seed_source_timestamp":2465552190384811,"circlet_count":0,"master_deck":["AscendersBane","Strike_R","Strike_R","Strike_R","Strike_R","Strike_R","Defend_R","Defend_R","Defend_R","Defend_R","Bash+1","Flame Barrier","Perfected Strike+1","Wild Strike","Whirlwind+1","Perfected Strike+1","Feed","Thunderclap","Perfected Strike+1","True Grit+1","Power Through+1","Twin Strike","Battle Trance+1","Shrug It Off+1","Perfected Strike+1","Whirlwind"],"relics":["Burning Blood","Juzu Bracelet","Champion Belt","Oddly Smooth Stone","Vajra","Bag of Preparation","FossilizedHelix","Velvet Choker","PreservedInsect","Toxic Egg 2","Gremlin Horn"],"potions_floor_usage":[7,33,33],"damage_taken":[{"damage":0,"enemies":"2 Louse","floor":1,"turns":4},{"damage":0,"enemies":"Small Slimes","floor":2,"turns":4},{"damage":25,"enemies":"Lagavulin","floor":7,"turns":7},{"damage":0,"enemies":"Cultist","floor":11,"turns":2},{"damage":3,"enemies":"2 Fungi Beasts","floor":12,"turns":3},{"damage":8,"enemies":"Gremlin Nob","floor":13,"turns":3},{"damage":46,"enemies":"Hexaghost","floor":16,"turns":9},{"damage":0,"enemies":"3 Byrds","floor":18,"turns":4},{"damage":0,"enemies":"Shell Parasite","floor":20,"turns":2},{"damage":0,"enemies":"Snecko","floor":21,"turns":3},{"damage":22,"enemies":"Sentry and Sphere","floor":24,"turns":4},{"damage":0,"enemies":"Cultist and Chosen","floor":27,"turns":5},{"damage":0,"enemies":"Snake Plant","floor":28,"turns":2},{"damage":0,"enemies":"Centurion and Healer","floor":29,"turns":6},{"damage":81,"enemies":"Champ","floor":33,"turns":13}],"seed_played":"-5777341660206375625","potions_obtained":[{"floor":2,"key":"Block Potion"},{"floor":16,"key":"Ancient Potion"},{"floor":18,"key":"Regen Potion"},{"floor":24,"key":"EssenceOfSteel"}],"is_trial":false,"path_per_floor":["M","M","?","$","?","R","E","R","T","R","M","M","E","?","R","B",null,"M","?","M","M","$","R","M","R","T","M","M","M","$","?","R","B"],"character_chosen":"IRONCLAD","items_purchased":["Juzu Bracelet","Flame Barrier","Oddly Smooth Stone","Toxic Egg 2","True Grit+1","Power Through+1","Perfected Strike","Whirlwind"],"campfire_rested":1,"item_purchase_floors":[0,0,0,22,22,22,30,30],"current_hp_per_floor":[44,50,50,50,68,68,49,49,49,71,75,75,73,62,62,22,62,71,71,77,78,78,78,62,62,62,71,77,81,81,73,73,0],"gold":3,"neow_bonus":"","is_prod":false,"is_daily":false,"chose_seed":false,"campfire_upgraded":6,"win_rate":0,"timestamp":1563584147,"path_taken":["M","M","?","$","?","R","E","R","T","R","M","M","E","?","R","BOSS","M","?","M","M","$","R","M","R","T","M","M","M","?","?","R","BOSS"],"build_version":"2019-07-17","purchased_purges":0,"victory":false,"max_hp_per_floor":[75,75,75,75,75,75,75,75,75,75,75,75,75,75,75,75,75,78,78,78,78,78,78,78,78,78,81,81,81,81,81,81,81],"card_choices":[{"not_picked":["Headbutt","Body Slam"],"picked":"Perfected Strike","floor":1},{"not_picked":["Brutality","Anger"],"picked":"Wild Strike","floor":2},{"not_picked":["Fire Breathing","Headbutt","Warcry"],"picked":"SKIP","floor":7},{"not_picked":["Evolve","Twin Strike"],"picked":"Whirlwind","floor":11},{"not_picked":["Anger","Cleave"],"picked":"Perfected Strike","floor":12},{"not_picked":["Barricade","Sword Boomerang","Headbutt"],"picked":"SKIP","floor":13},{"not_picked":["Immolate","Double Tap"],"picked":"Feed","floor":16},{"not_picked":["Iron Wave","Disarm"],"picked":"Thunderclap","floor":18},{"not_picked":["Headbutt+1","Bloodletting","Sword Boomerang"],"picked":"SKIP","floor":20},{"not_picked":["Disarm","Iron Wave"],"picked":"Perfected Strike","floor":21},{"not_picked":["Clash","Reckless Charge"],"picked":"Twin Strike","floor":24},{"not_picked":["Thunderclap","Iron Wave"],"picked":"Battle Trance+1","floor":27},{"not_picked":["Anger","Warcry+1","Sword Boomerang"],"picked":"SKIP","floor":28},{"not_picked":["True Grit+1","Pommel Strike"],"picked":"Shrug It Off+1","floor":29}],"player_experience":509327,"relics_obtained":[{"floor":7,"key":"Vajra"},{"floor":9,"key":"Bag of Preparation"},{"floor":13,"key":"FossilizedHelix"},{"floor":26,"key":"Gremlin Horn"}],"event_choices":[{"damage_healed":0,"gold_gain":0,"player_choice":"Ignored","damage_taken":0,"max_hp_gain":0,"max_hp_loss":0,"event_name":"Shining Light","floor":3,"gold_loss":0},{"damage_healed":18,"gold_gain":0,"player_choice":"Healed","damage_taken":0,"max_hp_gain":0,"max_hp_loss":0,"event_name":"The Cleric","floor":5,"gold_loss":35},{"damage_healed":0,"gold_gain":75,"player_choice":"Gather Gold","damage_taken":11,"max_hp_gain":0,"max_hp_loss":0,"event_name":"World of Goop","floor":14,"gold_loss":0},{"damage_healed":0,"gold_gain":0,"player_choice":"Gave Potion","damage_taken":0,"relics_obtained":["PreservedInsect"],"max_hp_gain":0,"max_hp_loss":0,"event_name":"WeMeetAgain","floor":19,"gold_loss":0},{"damage_healed":0,"gold_gain":0,"player_choice":"","damage_taken":8,"max_hp_gain":0,"max_hp_loss":0,"event_name":"Knowing Skull","floor":31,"potions_obtained":[],"gold_loss":0,"cards_obtained":[]}],"is_beta":false,"boss_relics":[{"not_picked":["Astrolabe","Eternal Feather"],"picked":"Velvet Choker"}],"items_purged_floors":[],"is_endless":false,"potions_floor_spawned":[2,16,18,24],"killed_by":"Champ","ascension_level":20}