{"gold_per_floor":[111,111,125,139,158,158,193,223,268,297,317,329,61,72,72,144,144,144,44,44,44,44,44,44,44,44,44,44,44,44,44,44,44,44,44,44,44,44,44,44,44,44,44,44,44,44,44,44,44,44,44,44,44,44,44],"floor_reached":55,"playtime":1852,"items_purged":["Strike_R","Strike_R"],"score":1927,"play_id":"7c72e212-e5bf-4a38-90b1-7045d27e8855","local_time":"20190527010725","is_ascension_mode":true,"campfire_choices":[{"floor":6,"key":"REST"},{"data":"True Grit","floor":15,"key":"SMITH"},{"data":"Dark Embrace","floor":23,"key":"SMITH"},{"floor":27,"key":"REST"},{"data":"Feel No Pain","floor":32,"key":"SMITH"},{"floor":40,"key":"REST"},{"floor":42,"key":"REST"},{"floor":49,"key":"RECALL"},{"data":"Barricade","floor":53,"key":"SMITH"}],"neow_cost":"TEN_PERCENT_HP_LOSS","seed_source_timestamp":11247177803200,"circlet_count":0,"master_deck":["AscendersBane","Strike_R","Strike_R","Defend_R+1","Defend_R","Defend_R","Defend_R","Bash","Bludgeon","Clash","Cleave+1","Demon Form","Clash+1","Carnage+1","Carnage+1","Shrug It Off","Dark Embrace+1","Feel No Pain+1","True Grit+1","Shrug It Off","Feel No Pain","Immolate+1","Sever Soul+1","Shockwave+1","Battle Trance","Immolate+1","Second Wind","Corruption+1","Body Slam+1","Barricade+1","Decay","Rupture","Warcry+1","Fiend Fire+1","Shrug It Off","Uppercut+1","Secret Technique","Bandage Up","Purity","Body Slam+1","Power Through"],"relics":["Burning Blood","Molten Egg 2","Centennial Puzzle","Odd Mushroom","Potion Belt","Juzu Bracelet","Ectoplasm","Anchor","Boot","Red Mask","MawBank","White Beast Statue","War Paint"],"potions_floor_usage":[7,8,12,16,31,33,33,39,41,41,46,48,50,51],"damage_taken":[{"damage":2,"enemies":"Jaw Worm","floor":1,"turns":3},{"damage":14,"enemies":"Small Slimes","floor":3,"turns":3},{"damage":6,"enemies":"Cultist","floor":4,"turns":3},{"damage":17,"enemies":"Exordium Wildlife","floor":5,"turns":5},{"damage":0,"enemies":"Gremlin Nob","floor":7,"turns":2},{"damage":1,"enemies":"The Mushroom Lair","floor":8,"turns":2},{"damage":15,"enemies":"Lagavulin","floor":10,"turns":5},{"damage":6,"enemies":"Looter","floor":11,"turns":2},{"damage":0,"enemies":"Gremlin Gang","floor":12,"turns":1},{"damage":12,"enemies":"Lots of Slimes","floor":14,"turns":4},{"damage":46,"enemies":"The Guardian","floor":16,"turns":11},{"damage":12,"enemies":"Shell Parasite","floor":18,"turns":8},{"damage":2,"enemies":"Spheric Guardian","floor":22,"turns":3},{"damage":49,"enemies":"Slavers","floor":24,"turns":6},{"damage":1,"enemies":"Cultist and Chosen","floor":28,"turns":5},{"damage":7,"enemies":"Chosen and Byrds","floor":29,"turns":7},{"damage":0,"enemies":"Masked Bandits","floor":30,"turns":2},{"damage":1,"enemies":"Book of Stabbing","floor":31,"turns":4},{"damage":12,"enemies":"Champ","floor":33,"turns":11},{"damage":4,"enemies":"3 Darklings","floor":35,"turns":5},{"damage":25,"enemies":"Orb Walker","floor":38,"turns":5},{"damage":33,"enemies":"Spire Growth","floor":39,"turns":6},{"damage":1,"enemies":"Nemesis","floor":41,"turns":3},{"damage":19,"enemies":"Transient","floor":44,"turns":6},{"damage":13,"enemies":"Jaw Worm Horde","floor":46,"turns":5},{"damage":2,"enemies":"4 Shapes","floor":47,"turns":8},{"damage":7,"enemies":"Spire Growth","floor":48,"turns":3},{"damage":44,"enemies":"Awakened One","floor":50,"turns":6},{"damage":2,"enemies":"Time Eater","floor":51,"turns":4},{"damage":56,"enemies":"Shield and Spear","floor":55,"turns":3}],"seed_played":"-4806496509810357946","potions_obtained":[{"floor":1,"key":"Poison Potion"},{"floor":7,"key":"Block Potion"},{"floor":8,"key":"Explosive Potion"},{"floor":12,"key":"SteroidPotion"},{"floor":14,"key":"PowerPotion"},{"floor":16,"key":"Strength Potion"},{"floor":22,"key":"Ancient Potion"},{"floor":28,"key":"Block Potion"},{"floor":31,"key":"PowerPotion"},{"floor":35,"key":"AttackPotion"},{"floor":38,"key":"EssenceOfSteel"},{"floor":39,"key":"FearPotion"},{"floor":41,"key":"GamblersBrew"},{"floor":44,"key":"LiquidBronze"},{"floor":46,"key":"EssenceOfSteel"},{"floor":48,"key":"Block Potion"}],"is_trial":false,"path_per_floor":["M","?","M","M","M","R","E","?","T","E","M","M","$","M","R","B",null,"M","$","?","?","M","R","E","?","T","R","M","M","?","E","R","B",null,"M","?","?","M","M","R","E","R","T","M","?","M","M","M","R","B","B",null,"R","$","E"],"character_chosen":"IRONCLAD","items_purchased":["Feel No Pain","True Grit","Shrug It Off"],"campfire_rested":4,"item_purchase_floors":[13,13,13],"current_hp_per_floor":[68,57,49,49,38,58,64,68,68,59,59,65,65,59,59,19,56,50,50,50,50,54,54,11,11,11,31,36,35,41,46,46,40,61,63,63,63,44,17,37,42,62,62,49,39,36,44,47,47,13,21,56,56,56,0],"gold":44,"neow_bonus":"THREE_RARE_CARDS","is_prod":false,"is_daily":false,"chose_seed":false,"campfire_upgraded":4,"win_rate":0,"timestamp":1558886845,"path_taken":["M","?","M","M","M","R","E","?","T","E","M","M","$","M","R","BOSS","M","$","?","?","M","R","E","?","T","R","M","M","?","E","R","BOSS","M","?","?","M","M","R","E","R","T","M","?","M","M","M","R","BOSS","BOSS","R","$","E"],"build_version":"2019-01-23","purchased_purges":2,"victory":false,"max_hp_per_floor":[68,68,68,68,68,68,68,68,68,68,68,68,68,68,68,68,68,68,68,68,68,68,68,68,68,68,68,68,68,68,68,68,68,68,68,68,68,68,68,68,68,68,68,68,68,68,68,68,68,68,68,68,68,68,68],"card_choices":[{"not_picked":["Juggernaut","Double Tap"],"picked":"Bludgeon","floor":0},{"not_picked":["Whirlwind","Perfected Strike"],"picked":"Clash","floor":1},{"not_picked":["Ghostly Armor","Twin Strike+1"],"picked":"Cleave+1","floor":3},{"not_picked":["Flex","Havoc"],"picked":"Demon Form","floor":4},{"not_picked":["Dropkick+1","Hemokinesis+1"],"picked":"Clash+1","floor":5},{"not_picked":["Reckless Charge+1","True Grit"],"picked":"Carnage+1","floor":7},{"not_picked":["Corruption","Sentinel"],"picked":"Carnage+1","floor":10},{"not_picked":["Clash+1","Body Slam+1"],"picked":"Shrug It Off","floor":11},{"not_picked":["Spot Weakness","Flex"],"picked":"Dark Embrace","floor":12},{"not_picked":["True Grit","Clash+1"],"picked":"Feel No Pain","floor":14},{"not_picked":["Demon Form","Bludgeon+1"],"picked":"Immolate+1","floor":16},{"not_picked":["Iron Wave+1","Havoc"],"picked":"Sever Soul+1","floor":18},{"not_picked":["True Grit","Shrug It Off"],"picked":"Shockwave","floor":22},{"not_picked":["Searing Blow+1","Wild Strike+1","Headbutt+1"],"picked":"SKIP","floor":24},{"not_picked":["Twin Strike+1","Heavy Blade+1"],"picked":"Immolate+1","floor":28},{"not_picked":["Entrench","Perfected Strike+1"],"picked":"Second Wind","floor":29},{"not_picked":["Evolve","Intimidate"],"picked":"Corruption+1","floor":30},{"not_picked":["Iron Wave+1","Perfected Strike+1"],"picked":"Body Slam+1","floor":31},{"not_picked":["Reaper+1","Bludgeon+1"],"picked":"Barricade","floor":33},{"not_picked":["Perfected Strike+1","Flex","Spot Weakness"],"picked":"SKIP","floor":35},{"not_picked":["Rage","Reckless Charge+1"],"picked":"Warcry+1","floor":38},{"not_picked":["Shrug It Off","Twin Strike+1"],"picked":"Fiend Fire+1","floor":39},{"not_picked":["Rampage+1","Heavy Blade+1"],"picked":"Shrug It Off","floor":41},{"not_picked":["Perfected Strike+1","Thunderclap+1"],"picked":"Uppercut+1","floor":44},{"not_picked":["Flash of Steel+1","Impatience"],"picked":"Secret Technique","floor":45},{"not_picked":["Blind","Forethought"],"picked":"Bandage Up","floor":45},{"not_picked":["Flash of Steel+1","Thinking Ahead"],"picked":"Purity","floor":45},{"not_picked":["Twin Strike+1","Rampage+1"],"picked":"Body Slam+1","floor":46},{"not_picked":["True Grit","Sword Boomerang+1"],"picked":"Power Through","floor":47},{"not_picked":["Carnage+1","Battle Trance","Anger+1"],"picked":"SKIP","floor":48}],"player_experience":5164090,"relics_obtained":[{"floor":7,"key":"Centennial Puzzle"},{"floor":8,"key":"Odd Mushroom"},{"floor":9,"key":"Potion Belt"},{"floor":10,"key":"Juzu Bracelet"},{"floor":24,"key":"Anchor"},{"floor":26,"key":"Boot"},{"floor":30,"key":"Red Mask"},{"floor":31,"key":"MawBank"},{"floor":41,"key":"War Paint"}],"event_choices":[{"damage_healed":0,"gold_gain":0,"player_choice":"Success","damage_taken":11,"relics_obtained":["Molten Egg 2"],"max_hp_gain":0,"max_hp_loss":0,"event_name":"Scrap Ooze","floor":2,"gold_loss":0},{"damage_healed":0,"gold_gain":0,"player_choice":"Fought Mushrooms","damage_taken":0,"max_hp_gain":0,"max_hp_loss":0,"event_name":"Mushrooms","floor":8,"gold_loss":0},{"damage_healed":0,"gold_gain":0,"player_choice":"Ignored","damage_taken":0,"max_hp_gain":0,"max_hp_loss":0,"event_name":"Beggar","floor":20,"gold_loss":0},{"damage_healed":0,"gold_gain":0,"player_choice":"Ignored","damage_taken":0,"max_hp_gain":0,"max_hp_loss":0,"event_name":"N\u0027loth","floor":21,"gold_loss":0},{"damage_healed":0,"gold_gain":0,"player_choice":"Read","damage_taken":0,"max_hp_gain":0,"max_hp_loss":0,"event_name":"The Library","floor":25,"gold_loss":0,"cards_obtained":["Battle Trance"]},{"damage_healed":0,"gold_gain":0,"player_choice":"Fought Bandits","damage_taken":0,"max_hp_gain":0,"max_hp_loss":0,"event_name":"Masked Bandits","floor":30,"gold_loss":0},{"damage_healed":0,"gold_gain":0,"player_choice":"Cursed","damage_taken":0,"max_hp_gain":0,"max_hp_loss":0,"event_name":"Wheel of Change","floor":36,"gold_loss":0,"cards_obtained":["Decay"]},{"damage_healed":0,"gold_gain":0,"cards_transformed":["Strike_R"],"player_choice":"Transformed","damage_taken":0,"max_hp_gain":0,"max_hp_loss":0,"event_name":"Transmorgrifier","floor":37,"gold_loss":0,"cards_obtained":["Rupture"]},{"damage_healed":0,"gold_gain":0,"player_choice":"Memory 3","damage_taken":10,"max_hp_gain":0,"max_hp_loss":0,"event_name":"SensoryStone","floor":45,"gold_loss":0}],"is_beta":false,"boss_relics":[{"not_picked":["Coffee Dripper","Philosopher\u0027s Stone"],"picked":"Ectoplasm"},{"not_picked":["Tiny House","Astrolabe"],"picked":"White Beast Statue"}],"items_purged_floors":[13,19],"is_endless":false,"potions_floor_spawned":[1,7,8,12,14,16,22,28,29,31,35,38,39,41,44,46,47,48],"killed_by":"Shield and Spear","ascension_level":20}