{"gold_per_floor":[113,127,150,150,33,33,5,25,25,38,38,65,82,101,101,175,175,186,196,196,215,229,229,240,81,105,105,123,223,223,239,239,311,311,327,327,272,286,1285,1285,1025,1025],"floor_reached":42,"playtime":1630,"items_purged":["Normality"],"score":1150,"play_id":"c027c35d-dfdc-45cf-926e-2a8752b07d23","local_time":"20190723005052","is_ascension_mode":true,"campfire_choices":[{"data":"Armaments","floor":6,"key":"SMITH"},{"data":"Seeing Red","floor":11,"key":"SMITH"},{"data":"The Bomb","floor":15,"key":"SMITH"},{"data":"Intimidate","floor":23,"key":"SMITH"},{"data":"Double Tap","floor":32,"key":"SMITH"},{"data":"Jack Of All Trades","floor":40,"key":"SMITH"}],"neow_cost":"","seed_source_timestamp":2716618726863366,"circlet_count":0,"master_deck":["AscendersBane","Strike_R+1","Strike_R+1","Strike_R+1","Strike_R+1","Strike_R+1","Defend_R+1","Defend_R+1","Defend_R+1","Defend_R+1","Bash","Twin Strike","Armaments+1","The Bomb+1","Seeing Red+1","Thunderclap","Pommel Strike","Whirlwind","Intimidate+1","Reaper","Thunderclap","Double Tap+1","Cleave","Shockwave+1","Reaper","Spot Weakness","Pommel Strike","Jack Of All Trades+1","Battle Trance+1","Shrug It Off","Writhe","Shockwave","Demon Form+1","Rage","Disarm","Normality","Perfected Strike","Dual Wield+1","Rampage"],"relics":["Burning Blood","Membership Card","Magic Flower","Meat on the Bone","Happy Flower","Gremlin Horn","Blue Candle","Runic Dome","Lee\u0027s Waffle","Art of War","WingedGreaves","Frozen Egg 2","Dodecahedron","Cursed Key","Toxic Egg 2"],"potions_floor_usage":[13,16,21,29,29,31,42],"damage_taken":[{"damage":12,"enemies":"Cultist","floor":1,"turns":4},{"damage":1,"enemies":"2 Louse","floor":2,"turns":4},{"damage":7,"enemies":"Jaw Worm","floor":8,"turns":3},{"damage":0,"enemies":"Lots of Slimes","floor":10,"turns":2},{"damage":35,"enemies":"Lagavulin","floor":12,"turns":6},{"damage":3,"enemies":"Looter","floor":13,"turns":4},{"damage":4,"enemies":"Red Slaver","floor":14,"turns":3},{"damage":45,"enemies":"The Guardian","floor":16,"turns":11},{"damage":0,"enemies":"3 Byrds","floor":18,"turns":1},{"damage":33,"enemies":"Shell Parasite","floor":19,"turns":5},{"damage":28,"enemies":"Snake Plant","floor":21,"turns":4},{"damage":28,"enemies":"Chosen and Byrds","floor":22,"turns":7},{"damage":43,"enemies":"Shelled Parasite and Fungi","floor":24,"turns":5},{"damage":18,"enemies":"Snecko","floor":28,"turns":4},{"damage":16,"enemies":"Colosseum Slavers","floor":29,"turns":3},{"damage":16,"enemies":"Colosseum Nobs","floor":29,"turns":3},{"damage":24,"enemies":"Snake Plant","floor":31,"turns":5},{"damage":75,"enemies":"Collector","floor":33,"turns":9},{"damage":48,"enemies":"3 Darklings","floor":35,"turns":3},{"damage":15,"enemies":"Orb Walker","floor":38,"turns":3},{"damage":113,"enemies":"Giant Head","floor":42,"turns":7}],"seed_played":"-7174789893451413258","potions_obtained":[{"floor":8,"key":"Dexterity Potion"},{"floor":12,"key":"BloodPotion"},{"floor":13,"key":"SkillPotion"},{"floor":16,"key":"Ancient Potion"},{"floor":21,"key":"SpeedPotion"},{"floor":24,"key":"AttackPotion"},{"floor":29,"key":"AttackPotion"}],"is_trial":false,"path_per_floor":["M","M","T","?","$","R","$","M","T","M","R","E","M","M","R","B",null,"M","M","?","M","M","R","M","$","T","?","M","?","?","M","R","B",null,"M","?","$","M","?","R","$","E"],"character_chosen":"IRONCLAD","items_purchased":["Membership Card","Magic Flower","Meat on the Bone","Twin Strike","Fire Potion","The Bomb","Seeing Red","Thunderclap","Lee\u0027s Waffle","Jack Of All Trades","AttackPotion","Weak Potion","Perfected Strike","Toxic Egg 2","Dual Wield+1","Rampage"],"campfire_rested":0,"item_purchase_floors":[0,0,0,0,0,5,5,7,25,25,37,37,41,41,41,41],"current_hp_per_floor":[62,70,70,70,70,70,70,72,72,75,75,49,75,75,75,48,68,75,57,57,52,63,63,47,82,82,82,73,75,75,67,67,52,75,54,54,54,57,57,57,57,0],"gold":1025,"neow_bonus":"","is_prod":false,"is_daily":false,"chose_seed":false,"campfire_upgraded":6,"win_rate":0,"timestamp":1563835852,"path_taken":["M","?","?","?","$","R","?","M","T","M","R","E","?","M","R","BOSS","M","M","?","?","M","R","M","$","T","?","M","?","?","M","R","BOSS","M","?","$","?","?","R","$","E"],"build_version":"2019-07-17","purchased_purges":1,"victory":false,"max_hp_per_floor":[75,75,75,75,75,75,75,75,75,75,75,75,75,75,75,75,75,75,75,75,75,75,75,75,82,82,82,82,82,82,82,82,82,82,82,82,82,82,82,82,82,82],"card_choices":[{"not_picked":["Sever Soul","Anger"],"picked":"Armaments","floor":1},{"not_picked":["Flex","Heavy Blade","Corruption"],"picked":"SKIP","floor":2},{"not_picked":["Thunderclap","Havoc"],"picked":"Pommel Strike","floor":8},{"not_picked":["Combust","Clothesline"],"picked":"Whirlwind","floor":10},{"not_picked":["Pummel","Carnage"],"picked":"Intimidate","floor":12},{"not_picked":["Corruption","Armaments"],"picked":"Reaper","floor":13},{"not_picked":["Wild Strike","Hemokinesis"],"picked":"Thunderclap","floor":14},{"not_picked":["Berserk","Immolate"],"picked":"Double Tap","floor":16},{"not_picked":["Shrug It Off","Evolve"],"picked":"Cleave","floor":18},{"not_picked":["Anger","Sword Boomerang"],"picked":"Shockwave","floor":19},{"not_picked":["Rage","Pummel"],"picked":"Spot Weakness","floor":21},{"not_picked":["Hemokinesis","Carnage","True Grit"],"picked":"SKIP","floor":22},{"not_picked":["Thunderclap","Shrug It Off"],"picked":"Pommel Strike","floor":24},{"not_picked":["Searing Blow","Infernal Blade"],"picked":"Battle Trance+1","floor":28},{"not_picked":["Headbutt","Armaments"],"picked":"Shrug It Off","floor":29},{"not_picked":["Rupture+1","Burning Pact"],"picked":"Shockwave","floor":31},{"not_picked":["Berserk+1","Double Tap"],"picked":"Demon Form+1","floor":33},{"not_picked":["Bloodletting","Pommel Strike"],"picked":"Rage","floor":35},{"not_picked":["Second Wind","True Grit"],"picked":"Disarm","floor":38}],"player_experience":545313,"relics_obtained":[{"floor":3,"key":"Happy Flower"},{"floor":9,"key":"Gremlin Horn"},{"floor":12,"key":"Blue Candle"},{"floor":26,"key":"Art of War"},{"floor":29,"key":"WingedGreaves"},{"floor":29,"key":"Frozen Egg 2"}],"event_choices":[{"damage_healed":0,"gold_gain":0,"player_choice":"Leave","damage_taken":0,"max_hp_gain":0,"max_hp_loss":0,"event_name":"The Cleric","floor":4,"gold_loss":0},{"damage_healed":0,"gold_gain":0,"player_choice":"Copied","damage_taken":0,"max_hp_gain":0,"max_hp_loss":0,"event_name":"Duplicator","floor":20,"gold_loss":0,"cards_obtained":["Reaper"]},{"damage_healed":0,"gold_gain":0,"player_choice":"Simplicity","damage_taken":0,"max_hp_gain":0,"max_hp_loss":0,"event_name":"Back to Basics","floor":27,"gold_loss":0,"cards_upgraded":["Strike_R","Strike_R","Strike_R","Strike_R","Strike_R","Defend_R","Defend_R","Defend_R","Defend_R"]},{"damage_healed":0,"gold_gain":0,"player_choice":"Fight","damage_taken":0,"max_hp_gain":0,"max_hp_loss":0,"event_name":"Colosseum","floor":29,"gold_loss":0},{"damage_healed":0,"gold_gain":0,"player_choice":"Fought Nobs","damage_taken":0,"max_hp_gain":0,"max_hp_loss":0,"event_name":"Colosseum","floor":29,"gold_loss":0},{"damage_healed":0,"gold_gain":0,"player_choice":"Opened","damage_taken":0,"relics_obtained":["Dodecahedron"],"max_hp_gain":0,"max_hp_loss":0,"event_name":"The Mausoleum","floor":30,"gold_loss":0,"cards_obtained":["Writhe"]},{"damage_healed":0,"gold_gain":0,"player_choice":"Upgraded","damage_taken":0,"max_hp_gain":0,"max_hp_loss":0,"event_name":"Upgrade Shrine","floor":36,"gold_loss":0,"cards_upgraded":["Shockwave"]},{"damage_healed":0,"gold_gain":999,"player_choice":"Gold","damage_taken":0,"max_hp_gain":0,"max_hp_loss":0,"event_name":"MindBloom","floor":39,"gold_loss":0,"cards_obtained":["Normality","Normality"]}],"is_beta":false,"boss_relics":[{"not_picked":["Empty Cage","Runic Cube"],"picked":"Runic Dome"},{"not_picked":["White Beast Statue","Pandora\u0027s Box"],"picked":"Cursed Key"}],"items_purged_floors":[41],"is_endless":false,"potions_floor_spawned":[8,12,13,14,16,21,22,24,28,29],"killed_by":"Giant Head","ascension_level":20}