{"gold_per_floor":[17,31,31,31,46,46,114,114,114,89,124,174,194,11,11,102,102,125,25,39,58,33,33,72,72,125,139,154,190,240,1,1,90,90,111,61,82,32,82,82,97,130,130,170,193,193,243,264,264,264,264,264,264,36,71,71],"floor_reached":57,"playtime":2141,"items_purged":["Strike_R","Defend_R","Defend_R","Regret","Bash+1"],"score":3275,"play_id":"41ebb086-d09b-4a53-9fe6-92894a60435e","local_time":"20190717010948","is_ascension_mode":true,"campfire_choices":[{"data":"Bash","floor":6,"key":"SMITH"},{"data":"Dropkick","floor":8,"key":"SMITH"},{"data":"Burning Pact","floor":15,"key":"SMITH"},{"data":"Rage","floor":23,"key":"SMITH"},{"floor":25,"key":"REST"},{"data":"Master of Strategy","floor":32,"key":"SMITH"},{"data":"Flash of Steel","floor":40,"key":"SMITH"},{"floor":46,"key":"RECALL"},{"data":"Second Wind","floor":49,"key":"SMITH"},{"data":"Feed","floor":53,"key":"SMITH"}],"neow_cost":"NO_GOLD","seed_source_timestamp":543238510173000,"circlet_count":0,"master_deck":["AscendersBane","Dropkick+1","Intimidate","Second Wind+1","Burning Pact+1","Thunderclap","Flash of Steel+1","Feed+1","Rage+1","Master of Strategy+1","Warcry+1","Brutality"],"special_seed":0,"relics":["Burning Blood","SsserpentHead","Ornamental Fan","Blue Candle","Golden Idol","Black Star","Pear","Smiling Mask","Omamori","Happy Flower","Champion Belt","Calling Bell","Orichalcum","Mercury Hourglass","Mango","Lantern","Blood Vial","Letter Opener","Regal Pillow","Bag of Marbles","Bird Faced Urn","Red Skull"],"potions_floor_usage":[18,18,24,24,50,56],"damage_taken":[{"damage":23.0,"enemies":"Jaw Worm","floor":1.0,"turns":9.0},{"damage":1.0,"enemies":"Small Slimes","floor":2.0,"turns":5.0},{"damage":1,"enemies":"Cultist","floor":5,"turns":4},{"damage":4,"enemies":"Looter","floor":7,"turns":5},{"damage":32,"enemies":"Lagavulin","floor":11,"turns":7},{"damage":4,"enemies":"Blue Slaver","floor":13,"turns":4},{"damage":38,"enemies":"Slime Boss","floor":16,"turns":4},{"damage":12,"enemies":"Spheric Guardian","floor":18,"turns":4},{"damage":8,"enemies":"Chosen","floor":20,"turns":6},{"damage":15,"enemies":"Centurion and Healer","floor":21,"turns":5},{"damage":36,"enemies":"Slavers","floor":24,"turns":4},{"damage":0,"enemies":"3 Cultists","floor":27,"turns":3},{"damage":4,"enemies":"Shelled Parasite and Fungi","floor":28,"turns":4},{"damage":0,"enemies":"Book of Stabbing","floor":29,"turns":3},{"damage":0,"enemies":"Champ","floor":33,"turns":1},{"damage":0,"enemies":"3 Shapes","floor":35,"turns":2},{"damage":6,"enemies":"Orb Walker","floor":37,"turns":2},{"damage":4,"enemies":"4 Shapes","floor":41,"turns":1},{"damage":0,"enemies":"Nemesis","floor":42,"turns":1},{"damage":0,"enemies":"Reptomancer","floor":44,"turns":1},{"damage":14,"enemies":"Writhing Mass","floor":45,"turns":2},{"damage":0,"enemies":"Transient","floor":48,"turns":1},{"damage":68,"enemies":"Donu and Deca","floor":50,"turns":8},{"damage":0,"enemies":"Awakened One","floor":51,"turns":2},{"damage":0,"enemies":"Shield and Spear","floor":55,"turns":1},{"damage":22,"enemies":"The Heart","floor":56,"turns":4}],"seed_played":"2769630387020657501","potions_obtained":[{"floor":2.0,"key":"FearPotion"},{"floor":13,"key":"Block Potion"},{"floor":18,"key":"Fire Potion"},{"floor":20,"key":"Poison Potion"},{"floor":33,"key":"Weak Potion"},{"floor":37,"key":"Strength Potion"},{"floor":48,"key":"Swift Potion"}],"is_trial":false,"path_per_floor":["M","M","?","?","M","R","M","R","T","?","E","?","M","$","R","B",null,"M","$","M","M","?","R","E","R","T","M","M","E","?","$","R","B",null,"M","$","M","$","?","R","M","E","T","E","M","R","?","M","R","B","B",null,"R","$","E","B",null],"character_chosen":"IRONCLAD","items_purchased":["Flash of Steel","Master of Strategy","Bag of Marbles","Swift Potion"],"campfire_rested":1,"item_purchase_floors":[14,31,54,54],"current_hp_per_floor":[51,56,56,56,61,61,63,63,63,63,37,37,39,39,39,7,53,47,47,48,42,42,42,22,47,47,56,61,70,70,70,70,79,106,113,113,116,116,116,116,119,122,122,125,120,120,128,131,131,69,80,121,121,121,133,121],"gold":71,"neow_bonus":"REMOVE_TWO","is_prod":false,"is_daily":false,"chose_seed":false,"campfire_upgraded":8,"win_rate":0,"timestamp":1563293388,"path_taken":["M","M","?","?","M","R","?","R","T","?","E","?","M","$","R","BOSS","M","$","M","M","?","R","E","R","T","M","M","E","?","$","R","BOSS","M","$","M","$","?","R","M","E","T","E","M","R","?","M","R","BOSS","BOSS","R","$","E","BOSS"],"build_version":"2019-07-05","purchased_purges":5,"victory":true,"max_hp_per_floor":[75,75,75,75,75,75,75,75,75,75,75,68,68,68,68,68,68,68,68,71,74,74,74,84,84,84,87,90,93,93,93,93,96,110,113,113,116,116,116,116,119,122,122,125,128,128,128,131,131,131,134,134,134,134,138,138],"card_choices":[{"not_picked":["Headbutt","Twin Strike"],"picked":"Seeing Red","floor":1.0},{"not_picked":["Thunderclap","Combust"],"picked":"Dropkick","floor":2.0},{"not_picked":["Sword Boomerang","Heavy Blade"],"picked":"Intimidate","floor":5},{"not_picked":["Metallicize","Searing Blow"],"picked":"Second Wind","floor":7},{"not_picked":["Warcry","Rupture"],"picked":"Burning Pact","floor":11},{"not_picked":["Perfected Strike","Reckless Charge"],"picked":"Thunderclap","floor":13},{"not_picked":["Juggernaut","Bludgeon"],"picked":"Feed","floor":16},{"not_picked":["Shrug It Off","Disarm+1"],"picked":"Rage","floor":18},{"not_picked":["Sentinel+1","Disarm","Twin Strike"],"picked":"SKIP","floor":20},{"not_picked":["Twin Strike","Thunderclap+1","Feed"],"picked":"SKIP","floor":21},{"not_picked":["Blood for Blood","Barricade","Iron Wave"],"picked":"SKIP","floor":24},{"not_picked":["Seeing Red+1","Clash","Armaments+1"],"picked":"SKIP","floor":27},{"not_picked":["Havoc+1","Pommel Strike+1","Twin Strike"],"picked":"SKIP","floor":28},{"not_picked":["Havoc+1","Pommel Strike+1","Twin Strike"],"picked":"SKIP","floor":28},{"not_picked":["Havoc+1","Pommel Strike+1","Twin Strike"],"picked":"SKIP","floor":28},{"not_picked":["Perfected Strike+1","Clothesline","Flex"],"picked":"SKIP","floor":29},{"not_picked":["Inflame","Sever Soul+1","Rage"],"picked":"SKIP","floor":35},{"not_picked":["Perfected Strike","Uppercut+1","Clothesline"],"picked":"SKIP","floor":37},{"not_picked":["Thunderclap+1","Rage","Flame Barrier"],"picked":"SKIP","floor":41},{"not_picked":["Whirlwind","Havoc","Heavy Blade"],"picked":"SKIP","floor":42},{"not_picked":["Searing Blow","Pummel","Power Through"],"picked":"SKIP","floor":44},{"not_picked":["Seeing Red+1","True Grit"],"picked":"Warcry+1","floor":45},{"not_picked":["Twin Strike","Rupture","Rage"],"picked":"SKIP","floor":48},{"not_picked":["Berserk","Clothesline+1"],"picked":"Brutality","floor":55}],"player_experience":5711659,"relics_obtained":[{"floor":9,"key":"Ornamental Fan"},{"floor":11,"key":"Blue Candle"},{"floor":24,"key":"Pear"},{"floor":24,"key":"Smiling Mask"},{"floor":26,"key":"Omamori"},{"floor":29,"key":"Happy Flower"},{"floor":29,"key":"Champion Belt"},{"floor":34,"key":"Orichalcum"},{"floor":34,"key":"Mercury Hourglass"},{"floor":34,"key":"Mango"},{"floor":42,"key":"Lantern"},{"floor":42,"key":"Blood Vial"},{"floor":44,"key":"Letter Opener"},{"floor":44,"key":"Regal Pillow"},{"floor":55,"key":"Bird Faced Urn"},{"floor":55,"key":"Red Skull"}],"event_choices":[{"cards_removed":["Strike_R"],"damage_healed":0.0,"max_hp_gain":0.0,"max_hp_loss":0.0,"gold_gain":0.0,"event_name":"Living Wall","player_choice":"Forget","floor":3.0,"gold_loss":0.0,"damage_taken":0.0},{"damage_healed":0,"gold_gain":0,"player_choice":"Trade","damage_taken":0,"relics_obtained":["SsserpentHead"],"max_hp_gain":0,"max_hp_loss":0,"event_name":"FaceTrader","floor":4,"gold_loss":0},{"cards_removed":["Strike_R"],"damage_healed":0,"gold_gain":0,"player_choice":"Card Removal","damage_taken":0,"max_hp_gain":0,"max_hp_loss":0,"event_name":"The Cleric","floor":10,"gold_loss":75},{"damage_healed":0,"gold_gain":0,"player_choice":"Lose Max HP","damage_taken":0,"relics_obtained":["Golden Idol"],"max_hp_gain":0,"max_hp_loss":7,"event_name":"Golden Idol","floor":12,"gold_loss":0},{"cards_removed":["Defend_R"],"damage_healed":0,"gold_gain":0,"player_choice":"Gave Gold","damage_taken":0,"max_hp_gain":0,"max_hp_loss":0,"event_name":"Beggar","floor":22,"gold_loss":75},{"cards_removed":["Defend_R"],"damage_healed":0,"gold_gain":0,"player_choice":"Elegance","damage_taken":0,"max_hp_gain":0,"max_hp_loss":0,"event_name":"Back to Basics","floor":30,"gold_loss":0},{"cards_removed":["Seeing Red"],"damage_healed":0,"gold_gain":0,"player_choice":"Removed Skill","damage_taken":0,"max_hp_gain":0,"max_hp_loss":0,"event_name":"Falling","floor":39,"gold_loss":0},{"damage_healed":8,"gold_gain":0,"player_choice":"Full Heal","damage_taken":0,"max_hp_gain":0,"max_hp_loss":0,"event_name":"Wheel of Change","floor":47,"gold_loss":0}],"is_beta":false,"boss_relics":[{"not_picked":["Velvet Choker","Ectoplasm"],"picked":"Black Star"},{"not_picked":["Coffee Dripper","White Beast Statue"],"picked":"Calling Bell"}],"items_purged_floors":[14,19,31,36,38],"is_endless":false,"potions_floor_spawned":[2,13,16,18,20,21,33,37,41,48,55],"ascension_level":20}