{"gold_per_floor":[110,127,142,161,174,174,199,199,199,199],"floor_reached":10,"playtime":205,"items_purged":[],"score":140,"play_id":"bb56d311-b950-49ea-b5e1-94df0b0f9699","local_time":"20190514011524","is_ascension_mode":true,"campfire_choices":[{"data":"Immolate","floor":6,"key":"SMITH"},{"data":"Barricade","floor":8,"key":"SMITH"}],"neow_cost":"NONE","seed_source_timestamp":717400590738400,"circlet_count":0,"master_deck":["AscendersBane","Strike_R","Strike_R","Strike_R","Strike_R","Strike_R","Defend_R","Defend_R","Defend_R","Defend_R","Bash","Immolate+1","Disarm","Barricade+1","Intimidate","Offering"],"relics":["Burning Blood","Juzu Bracelet","Question Card"],"potions_floor_usage":[5,10],"damage_taken":[{"damage":2,"enemies":"Jaw Worm","floor":1,"turns":3},{"damage":0,"enemies":"2 Louse","floor":2,"turns":1},{"damage":1,"enemies":"Cultist","floor":3,"turns":3},{"damage":8,"enemies":"Blue Slaver","floor":4,"turns":5},{"damage":8,"enemies":"3 Louse","floor":5,"turns":2},{"damage":55,"enemies":"Gremlin Nob","floor":7,"turns":5},{"damage":27,"enemies":"Lagavulin","floor":10,"turns":5}],"seed_played":"-4424935577096377902","potions_obtained":[{"floor":1,"key":"SteroidPotion"},{"floor":2,"key":"EssenceOfSteel"}],"is_trial":false,"path_per_floor":["M","M","M","M","M","R","E","R","T","E"],"character_chosen":"IRONCLAD","items_purchased":[],"campfire_rested":0,"item_purchase_floors":[],"current_hp_per_floor":[72,75,75,73,71,71,22,22,22,0],"gold":199,"neow_bonus":"ONE_RANDOM_RARE_CARD","is_prod":false,"is_daily":false,"chose_seed":false,"campfire_upgraded":2,"win_rate":0,"timestamp":1557764124,"path_taken":["M","M","M","M","M","R","E","R","T","E"],"build_version":"2019-01-23","purchased_purges":0,"victory":false,"max_hp_per_floor":[75,75,75,75,75,75,75,75,75,75],"card_choices":[{"not_picked":["Clash","Iron Wave"],"picked":"Disarm","floor":1},{"not_picked":["Heavy Blade","Iron Wave","Flex"],"picked":"SKIP","floor":2},{"not_picked":["Dropkick","Spot Weakness","Heavy Blade"],"picked":"SKIP","floor":3},{"not_picked":["Disarm","Ghostly Armor"],"picked":"Barricade","floor":4},{"not_picked":["Spot Weakness","Whirlwind"],"picked":"Intimidate","floor":5},{"not_picked":["Clothesline","Reckless Charge"],"picked":"Offering","floor":7}],"player_experience":5014201,"relics_obtained":[{"floor":7,"key":"Juzu Bracelet"},{"floor":9,"key":"Question Card"}],"event_choices":[],"is_beta":false,"boss_relics":[],"items_purged_floors":[],"is_endless":false,"potions_floor_spawned":[1,2],"killed_by":"Lagavulin","ascension_level":20}