{"gold_per_floor":[116,116,65,65,65,65,109,109,186,205,239,314,386,2,2,2],"floor_reached":16,"playtime":484,"items_purged":["Strike_R"],"score":194,"play_id":"c1c68253-86f4-4dc4-b064-f5507b3c9155","local_time":"20190709013808","is_ascension_mode":true,"campfire_choices":[{"data":"Bash","floor":6,"key":"SMITH"},{"data":"Intimidate","floor":8,"key":"SMITH"},{"data":"Shrug It Off","floor":15,"key":"SMITH"}],"neow_cost":"NONE","seed_source_timestamp":1514585783974801,"circlet_count":0,"master_deck":["AscendersBane","Strike_R","Strike_R","Strike_R","Strike_R","Defend_R","Defend_R","Defend_R","Defend_R","Bash+1","Feel No Pain+1","Shrug It Off+1","Intimidate+1","Burning Pact","Warcry"],"relics":["Burning Blood","NeowsBlessing","Golden Idol","Gambling Chip","Shuriken","PreservedInsect","Matryoshka","Turnip"],"potions_floor_usage":[11,16],"damage_taken":[{"damage":0,"enemies":"2 Louse","floor":1,"turns":1},{"damage":0,"enemies":"Gremlin Nob","floor":7,"turns":1},{"damage":0,"enemies":"Jaw Worm","floor":10,"turns":1},{"damage":12,"enemies":"3 Sentries","floor":11,"turns":14},{"damage":64,"enemies":"Slime Boss","floor":16,"turns":16}],"seed_played":"2703592186486485038","potions_obtained":[{"floor":1,"key":"GamblersBrew"},{"floor":10,"key":"LiquidBronze"},{"floor":11,"key":"Block Potion"}],"is_trial":false,"path_per_floor":["M","?","$","?","?","R","E","R","T","M","E","?","T","$","R","B"],"character_chosen":"IRONCLAD","items_purchased":["Shrug It Off","Turnip"],"campfire_rested":0,"item_purchase_floors":[3,14],"current_hp_per_floor":[78,74,74,74,74,74,74,74,74,74,68,57,57,57,57,0],"gold":2,"neow_bonus":"THREE_ENEMY_KILL","is_prod":false,"is_daily":false,"chose_seed":false,"campfire_upgraded":3,"win_rate":0,"timestamp":1562632688,"path_taken":["M","?","$","?","?","R","E","R","T","M","E","?","?","$","R","BOSS"],"build_version":"2019-07-05","purchased_purges":1,"victory":false,"max_hp_per_floor":[80,74,74,74,74,74,74,74,74,74,74,74,74,74,74,74],"card_choices":[{"not_picked":["Rage","Heavy Blade"],"picked":"Feel No Pain","floor":1},{"not_picked":["Heavy Blade","Sword Boomerang"],"picked":"Intimidate","floor":7},{"not_picked":["Heavy Blade","Shrug It Off"],"picked":"Burning Pact","floor":10},{"not_picked":["Sever Soul","Flex"],"picked":"Warcry","floor":11}],"player_experience":292975,"relics_obtained":[{"floor":7,"key":"Gambling Chip"},{"floor":9,"key":"Shuriken"},{"floor":11,"key":"PreservedInsect"},{"floor":13,"key":"Matryoshka"}],"event_choices":[{"damage_healed":0,"gold_gain":0,"player_choice":"Lose Max HP","damage_taken":0,"relics_obtained":["Golden Idol"],"max_hp_gain":0,"max_hp_loss":6,"event_name":"Golden Idol","floor":2,"gold_loss":0},{"damage_healed":0,"gold_gain":0,"player_choice":"Grow","damage_taken":0,"max_hp_gain":0,"max_hp_loss":0,"event_name":"Living Wall","floor":4,"gold_loss":0,"cards_upgraded":["Feel No Pain"]},{"damage_healed":0,"gold_gain":0,"player_choice":"Ignored","damage_taken":0,"max_hp_gain":0,"max_hp_loss":0,"event_name":"Liars Game","floor":5,"gold_loss":0},{"damage_healed":0,"gold_gain":75,"player_choice":"Gather Gold","damage_taken":11,"max_hp_gain":0,"max_hp_loss":0,"event_name":"World of Goop","floor":12,"gold_loss":0}],"is_beta":false,"boss_relics":[],"items_purged_floors":[14],"is_endless":false,"potions_floor_spawned":[1,10,11],"killed_by":"Slime Boss","ascension_level":10}