{"gold_per_floor":[117,117,134,134,134,168,168,193,263,279,294,244,278,298,298,373,373,393,443,453,471,150,185,211,211,259,287,314,314,330,364,364,441,441,458,438,448,461,106,137,163,163,190,219,235,255,530,561,561,561,561,561,561,103,137,137],"floor_reached":57,"playtime":1389,"items_purged":["Glacier","Barrage","Glacier","Barrage+1"],"score":4061,"play_id":"21dae9d9-7689-41f6-a278-18a04e501bbc","local_time":"20190707005258","is_ascension_mode":true,"campfire_choices":[{"data":"1","floor":7,"key":"LIFT"},{"data":"2","floor":15,"key":"LIFT"},{"data":"3","floor":25,"key":"LIFT"},{"floor":29,"key":"RECALL"},{"data":"Biased Cognition","floor":32,"key":"SMITH"},{"data":"Coolheaded","floor":42,"key":"SMITH"},{"data":"Genetic Algorithm","floor":49,"key":"SMITH"},{"data":"Glacier","floor":53,"key":"SMITH"}],"neow_cost":"","seed_source_timestamp":348606438282400,"circlet_count":0,"master_deck":["Limit Break+1","Chill","Chill","Barrage+1","Barrage+1","FTL+1","Biased Cognition+1","Coolheaded+1","FTL+1","Glacier+1","Genetic Algorithm+1","Core Surge+1"],"relics":["FrozenCore","Runic Capacitor","Inserter","FrozenCore","Vajra","Girya","Smiling Mask","Molten Egg 2","Anchor","Mummified Hand","Boot","Dodecahedron","WingedGreaves","Pantograph","Omamori","Whetstone","Singing Bowl","Red Mask","Inserter","Membership Card","DataDisk","Strawberry","FossilizedHelix","Oddly Smooth Stone","Cables","Mango","Frozen Eye","Bottled Lightning","Bag of Preparation"],"potions_floor_usage":[23,56,56],"damage_taken":[{"damage":0,"enemies":"2 Louse","floor":1,"turns":2},{"damage":0,"enemies":"Jaw Worm","floor":3,"turns":2},{"damage":0,"enemies":"Gremlin Nob","floor":6,"turns":2},{"damage":0,"enemies":"3 Sentries","floor":8,"turns":3},{"damage":0,"enemies":"Cultist","floor":10,"turns":2},{"damage":0,"enemies":"Looter","floor":11,"turns":2},{"damage":0,"enemies":"Gremlin Nob","floor":13,"turns":2},{"damage":0,"enemies":"3 Louse","floor":14,"turns":2},{"damage":0,"enemies":"The Guardian","floor":16,"turns":4},{"damage":3,"enemies":"Shell Parasite","floor":18,"turns":2},{"damage":0,"enemies":"Spheric Guardian","floor":20,"turns":2},{"damage":0,"enemies":"Snecko","floor":21,"turns":4},{"damage":0,"enemies":"Gremlin Leader","floor":23,"turns":3},{"damage":0,"enemies":"Book of Stabbing","floor":24,"turns":3},{"damage":0,"enemies":"Gremlin Leader","floor":27,"turns":3},{"damage":0,"enemies":"Book of Stabbing","floor":28,"turns":2},{"damage":0,"enemies":"Cultist and Chosen","floor":30,"turns":3},{"damage":0,"enemies":"Masked Bandits","floor":31,"turns":3},{"damage":0,"enemies":"Collector","floor":33,"turns":3},{"damage":0,"enemies":"3 Darklings","floor":35,"turns":2},{"damage":0,"enemies":"Orb Walker","floor":37,"turns":3},{"damage":0,"enemies":"Transient","floor":38,"turns":4},{"damage":0,"enemies":"Nemesis","floor":40,"turns":3},{"damage":0,"enemies":"Giant Head","floor":41,"turns":4},{"damage":0,"enemies":"Reptomancer","floor":44,"turns":4},{"damage":0,"enemies":"Sphere and 2 Shapes","floor":45,"turns":4},{"damage":0,"enemies":"Jaw Worm Horde","floor":46,"turns":3},{"damage":0,"enemies":"Giant Head","floor":48,"turns":3},{"damage":0,"enemies":"Time Eater","floor":50,"turns":4},{"damage":0,"enemies":"Donu and Deca","floor":51,"turns":4},{"damage":0,"enemies":"Shield and Spear","floor":55,"turns":3},{"damage":0,"enemies":"The Heart","floor":56,"turns":10}],"seed_played":"2280608092505420427","potions_obtained":[{"floor":3,"key":"FearPotion"},{"floor":8,"key":"SpeedPotion"},{"floor":13,"key":"Strength Potion"},{"floor":23,"key":"Fruit Juice"},{"floor":27,"key":"EssenceOfSteel"},{"floor":30,"key":"Swift Potion"}],"is_trial":true,"path_per_floor":["M","?","M","?","?","E","R","E","T","M","M","$","E","M","R","B",null,"M","?","M","M","$","E","E","R","T","E","E","R","M","?","R","B",null,"M","?","M","M","$","E","E","R","T","E","M","M","?","E","R","B","B",null,"R","$","E","B",null],"character_chosen":"DEFECT","items_purchased":["Dodecahedron","Membership Card","DataDisk","Mango","Frozen Eye","Bottled Lightning"],"campfire_rested":0,"item_purchase_floors":[22,39,39,54,54,54],"current_hp_per_floor":[64,38,38,38,81,81,81,81,81,81,81,81,81,81,81,81,81,78,78,78,78,78,83,83,83,83,83,85,85,87,89,89,94,94,96,96,98,100,100,109,111,111,111,113,115,117,117,119,119,119,119,119,119,133,135,135],"gold":137,"neow_bonus":"","is_prod":false,"is_daily":false,"chose_seed":false,"campfire_upgraded":4,"win_rate":0,"timestamp":1562428378,"path_taken":["M","?","M","?","?","E","R","E","T","M","M","$","E","M","R","BOSS","M","?","M","M","$","E","E","R","T","E","E","R","M","?","R","BOSS","M","?","?","M","$","E","E","R","T","E","M","M","?","E","R","BOSS","BOSS","R","$","E","BOSS"],"build_version":"2019-07-05","purchased_purges":4,"victory":true,"max_hp_per_floor":[71,71,71,71,81,81,81,81,81,81,81,81,81,81,81,81,81,81,81,81,81,81,86,86,86,86,86,88,88,90,92,92,94,94,96,96,98,100,100,109,111,111,111,113,115,117,117,119,119,119,119,119,119,133,135,135],"card_choices":[{"not_picked":["Conserve Battery","Turbo","Beam Cell"],"picked":"SKIP","floor":1},{"not_picked":["Coolheaded","Turbo","Steam"],"picked":"SKIP","floor":3},{"not_picked":["Sunder","Force Field"],"picked":"FTL","floor":6},{"not_picked":["Go for the Eyes+1","White Noise"],"picked":"Biased Cognition","floor":8},{"not_picked":["Compile Driver+1","Cold Snap+1"],"picked":"Coolheaded","floor":10},{"not_picked":["Compile Driver+1","Conserve Battery"],"picked":"FTL+1","floor":11},{"not_picked":["All For One+1","Darkness"],"picked":"Glacier","floor":13},{"not_picked":["Cold Snap+1","Beam Cell+1"],"picked":"Genetic Algorithm","floor":14},{"not_picked":["Machine Learning","Multi-Cast"],"picked":"Core Surge+1","floor":16},{"not_picked":["Sweeping Beam+1","Tempest","Steam Power"],"picked":"SKIP","floor":18},{"not_picked":["Conserve Battery+1","Streamline+1","Blizzard+1"],"picked":"SKIP","floor":20},{"not_picked":["Redo","Rebound+1","Coolheaded"],"picked":"SKIP","floor":21},{"not_picked":["Tempest","Conserve Battery","Skim"],"picked":"SKIP","floor":23},{"not_picked":["Beam Cell+1","Rebound+1","Gash+1"],"picked":"SKIP","floor":24},{"not_picked":["Compile Driver+1","Steam","Coolheaded"],"picked":"SKIP","floor":27},{"not_picked":["Rainbow","Redo","FTL+1"],"picked":"Singing Bowl","floor":28},{"not_picked":["Force Field","Genetic Algorithm","Tempest+1"],"picked":"Singing Bowl","floor":30},{"not_picked":["Stack+1","Fusion","Self Repair"],"picked":"Singing Bowl","floor":31},{"not_picked":["Core Surge+1","Buffer","Thunder Strike+1"],"picked":"Singing Bowl","floor":33},{"not_picked":["Redo","Reprogram+1","Leap"],"picked":"Singing Bowl","floor":35},{"not_picked":["Cold Snap+1","Compile Driver+1","Static Discharge"],"picked":"Singing Bowl","floor":37},{"not_picked":["Go for the Eyes+1","Ball Lightning+1","Rebound+1"],"picked":"Singing Bowl","floor":38},{"not_picked":["Electrodynamics","Streamline+1","Seek"],"picked":"Singing Bowl","floor":40},{"not_picked":["Go for the Eyes+1","Gash+1","FTL+1"],"picked":"Singing Bowl","floor":41},{"not_picked":["Beam Cell+1","Sunder+1","Loop"],"picked":"Singing Bowl","floor":44},{"not_picked":["Consume+1","Beam Cell+1","Sweeping Beam+1"],"picked":"Singing Bowl","floor":45},{"not_picked":["Conserve Battery+1","Leap","Storm+1"],"picked":"Singing Bowl","floor":46},{"not_picked":["Ball Lightning+1","Streamline+1","Coolheaded+1"],"picked":"Singing Bowl","floor":48},{"not_picked":["Auto Shields+1","Sunder+1","Conserve Battery"],"picked":"Singing Bowl","floor":55}],"player_experience":5598465,"relics_obtained":[{"floor":6,"key":"Molten Egg 2"},{"floor":8,"key":"Anchor"},{"floor":9,"key":"Mummified Hand"},{"floor":13,"key":"Boot"},{"floor":23,"key":"WingedGreaves"},{"floor":24,"key":"Pantograph"},{"floor":26,"key":"Omamori"},{"floor":27,"key":"Whetstone"},{"floor":28,"key":"Singing Bowl"},{"floor":31,"key":"Red Mask"},{"floor":40,"key":"Strawberry"},{"floor":41,"key":"FossilizedHelix"},{"floor":44,"key":"Oddly Smooth Stone"},{"floor":48,"key":"Cables"},{"floor":55,"key":"Bag of Preparation"}],"event_choices":[{"damage_healed":0,"gold_gain":0,"player_choice":"Success","damage_taken":26,"relics_obtained":["Smiling Mask"],"max_hp_gain":0,"max_hp_loss":0,"event_name":"Scrap Ooze","floor":2,"gold_loss":0},{"damage_healed":0,"gold_gain":0,"player_choice":"Grow","damage_taken":0,"max_hp_gain":0,"max_hp_loss":0,"event_name":"Living Wall","floor":4,"gold_loss":0,"cards_upgraded":["Barrage"]},{"cards_removed":["Limit Break"],"damage_healed":33,"gold_gain":0,"player_choice":"Offered Rare","damage_taken":0,"max_hp_gain":10,"max_hp_loss":0,"event_name":"Bonfire Elementals","floor":5,"gold_loss":0},{"damage_healed":0,"gold_gain":50,"player_choice":"Stole From Cult","damage_taken":0,"max_hp_gain":0,"max_hp_loss":0,"event_name":"Nest","floor":19,"gold_loss":0},{"damage_healed":0,"gold_gain":0,"player_choice":"Fought Bandits","damage_taken":0,"max_hp_gain":0,"max_hp_loss":0,"event_name":"Masked Bandits","floor":31,"gold_loss":0},{"damage_healed":0,"gold_gain":0,"player_choice":"Bought 1 Potion","damage_taken":0,"max_hp_gain":0,"max_hp_loss":0,"event_name":"The Woman in Blue","floor":36,"gold_loss":0},{"damage_healed":0,"gold_gain":275,"player_choice":"Desecrate","damage_taken":0,"max_hp_gain":0,"max_hp_loss":0,"event_name":"Golden Shrine","floor":47,"gold_loss":0,"cards_obtained":["Regret"]}],"is_beta":false,"boss_relics":[{"not_picked":["Astrolabe","Lizard Tail"],"picked":"FrozenCore"},{"not_picked":["Coffee Dripper","Philosopher\u0027s Stone"],"picked":"Inserter"}],"items_purged_floors":[12,22,39,54],"is_endless":false,"potions_floor_spawned":[3,8,13,14,20,23,27,30,31,37,38,40,44,45,48],"ascension_level":20}