{"gold_per_floor":[110,130,147,167,186,216,216,246,273,273,289,289,289,323,323,397,397,375,375,29,79,99,125,125,157,157,77,87,137,5,18,18,94,94,109,127,177,227,277,303,353,403,403,420,436,436,34,46,46,46,46,46,46,0,29,29],"floor_reached":56,"playtime":2460,"items_purged":["Strike_B","Strike_B","Strike_B"],"score":1945,"play_id":"0408fade-caff-438e-8cb3-bae000ccc70a","local_time":"20190622004631","is_ascension_mode":true,"campfire_choices":[{"data":"Beam Cell","floor":7.0,"key":"SMITH"},{"data":"Consume","floor":10.0,"key":"SMITH"},{"floor":12.0,"key":"REST"},{"data":"Conserve Battery","floor":15.0,"key":"SMITH"},{"data":"Go for the Eyes","floor":24.0,"key":"SMITH"},{"data":"Capacitor","floor":32.0,"key":"SMITH"},{"data":"Loop","floor":46.0,"key":"SMITH"},{"floor":49.0,"key":"RECALL"},{"data":"Biased Cognition","floor":53.0,"key":"SMITH"}],"neow_cost":"NONE","seed_source_timestamp":279096684233599,"circlet_count":0,"master_deck":["AscendersBane","Defend_B+1","Defend_B+1","Defend_B","Zap","Dualcast","Sweeping Beam","Sweeping Beam","Go for the Eyes+1","Streamline","Beam Cell+1","Steam","Glacier","Consume+1","Core Surge","Compile Driver","RitualDagger","Undo","Capacitor+1","FTL","Loop+1","All For One","Turbo+1","Madness","Madness","Biased Cognition+1","Cold Snap","BootSequence+1"],"special_seed":0,"relics":["Cracked Core","Juzu Bracelet","Darkstone Periapt","Bronze Scales","PreservedInsect","Nuclear Battery","SsserpentHead","Meat on the Bone","Vajra","The Courier","Singing Bowl","Runic Pyramid","Gambling Chip","ClockworkSouvenir","DataDisk","Bag of Preparation"],"potions_floor_usage":[56],"damage_taken":[{"damage":1.0,"enemies":"Cultist","floor":1.0,"turns":3.0},{"damage":2.0,"enemies":"Jaw Worm","floor":2.0,"turns":4.0},{"damage":7.0,"enemies":"Small Slimes","floor":3.0,"turns":3.0},{"damage":8.0,"enemies":"3 Louse","floor":4.0,"turns":3.0},{"damage":0.0,"enemies":"2 Fungi Beasts","floor":5.0,"turns":2.0},{"damage":19.0,"enemies":"3 Sentries","floor":6.0,"turns":6.0},{"damage":11.0,"enemies":"Gremlin Nob","floor":8.0,"turns":3.0},{"damage":1.0,"enemies":"Exordium Wildlife","floor":11.0,"turns":4.0},{"damage":0.0,"enemies":"Lagavulin","floor":14.0,"turns":8.0},{"damage":12.0,"enemies":"The Guardian","floor":16.0,"turns":11.0},{"damage":8.0,"enemies":"2 Thieves","floor":18.0,"turns":4.0},{"damage":8.0,"enemies":"3 Byrds","floor":22.0,"turns":3.0},{"damage":25.0,"enemies":"Slavers","floor":23.0,"turns":5.0},{"damage":9.0,"enemies":"Book of Stabbing","floor":25.0,"turns":5.0},{"damage":2.0,"enemies":"Sentry and Sphere","floor":28.0,"turns":9.0},{"damage":9.0,"enemies":"Snake Plant","floor":31.0,"turns":3.0},{"damage":40.0,"enemies":"Champ","floor":33.0,"turns":12.0},{"damage":11.0,"enemies":"Orb Walker","floor":35.0,"turns":2.0},{"damage":8.0,"enemies":"3 Darklings","floor":36.0,"turns":4.0},{"damage":35.0,"enemies":"Giant Head","floor":40.0,"turns":7.0},{"damage":22.0,"enemies":"Spire Growth","floor":44.0,"turns":4.0},{"damage":4.0,"enemies":"4 Shapes","floor":45.0,"turns":6.0},{"damage":0.0,"enemies":"Maw","floor":48.0,"turns":6.0},{"damage":28.0,"enemies":"Awakened One","floor":50.0,"turns":18.0},{"damage":21.0,"enemies":"Donu and Deca","floor":51.0,"turns":15.0},{"damage":54.0,"enemies":"Shield and Spear","floor":55.0,"turns":9.0},{"damage":52,"enemies":"The Heart","floor":56,"turns":3}],"seed_played":"-5279299309516014206","potions_obtained":[{"floor":4.0,"key":"Fruit Juice"},{"floor":5.0,"key":"SkillPotion"},{"floor":11.0,"key":"Poison Potion"},{"floor":14.0,"key":"Dexterity Potion"},{"floor":16.0,"key":"Weak Potion"},{"floor":28.0,"key":"SneckoOil"},{"floor":33.0,"key":"Weak Potion"},{"floor":44.0,"key":"Block Potion"},{"floor":48.0,"key":"SkillPotion"},{"floor":55.0,"key":"Poison Potion"}],"is_trial":false,"path_per_floor":["M","M","M","M","M","E","R","E","T","R","M","R","?","E","R","B",null,"M","?","$","?","M","E","R","E","T","$","M","?","$","M","R","B",null,"M","M","?","?","?","E","?","?","T","M","M","R","$","M","R","B","B",null,"R","$","E","B"],"character_chosen":"DEFECT","items_purchased":["Meat on the Bone","Compile Driver","Capacitor","FTL","ClockworkSouvenir","DataDisk","PowerPotion"],"campfire_rested":1,"item_purchase_floors":[20,20,30,30,47,47,54],"current_hp_per_floor":[63,61,54,51,51,32,32,21,21,21,20,42,19,19,19,7,59,51,51,51,45,49,36,36,39,39,39,51,51,51,42,42,14,62,51,45,31,31,66,45,45,45,45,37,47,47,47,47,47,31,22,60,60,60,18,0],"gold":29,"neow_bonus":"THREE_CARDS","is_prod":false,"is_daily":false,"chose_seed":false,"campfire_upgraded":7,"win_rate":0,"timestamp":1561131991,"path_taken":["M","M","?","M","M","E","R","E","T","R","M","R","?","E","R","BOSS","M","?","?","?","M","E","R","E","T","$","M","?","$","M","R","BOSS","M","M","?","?","?","E","?","?","T","M","M","R","$","M","R","BOSS","BOSS","R","$","E","BOSS"],"build_version":"2019-01-23","purchased_purges":3,"victory":false,"max_hp_per_floor":[71,71,71,76,76,76,76,76,76,76,76,76,76,76,76,76,76,76,76,76,76,76,76,76,76,76,76,78,78,78,78,78,78,78,78,80,80,80,66,68,68,68,68,70,72,72,72,72,72,72,72,72,72,72,72,72],"card_choices":[{"not_picked":["Conserve Battery","Hologram"],"picked":"Sweeping Beam","floor":0.0},{"not_picked":["Turbo","Beam Cell"],"picked":"Sweeping Beam","floor":1.0},{"not_picked":["Hologram","Reinforced Body"],"picked":"Go for the Eyes","floor":2.0},{"not_picked":["Leap","Beam Cell"],"picked":"Streamline","floor":3.0},{"not_picked":["Redo","Sweeping Beam"],"picked":"Beam Cell","floor":4.0},{"not_picked":["Static Discharge","Streamline"],"picked":"Steam","floor":5.0},{"not_picked":["Sunder","Self Repair"],"picked":"Glacier","floor":6.0},{"not_picked":["Electrodynamics","Core Surge"],"picked":"Consume","floor":8.0},{"not_picked":["Stack","Hello World"],"picked":"Conserve Battery","floor":11.0},{"not_picked":["Force Field","Tempest","Fusion"],"picked":"SKIP","floor":14.0},{"not_picked":["Amplify","Meteor Strike"],"picked":"Core Surge","floor":16.0},{"not_picked":["Steam","Streamline","Redo"],"picked":"SKIP","floor":18.0},{"not_picked":["Redo","Fusion","Go for the Eyes"],"picked":"SKIP","floor":22.0},{"not_picked":["Darkness","Amplify"],"picked":"Undo","floor":23.0},{"not_picked":["Beam Cell","Barrage","Streamline"],"picked":"SKIP","floor":25.0},{"not_picked":["Redo","Cold Snap","Chaos"],"picked":"Singing Bowl","floor":28.0},{"not_picked":["Barrage","Self Repair"],"picked":"Loop","floor":31.0},{"not_picked":["Rainbow","Core Surge"],"picked":"All For One","floor":33.0},{"not_picked":["Compile Driver","Conserve Battery+1"],"picked":"Turbo+1","floor":35.0},{"not_picked":["Rebound","Turbo","Darkness"],"picked":"Singing Bowl","floor":36.0},{"not_picked":["Turbo","Static Discharge","Conserve Battery"],"picked":"Singing Bowl","floor":40.0},{"not_picked":["Conserve Battery","Cold Snap","Go for the Eyes"],"picked":"Singing Bowl","floor":44.0},{"not_picked":["Leap","Loop","Go for the Eyes"],"picked":"Singing Bowl","floor":45.0},{"not_picked":["Barrage","Ball Lightning"],"picked":"Cold Snap","floor":48.0},{"not_picked":["Seek","Conserve Battery+1"],"picked":"BootSequence+1","floor":55.0}],"player_experience":5439212,"relics_obtained":[{"floor":6.0,"key":"Juzu Bracelet"},{"floor":8.0,"key":"Darkstone Periapt"},{"floor":9.0,"key":"Bronze Scales"},{"floor":14.0,"key":"PreservedInsect"},{"floor":23.0,"key":"Vajra"},{"floor":25.0,"key":"The Courier"},{"floor":26.0,"key":"Singing Bowl"},{"floor":40.0,"key":"Gambling Chip"},{"floor":55.0,"key":"Bag of Preparation"}],"event_choices":[{"damage_healed":0.0,"max_hp_gain":0.0,"max_hp_loss":0.0,"gold_gain":0.0,"event_name":"Shining Light","player_choice":"Entered Light","floor":13.0,"gold_loss":0.0,"damage_taken":23.0,"cards_upgraded":["Defend_B","Defend_B"]},{"damage_healed":0.0,"max_hp_gain":0.0,"max_hp_loss":0.0,"gold_gain":0.0,"event_name":"FaceTrader","player_choice":"Trade","floor":19.0,"gold_loss":0.0,"damage_taken":0.0,"relics_obtained":["SsserpentHead"]},{"damage_healed":0.0,"max_hp_gain":0.0,"max_hp_loss":0.0,"gold_gain":0.0,"event_name":"Nest","player_choice":"Joined the Cult","floor":21.0,"gold_loss":0.0,"damage_taken":6.0,"cards_obtained":["RitualDagger"]},{"cards_removed":["Defend_B"],"damage_healed":0.0,"max_hp_gain":0.0,"max_hp_loss":0.0,"gold_gain":0.0,"event_name":"Back to Basics","player_choice":"Elegance","floor":29.0,"gold_loss":0.0,"damage_taken":0.0},{"damage_healed":0.0,"max_hp_gain":0.0,"max_hp_loss":0.0,"gold_gain":0.0,"event_name":"Winding Halls","player_choice":"Embrace Madness","floor":37.0,"gold_loss":0.0,"damage_taken":14.0,"cards_obtained":["Madness","Madness"]},{"damage_healed":0.0,"max_hp_gain":0.0,"max_hp_loss":0.0,"gold_gain":0.0,"event_name":"Tomb of Lord Red Mask","player_choice":"Ignored","floor":38.0,"gold_loss":0.0,"damage_taken":0.0},{"damage_healed":66.0,"max_hp_gain":0.0,"max_hp_loss":14.0,"gold_gain":0.0,"event_name":"The Moai Head","player_choice":"Heal","floor":39.0,"gold_loss":0.0,"damage_taken":0.0},{"cards_removed":["Conserve Battery"],"damage_healed":0.0,"max_hp_gain":0.0,"max_hp_loss":0.0,"gold_gain":0.0,"event_name":"Falling","player_choice":"Removed Skill","floor":41.0,"gold_loss":0.0,"damage_taken":0.0},{"damage_healed":0.0,"max_hp_gain":0.0,"max_hp_loss":0.0,"gold_gain":0.0,"cards_transformed":["Strike_B"],"event_name":"Transmorgrifier","player_choice":"Transformed","floor":42.0,"gold_loss":0.0,"damage_taken":0.0,"cards_obtained":["Biased Cognition"]}],"is_beta":false,"boss_relics":[{"not_picked":["Coffee Dripper","Runic Dome"],"picked":"Nuclear Battery"},{"not_picked":["Velvet Choker","Orrery"],"picked":"Runic Pyramid"}],"items_purged_floors":[20,27,47],"is_endless":false,"potions_floor_spawned":[4,5,11,14,16,28,33,36,44,48,55],"killed_by":"The Heart","ascension_level":20}