{"gold_per_floor":[119,119,136,37,57,57,75,87,87,101,101,114,29,55,55,127,127,139,139,139,54,54,54,54,74,97,115,125,50,82,96,96,174,174,194,209,179,194,194],"floor_reached":39,"playtime":1047,"items_purged":["Writhe"],"score":1082,"play_id":"71b2b9dd-7b52-4b93-943d-fb78ccd809e3","local_time":"20190717025147","is_ascension_mode":true,"campfire_choices":[{"data":"Bash","floor":6,"key":"SMITH"},{"data":"Clothesline","floor":15,"key":"SMITH"},{"data":"Limit Break","floor":23,"key":"SMITH"},{"floor":32,"key":"REST"}],"neow_cost":"","seed_source_timestamp":2206048834246790,"circlet_count":0,"master_deck":["AscendersBane","Strike_R","Strike_R","Strike_R","Strike_R","Defend_R","Defend_R","Defend_R","Defend_R","Bash+1","Iron Wave","Havoc","Battle Trance","Inflame+1","Flex","Clothesline+1","Cleave","Sword Boomerang","Limit Break+1","Armaments","Whirlwind","Intimidate","Pummel","Demon Form+1","Inflame+1","Infernal Blade+1","True Grit+1"],"relics":["Burning Blood","Brimstone","Torii","Du-Vu Doll","Frozen Egg 2","Magic Flower","Blue Candle","Bottled Flame","Velvet Choker","Shuriken","MutagenicStrength","Bronze Scales","Centennial Puzzle","Prayer Wheel","Busted Crown"],"potions_floor_usage":[14,33,33,39],"damage_taken":[{"damage":0,"enemies":"Cultist","floor":1,"turns":2},{"damage":1,"enemies":"2 Louse","floor":3,"turns":3},{"damage":0,"enemies":"Small Slimes","floor":5,"turns":2},{"damage":1,"enemies":"2 Fungi Beasts","floor":7,"turns":3},{"damage":1,"enemies":"Blue Slaver","floor":8,"turns":2},{"damage":0,"enemies":"Lots of Slimes","floor":10,"turns":1},{"damage":26,"enemies":"Gremlin Gang","floor":12,"turns":3},{"damage":16,"enemies":"Lagavulin","floor":14,"turns":3},{"damage":45,"enemies":"Hexaghost","floor":16,"turns":7},{"damage":8,"enemies":"Spheric Guardian","floor":18,"turns":3},{"damage":0,"enemies":"Chosen","floor":25,"turns":2},{"damage":1,"enemies":"Centurion and Healer","floor":27,"turns":3},{"damage":12,"enemies":"Chosen and Byrds","floor":28,"turns":3},{"damage":49,"enemies":"Slavers","floor":30,"turns":4},{"damage":16,"enemies":"3 Cultists","floor":31,"turns":3},{"damage":11,"enemies":"Champ","floor":33,"turns":6},{"damage":19,"enemies":"3 Darklings","floor":35,"turns":3},{"damage":1,"enemies":"Orb Walker","floor":36,"turns":2},{"damage":51,"enemies":"3 Darklings","floor":38,"turns":3},{"damage":30,"enemies":"Sphere and 2 Shapes","floor":39,"turns":3}],"seed_played":"1859418249165765322","potions_obtained":[{"floor":5,"key":"Weak Potion"},{"floor":10,"key":"Ancient Potion"},{"floor":16,"key":"SkillPotion"},{"floor":25,"key":"Regen Potion"},{"floor":27,"key":"Ancient Potion"},{"floor":31,"key":"Block Potion"},{"floor":37,"key":"Ancient Potion"},{"floor":37,"key":"GamblersBrew"}],"is_trial":false,"path_per_floor":["M","?","M","$","M","R","M","M","T","M","?","M","$","E","R","B",null,"M","?","?","?","$","R","$","M","T","M","M","$","E","M","R","B",null,"M","M","?","M","M"],"character_chosen":"IRONCLAD","items_purchased":["Brimstone","Torii","Frozen Egg 2","Inflame+1","Flex","BloodPotion"],"campfire_rested":1,"item_purchase_floors":[0,0,0,4,4,13],"current_hp_per_floor":[30,30,38,38,47,47,55,63,63,72,72,55,55,68,68,32,64,65,65,65,65,65,65,65,74,74,75,72,72,32,25,47,45,68,58,66,66,24,0],"gold":194,"neow_bonus":"","is_prod":false,"is_daily":false,"chose_seed":false,"campfire_upgraded":3,"win_rate":0,"timestamp":1563324707,"path_taken":["M","?","?","$","M","R","M","M","T","M","?","?","$","E","R","BOSS","M","?","?","?","?","R","$","?","T","M","M","$","E","M","R","BOSS","M","M","?","?","?"],"build_version":"2019-07-05","purchased_purges":1,"victory":false,"max_hp_per_floor":[75,75,75,75,75,75,75,75,75,75,75,75,75,75,75,75,75,75,75,75,75,75,75,75,75,75,75,75,75,75,75,75,75,75,75,75,75,75,75],"card_choices":[{"not_picked":["Havoc","Headbutt"],"picked":"Iron Wave","floor":1},{"not_picked":["True Grit","Clothesline"],"picked":"Battle Trance","floor":3},{"not_picked":["Feel No Pain+1","True Grit"],"picked":"Clothesline","floor":5},{"not_picked":["Fiend Fire","Fire Breathing+1"],"picked":"Cleave","floor":7},{"not_picked":["Sever Soul","True Grit","Pummel"],"picked":"SKIP","floor":8},{"not_picked":["Iron Wave","Seeing Red"],"picked":"Sword Boomerang","floor":10},{"not_picked":["Hemokinesis","Bloodletting","Anger"],"picked":"SKIP","floor":12},{"not_picked":["Iron Wave","Exhume","Warcry"],"picked":"SKIP","floor":14},{"not_picked":["Bludgeon","Dark Embrace+1"],"picked":"Limit Break","floor":16},{"not_picked":["Rage","Intimidate","Twin Strike+1"],"picked":"SKIP","floor":18},{"not_picked":["Evolve+1","Perfected Strike","Bloodletting+1"],"picked":"SKIP","floor":25},{"not_picked":["Feel No Pain+1","Wild Strike+1"],"picked":"Armaments","floor":27},{"not_picked":["Blood for Blood","Clothesline","Headbutt"],"picked":"SKIP","floor":28},{"not_picked":["Double Tap","Body Slam"],"picked":"Whirlwind","floor":30},{"not_picked":["Shrug It Off","Flex"],"picked":"Intimidate","floor":31},{"not_picked":["Perfected Strike","Anger+1"],"picked":"Pummel","floor":31},{"not_picked":["Berserk+1","Juggernaut+1"],"picked":"Demon Form+1","floor":33},{"not_picked":["Havoc"],"picked":"SKIP","floor":35},{"not_picked":["Burning Pact"],"picked":"SKIP","floor":35},{"not_picked":[],"picked":"Inflame+1","floor":36},{"not_picked":[],"picked":"Infernal Blade+1","floor":36},{"not_picked":[],"picked":"True Grit+1","floor":38},{"not_picked":["Clash"],"picked":"SKIP","floor":38}],"player_experience":464733,"relics_obtained":[{"floor":9,"key":"Blue Candle"},{"floor":14,"key":"Bottled Flame"},{"floor":26,"key":"Centennial Puzzle"},{"floor":30,"key":"Prayer Wheel"}],"event_choices":[{"damage_healed":0,"gold_gain":0,"player_choice":"1 cards matched","damage_taken":0,"max_hp_gain":0,"max_hp_loss":0,"event_name":"Match and Keep!","floor":2,"gold_loss":0,"cards_obtained":["Havoc"]},{"cards_removed":["Strike_R"],"damage_healed":0,"gold_gain":0,"player_choice":"Purged","damage_taken":0,"max_hp_gain":0,"max_hp_loss":0,"event_name":"Purifier","floor":11,"gold_loss":0},{"damage_healed":0,"gold_gain":0,"player_choice":"Opened","damage_taken":0,"relics_obtained":["Shuriken"],"max_hp_gain":0,"max_hp_loss":0,"event_name":"The Mausoleum","floor":19,"gold_loss":0,"cards_obtained":["Writhe"]},{"damage_healed":0,"gold_gain":0,"player_choice":"Inject Mutagens","damage_taken":0,"relics_obtained":["MutagenicStrength"],"max_hp_gain":0,"max_hp_loss":0,"event_name":"Drug Dealer","floor":20,"gold_loss":0},{"damage_healed":0,"gold_gain":0,"player_choice":"Obtained Relic","damage_taken":0,"relics_obtained":["Bronze Scales"],"max_hp_gain":0,"max_hp_loss":0,"event_name":"Addict","floor":21,"gold_loss":85},{"damage_healed":0,"gold_gain":0,"player_choice":"Bought 2 Potions","damage_taken":0,"max_hp_gain":0,"max_hp_loss":0,"event_name":"The Woman in Blue","floor":37,"gold_loss":0}],"is_beta":false,"boss_relics":[{"not_picked":["Calling Bell","Runic Cube"],"picked":"Velvet Choker"},{"not_picked":["Runic Dome","Black Star"],"picked":"Busted Crown"}],"items_purged_floors":[29],"is_endless":false,"potions_floor_spawned":[5,10,12,16,25,27,30,31],"killed_by":"Sphere and 2 Shapes","ascension_level":19}