{"gold_per_floor":[114,114,39,53,53,78,90,15,15,15,15,30,44,61,61,134,134,145,159,172,189,201,201,220,220,244,244,144,144,157,192,192,270,270,288,302,320,337,337,367,367,400,424,439,439,468,488,507,507,507,507,507,507,46,77,77],"floor_reached":57,"playtime":2898,"items_purged":["Defend_G","Strike_G","Defend_G"],"score":3415,"play_id":"e95a6b52-57d1-4cb1-a6da-55c405f6b646","local_time":"20190406030054","is_ascension_mode":true,"campfire_choices":[{"data":"Poisoned Stab","floor":11.0,"key":"SMITH"},{"data":"Prepared","floor":15.0,"key":"SMITH"},{"data":"Calculated Gamble","floor":23.0,"key":"SMITH"},{"data":"Acrobatics","floor":25.0,"key":"SMITH"},{"data":"Reflex","floor":27.0,"key":"SMITH"},{"floor":32.0,"key":"REST"},{"floor":41.0,"key":"RECALL"},{"data":"Noxious Fumes","floor":45.0,"key":"SMITH"},{"data":"Grand Finale","floor":49,"key":"SMITH"},{"data":"Blur","floor":53,"key":"SMITH"}],"neow_cost":"NONE","seed_source_timestamp":287532464896600,"circlet_count":0,"master_deck":["AscendersBane","Defend_G+1","Survivor","Neutralize","Poisoned Stab+1","Noxious Fumes+1","Grand Finale+1","After Image","Prepared+1","Adrenaline+1","Die Die Die+1","Die Die Die+1","Cloak And Dagger+1","Calculated Gamble+1","Acrobatics+1","Reflex+1","Acrobatics+1","Blur+1","Tactician","Panache","Footwork"],"special_seed":0,"relics":["Ring of the Snake","NeowsBlessing","Singing Bowl","Tough Bandages","Matryoshka","Astrolabe","Oddly Smooth Stone","War Paint","Blood Vial","Eternal Feather","Letter Opener","Anchor","Gremlin Horn","Bag of Marbles"],"potions_floor_usage":[46,50,55,56],"damage_taken":[{"damage":0.0,"enemies":"Jaw Worm","floor":1.0,"turns":1.0},{"damage":0.0,"enemies":"2 Louse","floor":4.0,"turns":1.0},{"damage":0.0,"enemies":"3 Sentries","floor":6.0,"turns":1.0},{"damage":0.0,"enemies":"Cultist","floor":7.0,"turns":5.0},{"damage":15.0,"enemies":"Exordium Wildlife","floor":12.0,"turns":8.0},{"damage":4.0,"enemies":"Lots of Slimes","floor":13.0,"turns":6.0},{"damage":1.0,"enemies":"Gremlin Gang","floor":14.0,"turns":7.0},{"damage":10.0,"enemies":"Slime Boss","floor":16.0,"turns":6.0},{"damage":2.0,"enemies":"Chosen","floor":18.0,"turns":5.0},{"damage":6.0,"enemies":"Spheric Guardian","floor":19.0,"turns":4.0},{"damage":21.0,"enemies":"Snake Plant","floor":20.0,"turns":4.0},{"damage":12.0,"enemies":"Sentry and Sphere","floor":21.0,"turns":7.0},{"damage":1.0,"enemies":"Centurion and Healer","floor":22.0,"turns":9.0},{"damage":0.0,"enemies":"Snake Plant","floor":24.0,"turns":1.0},{"damage":0.0,"enemies":"3 Cultists","floor":30.0,"turns":1.0},{"damage":26.0,"enemies":"Slavers","floor":31.0,"turns":4.0},{"damage":0.0,"enemies":"Champ","floor":33.0,"turns":5.0},{"damage":0.0,"enemies":"3 Darklings","floor":35.0,"turns":1.0},{"damage":0.0,"enemies":"Orb Walker","floor":36.0,"turns":2.0},{"damage":0.0,"enemies":"Jaw Worm Horde","floor":37.0,"turns":2.0},{"damage":0.0,"enemies":"3 Darklings","floor":38.0,"turns":1.0},{"damage":0.0,"enemies":"Nemesis","floor":40.0,"turns":7.0},{"damage":0.0,"enemies":"Giant Head","floor":42.0,"turns":4.0},{"damage":6.0,"enemies":"4 Shapes","floor":44.0,"turns":2.0},{"damage":0,"enemies":"Nemesis","floor":46,"turns":1},{"damage":0,"enemies":"Maw","floor":47,"turns":7},{"damage":0,"enemies":"3 Darklings","floor":48,"turns":2},{"damage":34,"enemies":"Time Eater","floor":50,"turns":16},{"damage":0,"enemies":"Awakened One","floor":51,"turns":8},{"damage":9,"enemies":"Shield and Spear","floor":55,"turns":3},{"damage":0,"enemies":"The Heart","floor":56,"turns":7}],"seed_played":"-2088210732673896637","potions_obtained":[{"floor":6.0,"key":"EssenceOfSteel"},{"floor":13.0,"key":"SkillPotion"},{"floor":14.0,"key":"SkillPotion"},{"floor":16.0,"key":"EssenceOfSteel"},{"floor":21.0,"key":"EntropicBrew"},{"floor":30.0,"key":"LiquidBronze"},{"floor":35.0,"key":"GhostInAJar"},{"floor":46,"key":"EssenceOfSteel"}],"is_trial":false,"path_per_floor":["M","?","?","M","T","E","M","$","T","?","R","M","M","M","R","B",null,"M","M","M","M","M","R","M","R","T","R","$","?","M","E","R","B",null,"M","M","M","M","?","E","R","E","T","M","R","E","M","M","R","B","B",null,"R","$","E","B",null],"character_chosen":"THE_SILENT","items_purchased":["Tactician","Swift Potion","Panache"],"campfire_rested":1,"item_purchase_floors":[54,54,54],"current_hp_per_floor":[59,64,64,64,64,64,66,66,66,66,66,53,49,50,50,40,68,68,62,43,31,30,30,32,32,32,32,32,32,34,10,36,40,77,81,85,89,93,93,97,99,101,101,95,101,101,103,105,105,71,73,97,105,105,96,98],"gold":77,"neow_bonus":"THREE_ENEMY_KILL","is_prod":false,"is_daily":false,"chose_seed":false,"campfire_upgraded":8,"win_rate":0,"timestamp":1554487254,"path_taken":["M","?","?","M","?","E","M","$","T","?","R","M","?","M","R","BOSS","M","M","M","M","M","R","M","R","T","R","$","?","?","E","R","BOSS","M","?","M","M","?","E","R","E","T","M","R","E","M","M","R","BOSS","BOSS","R","$","E","BOSS"],"build_version":"2019-01-23","purchased_purges":3,"victory":true,"max_hp_per_floor":[66,71,71,71,71,71,73,73,73,73,73,75,75,77,77,77,77,79,79,81,81,81,81,83,83,83,83,83,83,85,87,87,89,89,91,93,95,97,97,99,99,101,101,101,101,101,103,105,105,105,105,105,105,105,105,105],"card_choices":[{"not_picked":["Cloak And Dagger","Footwork"],"picked":"Poisoned Stab","floor":1.0},{"not_picked":["PiercingWail","Cloak And Dagger"],"picked":"Noxious Fumes","floor":4.0},{"not_picked":["Flying Knee","Expertise"],"picked":"Grand Finale","floor":6.0},{"not_picked":["Quick Slash","Setup","Choke"],"picked":"Singing Bowl","floor":7.0},{"not_picked":["Bane","Deflect","Flying Knee"],"picked":"Singing Bowl","floor":12.0},{"not_picked":["Flying Knee","Quick Slash"],"picked":"Prepared","floor":13.0},{"not_picked":["Burst","PiercingWail","Blade Dance"],"picked":"Singing Bowl","floor":14.0},{"not_picked":["Die Die Die","Night Terror"],"picked":"Adrenaline","floor":16.0},{"not_picked":["Blade Dance","Prepared","Dagger Spray"],"picked":"Singing Bowl","floor":18.0},{"not_picked":["Flying Knee","Crippling Poison"],"picked":"Calculated Gamble","floor":19.0},{"not_picked":["Distraction","Deadly Poison+1","Dodge and Roll"],"picked":"Singing Bowl","floor":20.0},{"not_picked":["Dagger Throw","Dagger Spray"],"picked":"Acrobatics","floor":21.0},{"not_picked":["Cloak And Dagger+1","Heel Hook"],"picked":"Reflex","floor":22.0},{"not_picked":["Prepared","Dagger Throw","Eviscerate"],"picked":"Singing Bowl","floor":24.0},{"not_picked":["Deflect","Quick Slash","Prepared"],"picked":"Singing Bowl","floor":30.0},{"not_picked":["Dagger Spray","Skewer","Corpse Explosion"],"picked":"Singing Bowl","floor":31.0},{"not_picked":["Unload","Envenom","Corpse Explosion"],"picked":"Singing Bowl","floor":33.0},{"not_picked":["Deflect+1","Dagger Throw","Acrobatics+1"],"picked":"Singing Bowl","floor":35.0},{"not_picked":["Dodge and Roll","Expertise","Flying Knee"],"picked":"Singing Bowl","floor":36.0},{"not_picked":["Dagger Spray","Flying Knee+1","Bane"],"picked":"Singing Bowl","floor":37.0},{"not_picked":["Backstab","Slice+1","Doppelganger"],"picked":"Singing Bowl","floor":38.0},{"not_picked":["Prepared","Sucker Punch","Deflect+1"],"picked":"Singing Bowl","floor":40.0},{"not_picked":["Sucker Punch","Quick Slash","Outmaneuver"],"picked":"Singing Bowl","floor":42.0},{"not_picked":["Dagger Throw","Quick Slash"],"picked":"Acrobatics+1","floor":44.0},{"not_picked":["Bouncing Flask+1","Blade Dance"],"picked":"Blur","floor":46},{"not_picked":["PiercingWail","Dash","Underhanded Strike"],"picked":"Singing Bowl","floor":47},{"not_picked":["Finisher","Endless Agony","Expertise"],"picked":"Singing Bowl","floor":48},{"not_picked":["Finisher","Underhanded Strike"],"picked":"Footwork","floor":55}],"player_experience":4710414,"relics_obtained":[{"floor":5.0,"key":"Singing Bowl"},{"floor":6.0,"key":"Tough Bandages"},{"floor":9.0,"key":"Matryoshka"},{"floor":26.0,"key":"Oddly Smooth Stone"},{"floor":26.0,"key":"War Paint"},{"floor":31.0,"key":"Blood Vial"},{"floor":42.0,"key":"Letter Opener"},{"floor":43.0,"key":"Anchor"},{"floor":46,"key":"Gremlin Horn"},{"floor":55,"key":"Bag of Marbles"}],"event_choices":[{"damage_healed":0.0,"max_hp_gain":5.0,"max_hp_loss":0.0,"gold_gain":0.0,"event_name":"Big Fish","player_choice":"Donut","floor":2.0,"gold_loss":0.0,"damage_taken":0.0},{"cards_removed":["Strike_G"],"damage_healed":0.0,"max_hp_gain":0.0,"max_hp_loss":0.0,"gold_gain":0.0,"event_name":"The Cleric","player_choice":"Card Removal","floor":3.0,"gold_loss":75.0,"damage_taken":0.0},{"damage_healed":0.0,"max_hp_gain":0.0,"max_hp_loss":0.0,"gold_gain":0.0,"cards_transformed":["Strike_G"],"event_name":"Transmorgrifier","player_choice":"Transformed","floor":10.0,"gold_loss":0.0,"damage_taken":0.0,"cards_obtained":["After Image"]},{"damage_healed":0.0,"max_hp_gain":0.0,"max_hp_loss":0.0,"gold_gain":0.0,"event_name":"Match and Keep!","player_choice":"0 cards matched","floor":29.0,"gold_loss":0.0,"damage_taken":0.0,"cards_obtained":[]},{"cards_removed":["Strike_G"],"damage_healed":0.0,"max_hp_gain":0.0,"max_hp_loss":0.0,"gold_gain":0.0,"event_name":"Falling","player_choice":"Removed Attack","floor":39.0,"gold_loss":0.0,"damage_taken":0.0}],"is_beta":false,"boss_relics":[{"not_picked":["WristBlade","Ectoplasm"],"picked":"Astrolabe"},{"not_picked":["Cursed Key","HoveringKite"],"picked":"Eternal Feather"}],"items_purged_floors":[8,28,54],"is_endless":false,"potions_floor_spawned":[6,13,14,16,19,21,30,35,36,44,46,47],"ascension_level":20}