{"gold_per_floor":[119,89,99,115,115,115,131,131,131,162,162,176,195,49,49,49],"floor_reached":16,"playtime":637,"items_purged":["Defend_B"],"score":107,"play_id":"b014301a-17ff-472d-b16c-2e5e081ab4d5","local_time":"20190719213754","is_ascension_mode":true,"campfire_choices":[{"floor":6,"key":"RECALL"},{"data":"Turbo","floor":8,"key":"SMITH"},{"data":"Sunder","floor":11,"key":"SMITH"},{"floor":15,"key":"REST"}],"neow_cost":"NONE","seed_source_timestamp":790542261271900,"circlet_count":0,"master_deck":["Strike_B","Strike_B","Strike_B","Strike_B","Defend_B","Defend_B","Defend_B","Zap","Dualcast","Turbo+1","Seek","Redo","Pain","Leap","Sunder+1","Double Energy","FTL","White Noise"],"relics":["Cracked Core","WarpedTongs","Matryoshka"],"potions_floor_usage":[10,10,16,16],"damage_taken":[{"damage":1,"enemies":"2 Louse","floor":1,"turns":2},{"damage":1,"enemies":"Cultist","floor":3,"turns":3},{"damage":5,"enemies":"Jaw Worm","floor":4,"turns":4},{"damage":20,"enemies":"Gremlin Gang","floor":7,"turns":5},{"damage":22,"enemies":"Lagavulin","floor":10,"turns":5},{"damage":0,"enemies":"Looter","floor":12,"turns":1},{"damage":11,"enemies":"Lots of Slimes","floor":13,"turns":3},{"damage":49,"enemies":"The Guardian","floor":16,"turns":6}],"seed_played":"-3777378195484381063","potions_obtained":[{"floor":2,"key":"AttackPotion"},{"floor":2,"key":"Fire Potion"},{"floor":10,"key":"AttackPotion"},{"floor":12,"key":"Explosive Potion"}],"is_trial":false,"path_per_floor":["M","?","M","M","?","R","M","R","T","E","R","M","M","$","R","B"],"character_chosen":"DEFECT","items_purchased":["White Noise"],"campfire_rested":1,"item_purchase_floors":[14],"current_hp_per_floor":[81,81,80,75,75,75,55,55,55,33,33,33,22,22,46,0],"gold":49,"neow_bonus":"TEN_PERCENT_HP_BONUS","is_prod":false,"is_daily":false,"chose_seed":false,"campfire_upgraded":2,"win_rate":0,"timestamp":1563590274,"path_taken":["M","?","M","?","?","R","M","R","T","E","R","M","?","$","R","BOSS"],"build_version":"2019-07-17","purchased_purges":1,"victory":false,"max_hp_per_floor":[82,82,82,82,82,82,82,82,82,82,82,82,82,82,82,82],"card_choices":[{"not_picked":["Conserve Battery","Go for the Eyes"],"picked":"Turbo","floor":1},{"not_picked":["Barrage","Rebound"],"picked":"Seek","floor":3},{"not_picked":["Cold Snap","Go for the Eyes"],"picked":"Redo","floor":4},{"not_picked":["Gash","Ball Lightning"],"picked":"Leap","floor":7},{"not_picked":["Static Discharge","Core Surge"],"picked":"Sunder","floor":10},{"not_picked":["Conserve Battery","Steam"],"picked":"Double Energy","floor":12},{"not_picked":["Gash","Tempest"],"picked":"FTL","floor":13}],"player_experience":101567,"relics_obtained":[{"floor":10,"key":"Matryoshka"}],"event_choices":[{"damage_healed":0,"gold_gain":0,"player_choice":"Bought 2 Potions","damage_taken":0,"max_hp_gain":0,"max_hp_loss":0,"event_name":"The Woman in Blue","floor":2,"gold_loss":0},{"damage_healed":0,"gold_gain":0,"player_choice":"Rummage","damage_taken":0,"relics_obtained":["WarpedTongs"],"max_hp_gain":0,"max_hp_loss":0,"event_name":"Accursed Blacksmith","floor":5,"gold_loss":0,"cards_obtained":["Pain"]}],"is_beta":false,"boss_relics":[],"items_purged_floors":[14],"is_endless":false,"potions_floor_spawned":[10,12],"killed_by":"The Guardian","ascension_level":1}