{"gold_per_floor":[474,502,439,466,21,55,55,85,85,100,100,116,146,146,146,221,221,232,232,2,52,62,93,93,124,124,139,139,139,165,180,180,251,251,268,282,299,98,113,145,156,156,156,156,156,172,172,199,199,199,199,199,199,21,46,46],"floor_reached":57,"playtime":2944,"items_purged":["Strike_R","Strike_R","Strike_R"],"score":3055,"play_id":"e132b8cc-9bd1-4fd8-ba43-83d8203d602d","local_time":"20190718025247","is_ascension_mode":true,"campfire_choices":[{"data":"Blood for Blood","floor":7.0,"key":"SMITH"},{"data":"Creative AI","floor":11.0,"key":"SMITH"},{"floor":15.0,"key":"RECALL"},{"floor":24.0,"key":"REST"},{"data":"Corruption","floor":29.0,"key":"SMITH"},{"data":"Mayhem","floor":32.0,"key":"SMITH"},{"data":"Power Through","floor":42.0,"key":"SMITH"},{"data":"Seek","floor":44.0,"key":"SMITH"},{"data":"Deep Breath","floor":47,"key":"SMITH"},{"data":"Master of Strategy","floor":49,"key":"SMITH"},{"data":"Battle Trance","floor":53,"key":"SMITH"}],"neow_cost":"","seed_source_timestamp":631894530914400,"circlet_count":0,"master_deck":["AscendersBane","Strike_R","Defend_R","Defend_R","Defend_R+1","Defend_R","Bash","Blood for Blood+1","Corruption+1","Battle Trance+1","Master of Strategy+1","Flex","Pummel","Second Wind","Creative AI+1","Power Through+1","Infinite Blades","Feed+1","Seek+1","Storm+1","Mayhem+1","Discovery","PiercingWail","Genetic Algorithm+1","Clumsy","Ghostly","Ghostly","Ghostly","Flash of Steel+1","Exhume","Evolve+1","Shrug It Off","Body Slam+1","Second Wind","Deep Breath+1","True Grit+1","Feel No Pain"],"special_seed":0,"relics":["Burning Blood","MawBank","The Courier","Membership Card","Smiling Mask","Old Coin","Tiny House","PrismaticShard","Singing Bowl","PreservedInsect","Dodecahedron","Bottled Tornado","Mercury Hourglass","Molten Egg 2","Question Card","Cursed Key","Sundial","Calipers","Letter Opener","Kunai","Mark of Pain","Pocketwatch","Gremlin Horn","Anchor"],"potions_floor_usage":[48,54,56,56],"damage_taken":[{"damage":3.0,"enemies":"2 Louse","floor":1.0,"turns":3.0},{"damage":4.0,"enemies":"Cultist","floor":2.0,"turns":5.0},{"damage":7.0,"enemies":"Small Slimes","floor":4.0,"turns":5.0},{"damage":22.0,"enemies":"3 Sentries","floor":6.0,"turns":8.0},{"damage":12.0,"enemies":"Lagavulin","floor":8.0,"turns":7.0},{"damage":0.0,"enemies":"2 Fungi Beasts","floor":10.0,"turns":4.0},{"damage":7.0,"enemies":"Exordium Wildlife","floor":12.0,"turns":6.0},{"damage":20.0,"enemies":"3 Sentries","floor":13.0,"turns":6.0},{"damage":6.0,"enemies":"The Guardian","floor":16.0,"turns":15.0},{"damage":8.0,"enemies":"3 Byrds","floor":18.0,"turns":5.0},{"damage":28.0,"enemies":"Shell Parasite","floor":22.0,"turns":4.0},{"damage":19.0,"enemies":"Gremlin Leader","floor":23.0,"turns":6.0},{"damage":27.0,"enemies":"Slavers","floor":25.0,"turns":4.0},{"damage":8.0,"enemies":"Cultist and Chosen","floor":27.0,"turns":5.0},{"damage":2.0,"enemies":"Gremlin Leader","floor":30.0,"turns":5.0},{"damage":3.0,"enemies":"Snake Plant","floor":31.0,"turns":4.0},{"damage":43.0,"enemies":"Collector","floor":33.0,"turns":8.0},{"damage":0.0,"enemies":"3 Shapes","floor":35.0,"turns":4.0},{"damage":2.0,"enemies":"Orb Walker","floor":36.0,"turns":4.0},{"damage":27.0,"enemies":"3 Darklings","floor":37.0,"turns":6.0},{"damage":2.0,"enemies":"Transient","floor":39.0,"turns":6.0},{"damage":0.0,"enemies":"Giant Head","floor":40.0,"turns":5.0},{"damage":0.0,"enemies":"4 Shapes","floor":41.0,"turns":5.0},{"damage":1,"enemies":"Maw","floor":46,"turns":6},{"damage":14,"enemies":"Reptomancer","floor":48,"turns":7},{"damage":12,"enemies":"Donu and Deca","floor":50,"turns":11},{"damage":17,"enemies":"Time Eater","floor":51,"turns":7},{"damage":13,"enemies":"Shield and Spear","floor":55,"turns":12},{"damage":0,"enemies":"The Heart","floor":56,"turns":11}],"seed_played":"1223974507499910532","potions_obtained":[{"floor":0.0,"key":"SpeedPotion"},{"floor":2.0,"key":"SteroidPotion"},{"floor":12.0,"key":"PowerPotion"},{"floor":18.0,"key":"Energy Potion"},{"floor":31.0,"key":"SmokeBomb"},{"floor":33.0,"key":"Fire Potion"},{"floor":48,"key":"Dexterity Potion"}],"is_trial":true,"path_per_floor":["M","M","?","M","$","E","R","E","T","M","R","M","E","?","R","B",null,"M","?","$","?","M","E","R","E","T","M","?","R","E","M","R","B",null,"M","M","M","$","M","E","M","R","T","R","?","M","R","E","R","B","B",null,"R","$","E","B",null],"character_chosen":"IRONCLAD","items_purchased":["PrismaticShard","Singing Bowl","PreservedInsect","Master of Strategy","Flex","Pummel","Second Wind","Sundial","Mayhem","Discovery","Shrug It Off","Pocketwatch","Feel No Pain","Fruit Juice","Poison Potion","LiquidBronze"],"campfire_rested":1,"item_purchase_floors":[5,5,5,5,5,5,5,20,20,20,38,38,54,54,54,54],"current_hp_per_floor":[76,78,78,77,77,61,61,55,55,63,63,62,48,48,48,48,74,76,51,51,51,33,20,48,33,33,33,33,33,43,46,46,13,49,61,71,50,50,54,64,76,76,76,76,70,81,81,73,73,71,64,92,92,97,96,106],"gold":46,"neow_bonus":"","is_prod":false,"is_daily":false,"chose_seed":false,"campfire_upgraded":9,"win_rate":0,"timestamp":1563385967,"path_taken":["M","M","?","M","$","E","R","E","T","M","R","M","E","?","R","BOSS","M","?","$","?","M","E","R","E","T","M","?","R","E","M","R","BOSS","M","M","M","$","M","E","M","R","T","R","?","M","R","E","R","BOSS","BOSS","R","$","E","BOSS"],"build_version":"2019-07-05","purchased_purges":3,"victory":true,"max_hp_per_floor":[80,80,80,80,80,80,80,80,80,82,82,82,82,82,82,82,82,86,91,91,91,95,95,95,101,101,103,51,51,57,57,57,61,61,67,73,73,73,73,77,83,83,83,83,87,93,93,93,93,97,101,101,101,106,112,116],"card_choices":[{"not_picked":["Iron Wave","Havoc"],"picked":"Blood for Blood","floor":0.0},{"not_picked":["Clash","Havoc","Anger"],"picked":"SKIP","floor":1.0},{"not_picked":["True Grit","Carnage"],"picked":"Corruption","floor":2.0},{"not_picked":["Sever Soul","Seeing Red"],"picked":"Battle Trance","floor":4.0},{"not_picked":["Corpse Explosion","Prepared"],"picked":"Creative AI","floor":6.0},{"not_picked":["Barrage","Fire Breathing"],"picked":"Power Through","floor":8.0},{"not_picked":["Flex","Cleave","Chaos"],"picked":"Singing Bowl","floor":10.0},{"not_picked":["Warcry","Rebound"],"picked":"Infinite Blades","floor":12.0},{"not_picked":["Bandage Up","Terror"],"picked":"Feed","floor":13.0},{"not_picked":["Limit Break","All For One+1","Barricade"],"picked":"Seek","floor":16.0},{"not_picked":["Shrug It Off","Doom and Gloom+1","Acrobatics"],"picked":"Storm+1","floor":18.0},{"not_picked":["Flying Knee+1","Dagger Spray+1","Conserve Battery"],"picked":"PiercingWail","floor":22.0},{"not_picked":["Thinking Ahead","Mind Blast+1","Conserve Battery"],"picked":"Genetic Algorithm+1","floor":23.0},{"not_picked":["Shrug It Off","Iron Wave+1","Cleave+1","Poisoned Stab+1"],"picked":"Singing Bowl","floor":25.0},{"not_picked":["Accuracy","Rebound+1","Poisoned Stab+1","Deadly Poison"],"picked":"Singing Bowl","floor":27.0},{"not_picked":["Swift Strike+1","Spot Weakness","Pommel Strike+1","Phantasmal Killer"],"picked":"Singing Bowl","floor":30.0},{"not_picked":["Cold Snap+1","Gash+1","Perfected Strike+1"],"picked":"Flash of Steel+1","floor":31.0},{"not_picked":["Die Die Die+1","Dark Embrace","Reboot"],"picked":"Exhume","floor":33.0},{"not_picked":["Warcry","Hologram","Coolheaded","Underhanded Strike+1"],"picked":"Singing Bowl","floor":35.0},{"not_picked":["PiercingWail","Darkness","Gash+1","Streamline+1"],"picked":"Singing Bowl","floor":36.0},{"not_picked":["Havoc","Thunder Strike+1","Cold Snap+1"],"picked":"Evolve+1","floor":37.0},{"not_picked":["Barrage+1","Force Field+1","Panacea+1"],"picked":"Body Slam+1","floor":39.0},{"not_picked":["Electrodynamics","Deadly Poison","Flex"],"picked":"Second Wind","floor":40.0},{"not_picked":["Ball Lightning+1","Warcry","Impatience","Bludgeon+1"],"picked":"Singing Bowl","floor":41.0},{"not_picked":["Panacea","Bandage Up","Dramatic Entrance+1","Forethought"],"picked":"Singing Bowl","floor":45},{"not_picked":["Bandage Up","Secret Weapon","Impatience","Trip"],"picked":"Singing Bowl","floor":45},{"not_picked":["Dramatic Entrance+1","Swift Strike+1","PanicButton"],"picked":"Deep Breath","floor":45},{"not_picked":["Havoc","Deflect+1","Backflip","Disarm"],"picked":"SKIP","floor":46},{"not_picked":["Havoc","Deflect+1","Backflip","Disarm"],"picked":"Singing Bowl","floor":46},{"not_picked":["Underhanded Strike+1","Fiend Fire+1","Trip"],"picked":"True Grit+1","floor":48},{"not_picked":["Second Wind","Compile Driver+1","Double Energy","Flying Knee+1"],"picked":"Singing Bowl","floor":55}],"player_experience":5728637,"relics_obtained":[{"floor":6.0,"key":"Dodecahedron"},{"floor":8.0,"key":"Bottled Tornado"},{"floor":9.0,"key":"Mercury Hourglass"},{"floor":13.0,"key":"Molten Egg 2"},{"floor":23.0,"key":"Calipers"},{"floor":25.0,"key":"Letter Opener"},{"floor":30.0,"key":"Kunai"},{"floor":48,"key":"Gremlin Horn"},{"floor":55,"key":"Anchor"}],"event_choices":[{"cards_removed":["Strike_R"],"damage_healed":0.0,"max_hp_gain":0.0,"max_hp_loss":0.0,"gold_gain":0.0,"event_name":"The Cleric","player_choice":"Card Removal","floor":3.0,"gold_loss":75.0,"damage_taken":0.0},{"damage_healed":0.0,"max_hp_gain":0.0,"max_hp_loss":0.0,"gold_gain":0.0,"event_name":"WeMeetAgain","player_choice":"Gave Potion","floor":14.0,"gold_loss":0.0,"damage_taken":0.0,"relics_obtained":["Question Card"]},{"damage_healed":0.0,"max_hp_gain":5.0,"max_hp_loss":0.0,"gold_gain":0.0,"event_name":"Forgotten Altar","player_choice":"Shed Blood","floor":19.0,"gold_loss":0.0,"damage_taken":30.0},{"damage_healed":0.0,"max_hp_gain":0.0,"max_hp_loss":0.0,"gold_gain":50.0,"event_name":"Nest","player_choice":"Stole From Cult","floor":21.0,"gold_loss":0.0,"damage_taken":0.0},{"damage_healed":0.0,"max_hp_gain":0.0,"max_hp_loss":52.0,"gold_gain":0.0,"event_name":"Ghosts","player_choice":"Became a Ghost","floor":28.0,"gold_loss":0.0,"damage_taken":0.0,"cards_obtained":["Ghostly","Ghostly","Ghostly"]},{"damage_healed":0,"gold_gain":0,"player_choice":"Memory 3","damage_taken":10,"max_hp_gain":0,"max_hp_loss":0,"event_name":"SensoryStone","floor":45,"gold_loss":0}],"is_beta":false,"boss_relics":[{"not_picked":["Tiny House","Runic Dome"],"picked":"Cursed Key"},{"not_picked":["Pandora\u0027s Box","Black Blood"],"picked":"Mark of Pain"}],"items_purged_floors":[5,38,54],"is_endless":false,"potions_floor_spawned":[2,4,8,10,12,18,31,33,35,37,39,48,55],"ascension_level":20}