{"gold_per_floor":[113,133,133,9,84,94,94,94,94,127,127,147,161,176,176,250,250,263,188,201,218,235,235,595,595,595,612,48,77,89,108,108,181,181,198,209,228,246,262,290,290,322,401,433,58,91,106,121,121,121,121,121,121,42,76,76],"floor_reached":57,"playtime":3275,"items_purged":["Strike_R","Strike_R"],"score":3250,"play_id":"ab76744c-5e9c-4929-8035-db7c0ca492de","local_time":"20190703010255","is_ascension_mode":true,"campfire_choices":[{"data":"Evolve","floor":8.0,"key":"SMITH"},{"data":"Barricade","floor":11.0,"key":"SMITH"},{"data":"True Grit","floor":15.0,"key":"SMITH"},{"floor":23,"key":"RECALL"},{"floor":25,"key":"REST"},{"floor":32,"key":"REST"},{"floor":41,"key":"REST"},{"floor":49,"key":"REST"},{"floor":53,"key":"REST"}],"neow_cost":"NONE","seed_source_timestamp":4966280956200,"circlet_count":0,"master_deck":["AscendersBane","Strike_R","Strike_R","Strike_R","Defend_R","Defend_R","Defend_R","Defend_R","Bash","Barricade+1","Infernal Blade","Cleave","Second Wind","Evolve+1","True Grit+1","Intimidate","Ghostly Armor","Reaper","Wild Strike","Corruption","Shrug It Off+1","Shrug It Off+1","Bandage Up","Burning Pact","Impervious","Body Slam","Power Through","True Grit+1","Corruption","Disarm","Flame Barrier+1"],"special_seed":0,"relics":["Burning Blood","FaceOfCleric","Dead Branch","Champion Belt","Fusion Hammer","MealTicket","Tiny Chest","PreservedInsect","Snecko Eye","Self Forming Clay","Thread and Needle","Shuriken","Pantograph","Strawberry","Lee\u0027s Waffle","Ice Cream","Gremlin Horn"],"potions_floor_usage":[21,27,29,29,33,39,56],"damage_taken":[{"damage":12.0,"enemies":"Cultist","floor":1.0,"turns":4.0},{"damage":2.0,"enemies":"2 Louse","floor":2.0,"turns":3.0},{"damage":9.0,"enemies":"Jaw Worm","floor":6.0,"turns":4.0},{"damage":25.0,"enemies":"Lagavulin","floor":10.0,"turns":7.0},{"damage":3.0,"enemies":"2 Fungi Beasts","floor":12.0,"turns":3.0},{"damage":1.0,"enemies":"Looter","floor":13.0,"turns":3.0},{"damage":6.0,"enemies":"3 Louse","floor":14.0,"turns":2.0},{"damage":0.0,"enemies":"Slime Boss","floor":16.0,"turns":9.0},{"damage":23.0,"enemies":"Shell Parasite","floor":18.0,"turns":11.0},{"damage":6,"enemies":"Spheric Guardian","floor":20,"turns":10},{"damage":0,"enemies":"Snecko","floor":21,"turns":5},{"damage":20,"enemies":"Centurion and Healer","floor":22,"turns":6},{"damage":22,"enemies":"3 Cultists","floor":27,"turns":6},{"damage":22,"enemies":"Book of Stabbing","floor":29,"turns":10},{"damage":19,"enemies":"Sentry and Sphere","floor":30,"turns":8},{"damage":0,"enemies":"Shelled Parasite and Fungi","floor":31,"turns":7},{"damage":3,"enemies":"Automaton","floor":33,"turns":13},{"damage":0,"enemies":"Orb Walker","floor":35,"turns":3},{"damage":7,"enemies":"3 Shapes","floor":36,"turns":6},{"damage":18,"enemies":"Jaw Worm Horde","floor":37,"turns":5},{"damage":39,"enemies":"Sphere and 2 Shapes","floor":38,"turns":10},{"damage":1,"enemies":"Maw","floor":39,"turns":7},{"damage":0,"enemies":"Reptomancer","floor":40,"turns":4},{"damage":9,"enemies":"Nemesis","floor":42,"turns":3},{"damage":23,"enemies":"Reptomancer","floor":44,"turns":4},{"damage":0,"enemies":"Nemesis","floor":46,"turns":5},{"damage":38,"enemies":"4 Shapes","floor":47,"turns":3},{"damage":12,"enemies":"3 Darklings","floor":48,"turns":3},{"damage":5,"enemies":"Time Eater","floor":50,"turns":5},{"damage":26,"enemies":"Donu and Deca","floor":51,"turns":10},{"damage":8,"enemies":"Shield and Spear","floor":55,"turns":4},{"damage":22,"enemies":"The Heart","floor":56,"turns":11}],"seed_played":"3748490868718344821","potions_obtained":[{"floor":1.0,"key":"Poison Potion"},{"floor":10.0,"key":"Dexterity Potion"},{"floor":12.0,"key":"FearPotion"},{"floor":14.0,"key":"Strength Potion"},{"floor":18,"key":"SneckoOil"},{"floor":21,"key":"Energy Potion"},{"floor":27,"key":"Regen Potion"},{"floor":30,"key":"LiquidBronze"},{"floor":31,"key":"Energy Potion"},{"floor":38,"key":"Ancient Potion"},{"floor":39,"key":"SteroidPotion"},{"floor":42,"key":"Energy Potion"},{"floor":44,"key":"Regen Potion"}],"is_trial":false,"path_per_floor":["M","M","?","$","?","M","?","R","T","E","R","M","M","M","R","B",null,"M","$","M","M","M","R","?","R","T","M","$","E","M","M","R","B",null,"M","M","M","M","M","E","R","E","T","E","$","E","M","M","R","B","B",null,"R","$","E","B",null],"character_chosen":"IRONCLAD","items_purchased":["Second Wind","Evolve","MealTicket","Tiny Chest","Bandage Up","Strawberry","Lee\u0027s Waffle","BloodPotion"],"campfire_rested":5,"item_purchase_floors":[4,4,28,28,28,45,45,54],"current_hp_per_floor":[62,66,66,66,55,53,58,58,58,40,40,44,50,51,51,58,79,67,67,68,81,76,76,31,58,58,51,51,61,57,74,94,95,95,96,96,95,70,93,101,101,102,102,103,117,118,91,98,120,121,106,118,122,122,121,124],"gold":76,"neow_bonus":"ONE_RANDOM_RARE_CARD","is_prod":false,"is_daily":false,"chose_seed":false,"campfire_upgraded":3,"win_rate":0,"timestamp":1562083375,"path_taken":["M","M","?","?","?","M","?","R","T","E","R","M","M","M","R","BOSS","M","$","M","M","M","R","?","R","T","?","$","E","M","M","R","BOSS","M","M","M","M","M","E","R","E","T","E","$","E","M","M","R","BOSS","BOSS","R","$","E","BOSS"],"build_version":"2019-07-01","purchased_purges":2,"victory":true,"max_hp_per_floor":[75,75,75,75,75,76,81,81,81,82,82,83,84,85,85,86,86,87,87,88,89,90,90,90,90,90,91,91,92,93,94,94,95,95,96,97,98,99,100,101,101,102,102,103,117,118,119,120,120,121,122,122,122,122,123,124],"card_choices":[{"not_picked":["Havoc","Pommel Strike"],"picked":"Infernal Blade","floor":1.0},{"not_picked":["Twin Strike","Perfected Strike"],"picked":"Cleave","floor":2.0},{"not_picked":["Sword Boomerang","Infernal Blade"],"picked":"True Grit","floor":6.0},{"not_picked":["Body Slam","Clothesline","Cleave"],"picked":"SKIP","floor":10.0},{"not_picked":["Perfected Strike","Shockwave"],"picked":"Intimidate","floor":12.0},{"not_picked":["Double Tap","Searing Blow"],"picked":"Ghostly Armor","floor":13.0},{"not_picked":["Headbutt","Iron Wave","Combust"],"picked":"SKIP","floor":14.0},{"not_picked":["Brutality","Double Tap"],"picked":"Reaper","floor":16.0},{"not_picked":["Iron Wave","Heavy Blade","Uppercut"],"picked":"SKIP","floor":18},{"not_picked":["Iron Wave","Cleave","Wild Strike"],"picked":"SKIP","floor":20},{"not_picked":["Iron Wave","Cleave"],"picked":"Wild Strike","floor":20},{"not_picked":["Combust","Battle Trance"],"picked":"Corruption","floor":21},{"not_picked":["Anger","Sentinel"],"picked":"Shrug It Off+1","floor":22},{"not_picked":["Dark Embrace","Wild Strike"],"picked":"Shrug It Off+1","floor":27},{"not_picked":["Cleave","Heavy Blade","Pommel Strike"],"picked":"SKIP","floor":29},{"not_picked":["Hemokinesis","Warcry","Thunderclap"],"picked":"SKIP","floor":30},{"not_picked":["Shockwave","Sword Boomerang"],"picked":"Burning Pact","floor":31},{"not_picked":["Demon Form","Reaper"],"picked":"Impervious","floor":33},{"not_picked":["Warcry","Flex+1"],"picked":"Body Slam","floor":35},{"not_picked":["Pommel Strike+1","Thunderclap","Anger+1"],"picked":"SKIP","floor":36},{"not_picked":["Pommel Strike+1","Thunderclap","Anger+1"],"picked":"SKIP","floor":36},{"not_picked":["Pommel Strike+1","Thunderclap","Anger+1"],"picked":"SKIP","floor":36},{"not_picked":["Combust","Clash","Rage+1"],"picked":"SKIP","floor":37},{"not_picked":["Entrench","Hemokinesis"],"picked":"Power Through","floor":38},{"not_picked":["Warcry","Headbutt"],"picked":"True Grit+1","floor":39},{"not_picked":["Hemokinesis","Thunderclap","Anger"],"picked":"SKIP","floor":40},{"not_picked":["Inflame","Shrug It Off","Thunderclap"],"picked":"SKIP","floor":42},{"not_picked":["Inflame","Shrug It Off","Thunderclap"],"picked":"SKIP","floor":42},{"not_picked":["Exhume","Perfected Strike+1"],"picked":"Corruption","floor":44},{"not_picked":["Rage","Ghostly Armor"],"picked":"Disarm","floor":46},{"not_picked":["Anger","Rupture+1","Havoc"],"picked":"SKIP","floor":47},{"not_picked":["Combust","Anger"],"picked":"Flame Barrier+1","floor":48},{"not_picked":["Perfected Strike+1","Fiend Fire","True Grit+1"],"picked":"SKIP","floor":55}],"player_experience":5560073,"relics_obtained":[{"floor":9.0,"key":"Dead Branch"},{"floor":10.0,"key":"Champion Belt"},{"floor":29,"key":"PreservedInsect"},{"floor":40,"key":"Self Forming Clay"},{"floor":42,"key":"Thread and Needle"},{"floor":43,"key":"Shuriken"},{"floor":44,"key":"Pantograph"},{"floor":46,"key":"Ice Cream"},{"floor":55,"key":"Gremlin Horn"}],"event_choices":[{"damage_healed":0.0,"max_hp_gain":0.0,"max_hp_loss":0.0,"gold_gain":0.0,"event_name":"FaceTrader","player_choice":"Trade","floor":3.0,"gold_loss":0.0,"damage_taken":0.0,"relics_obtained":["FaceOfCleric"]},{"damage_healed":0.0,"max_hp_gain":0.0,"max_hp_loss":0.0,"gold_gain":75.0,"event_name":"World of Goop","player_choice":"Gather Gold","floor":5.0,"gold_loss":0.0,"damage_taken":11.0},{"damage_healed":0.0,"max_hp_gain":5.0,"max_hp_loss":0.0,"gold_gain":0.0,"event_name":"Big Fish","player_choice":"Donut","floor":7.0,"gold_loss":0.0,"damage_taken":0.0},{"damage_healed":0,"gold_gain":360,"player_choice":"GOLD GOLD GOLD GOLD ","damage_taken":45,"max_hp_gain":0,"max_hp_loss":0,"event_name":"Knowing Skull","floor":24,"potions_obtained":[],"gold_loss":0,"cards_obtained":[]}],"is_beta":false,"boss_relics":[{"not_picked":["Eternal Feather","Ectoplasm"],"picked":"Fusion Hammer"},{"not_picked":["Pandora\u0027s Box","Busted Crown"],"picked":"Snecko Eye"}],"items_purged_floors":[19,28],"is_endless":false,"potions_floor_spawned":[1,10,12,14,18,21,27,30,31,38,39,42,44,48],"ascension_level":20}