{"gold_per_floor":[112,112,130,205,223,248,248,248,248,264,264,289,289],"floor_reached":13,"playtime":162,"items_purged":[],"score":166,"play_id":"015c5144-f75d-4302-ae39-74b6925cfa16","local_time":"20190413022912","is_ascension_mode":true,"campfire_choices":[{"floor":8,"key":"REST"},{"data":"True Grit","floor":11,"key":"SMITH"}],"neow_cost":"CURSE","seed_source_timestamp":96180178656800,"circlet_count":0,"master_deck":["AscendersBane","Strike_R","Strike_R","Defend_R","Defend_R","Defend_R","Bash","Clumsy","Sentinel","Rampage","Ghostly Armor","Immolate","True Grit+1"],"relics":["Burning Blood","Question Card","Darkstone Periapt","Potion Belt"],"potions_floor_usage":[6],"damage_taken":[{"damage":4,"enemies":"Small Slimes","floor":1,"turns":4},{"damage":1,"enemies":"2 Louse","floor":3,"turns":4},{"damage":3,"enemies":"Cultist","floor":5,"turns":5},{"damage":66,"enemies":"Gremlin Nob","floor":6,"turns":6},{"damage":0,"enemies":"Exordium Wildlife","floor":10,"turns":2},{"damage":34,"enemies":"3 Sentries","floor":13,"turns":8}],"seed_played":"6300579751834578892","potions_obtained":[{"floor":3,"key":"LiquidBronze"},{"floor":5,"key":"GamblersBrew"}],"is_trial":false,"path_per_floor":["M","?","M","?","M","E","?","R","T","M","R","T","E"],"character_chosen":"IRONCLAD","items_purchased":[],"campfire_rested":1,"item_purchase_floors":[],"current_hp_per_floor":[70,70,75,64,67,7,7,29,29,35,35,35,1],"gold":289,"neow_bonus":"TRANSFORM_TWO_CARDS","is_prod":false,"is_daily":false,"chose_seed":false,"campfire_upgraded":1,"win_rate":0,"timestamp":1555090152,"path_taken":["M","?","M","?","M","E","?","R","T","?","R","?","E"],"build_version":"2019-01-23","purchased_purges":0,"victory":false,"max_hp_per_floor":[75,75,75,75,75,75,75,75,75,75,75,75,75],"card_choices":[{"not_picked":["Hemokinesis","Heavy Blade"],"picked":"Ghostly Armor","floor":1},{"not_picked":["Flex","Body Slam","Clothesline"],"picked":"SKIP","floor":3},{"not_picked":["Sword Boomerang","Havoc","Carnage"],"picked":"SKIP","floor":5},{"not_picked":["Iron Wave","Headbutt"],"picked":"Immolate","floor":6},{"not_picked":["Iron Wave","Body Slam","Heavy Blade"],"picked":"True Grit","floor":10}],"player_experience":4771686,"relics_obtained":[{"floor":6,"key":"Question Card"},{"floor":9,"key":"Darkstone Periapt"},{"floor":12,"key":"Potion Belt"}],"event_choices":[{"cards_removed":["Defend_R"],"damage_healed":0,"gold_gain":0,"player_choice":"Forget","damage_taken":0,"max_hp_gain":0,"max_hp_loss":0,"event_name":"Living Wall","floor":2,"gold_loss":0},{"damage_healed":0,"gold_gain":75,"player_choice":"Gather Gold","damage_taken":11,"max_hp_gain":0,"max_hp_loss":0,"event_name":"World of Goop","floor":4,"gold_loss":0},{"cards_removed":["Strike_R"],"damage_healed":0,"gold_gain":0,"player_choice":"Card Removal","damage_taken":0,"max_hp_gain":0,"max_hp_loss":0,"event_name":"Wheel of Change","floor":7,"gold_loss":0}],"is_beta":false,"boss_relics":[],"items_purged_floors":[],"is_endless":false,"potions_floor_spawned":[3,5],"killed_by":"3 Sentries","ascension_level":20}