{"gold_per_floor":[109,109,109,109,132,132,173,173,173,20,36,61,95,119,119,238,238],"floor_reached":17,"playtime":586,"items_purged":[],"score":165,"play_id":"7c5068d8-b56a-462d-b327-073c01c22b4a","local_time":"20190703233623","is_ascension_mode":false,"campfire_choices":[{"data":"Bash","floor":6,"key":"SMITH"},{"floor":8,"key":"REST"},{"floor":15,"key":"REST"}],"neow_cost":"NONE","seed_source_timestamp":1075172984860298,"circlet_count":0,"master_deck":["Strike_R","Strike_R","Strike_R","Strike_R+1","Defend_R","Defend_R","Defend_R","Defend_R+1","Bash+1","Clothesline","Shrug It Off","Sword Boomerang","Thunderclap","Burning Pact","Armaments","Immolate+1","Double Tap"],"relics":["Burning Blood","Golden Idol","Omamori","Letter Opener","The Courier","Strange Spoon","Molten Egg 2"],"potions_floor_usage":[7],"damage_taken":[{"damage":3,"enemies":"Jaw Worm","floor":1,"turns":3},{"damage":11,"enemies":"2 Louse","floor":5,"turns":3},{"damage":27,"enemies":"3 Sentries","floor":7,"turns":13},{"damage":0,"enemies":"Cultist","floor":11,"turns":3},{"damage":7,"enemies":"Red Slaver","floor":12,"turns":4},{"damage":33,"enemies":"Lagavulin","floor":13,"turns":10},{"damage":10,"enemies":"Exordium Thugs","floor":14,"turns":2},{"damage":49,"enemies":"Hexaghost","floor":16,"turns":13}],"seed_played":"-8565584700100118692","potions_obtained":[{"floor":5,"key":"PowerPotion"},{"floor":7,"key":"Weak Potion"},{"floor":14,"key":"GamblersBrew"}],"is_trial":false,"path_per_floor":["M","?","?","T","M","R","E","R","T","$","M","M","E","M","R","B",null],"character_chosen":"IRONCLAD","items_purchased":["Strange Spoon"],"campfire_rested":2,"item_purchase_floors":[10],"current_hp_per_floor":[80,74,59,59,54,54,33,55,55,55,61,60,33,29,51,8,8],"gold":238,"neow_bonus":"TRANSFORM_CARD","is_prod":false,"is_daily":false,"chose_seed":false,"campfire_upgraded":1,"win_rate":0,"timestamp":1562193383,"path_taken":["M","?","?","?","?","R","E","R","T","?","M","M","E","M","R","BOSS"],"build_version":"2019-07-01","purchased_purges":0,"victory":false,"max_hp_per_floor":[80,74,74,74,74,74,74,74,74,74,74,74,74,74,74,74,74],"card_choices":[{"not_picked":["Twin Strike","Metallicize"],"picked":"Shrug It Off","floor":1},{"not_picked":["Flex","Carnage"],"picked":"Sword Boomerang","floor":5},{"not_picked":["Intimidate","Seeing Red"],"picked":"Thunderclap","floor":7},{"not_picked":["Anger","Heavy Blade"],"picked":"Burning Pact","floor":11},{"not_picked":["Thunderclap","Uppercut"],"picked":"Armaments","floor":12},{"not_picked":["Thunderclap","Power Through"],"picked":"Immolate","floor":13},{"not_picked":["Fire Breathing","Inflame","Perfected Strike+1"],"picked":"SKIP","floor":14},{"not_picked":["Immolate+1","Offering"],"picked":"Double Tap","floor":16}],"player_experience":114334,"relics_obtained":[{"floor":4,"key":"Omamori"},{"floor":7,"key":"Letter Opener"},{"floor":9,"key":"The Courier"},{"floor":13,"key":"Molten Egg 2"}],"event_choices":[{"damage_healed":0,"gold_gain":0,"player_choice":"Lose Max HP","damage_taken":0,"relics_obtained":["Golden Idol"],"max_hp_gain":0,"max_hp_loss":6,"event_name":"Golden Idol","floor":2,"gold_loss":0},{"damage_healed":0,"gold_gain":0,"player_choice":"Entered Light","damage_taken":15,"max_hp_gain":0,"max_hp_loss":0,"event_name":"Shining Light","floor":3,"gold_loss":0,"cards_upgraded":["Defend_R","Strike_R"]}],"is_beta":false,"boss_relics":[],"items_purged_floors":[],"is_endless":false,"potions_floor_spawned":[5,7,14],"ascension_level":0}