{"gold_per_floor":[361,361,141,151,16,49,60,60,60,60,80,108,125,152,152,249,249,268,44,44,319,29,29,45,64,144,157,157],"floor_reached":28,"playtime":1576,"items_purged":["Strike_R","Regret"],"score":321,"play_id":"c08f114d-3e34-4a10-8410-3e5447600f34","local_time":"20190716144933","is_ascension_mode":true,"campfire_choices":[{"data":"Chrysalis","floor":8,"key":"SMITH"},{"data":"Demon Form","floor":10,"key":"SMITH"},{"floor":15,"key":"REST"},{"data":"Blind","floor":23,"key":"SMITH"}],"neow_cost":"CURSE","seed_source_timestamp":73064420878900,"circlet_count":0,"master_deck":["Strike_R","Strike_R","Strike_R","Strike_R","Defend_R","Defend_R","Defend_R","Defend_R","Bash","Pommel Strike","Flame Barrier","Chrysalis+1","Shrug It Off","Demon Form+1","Cleave","Sword Boomerang","Fiend Fire+1","Inflame","Pummel+1","Disarm","Impervious","Anger+1","Blind+1","Writhe","Reaper+1","Ghostly Armor","Battle Trance+1"],"relics":["Black Blood","Anchor","Molten Egg 2","Mummified Hand","Bronze Scales","Oddly Smooth Stone","Tiny Chest"],"potions_floor_usage":[13,16,18,27],"damage_taken":[{"damage":14,"enemies":"Jaw Worm","floor":1,"turns":5},{"damage":2,"enemies":"Cultist","floor":4,"turns":6},{"damage":25,"enemies":"Lagavulin","floor":6,"turns":6},{"damage":0,"enemies":"Small Slimes","floor":7,"turns":2},{"damage":6,"enemies":"Looter","floor":11,"turns":4},{"damage":14,"enemies":"3 Sentries","floor":12,"turns":6},{"damage":15,"enemies":"Gremlin Gang","floor":13,"turns":4},{"damage":19,"enemies":"Lagavulin","floor":14,"turns":7},{"damage":38,"enemies":"Hexaghost","floor":16,"turns":7},{"damage":0,"enemies":"Chosen","floor":18,"turns":3},{"damage":9,"enemies":"3 Byrds","floor":24,"turns":4},{"damage":14,"enemies":"Centurion and Healer","floor":25,"turns":10},{"damage":34,"enemies":"Snecko","floor":27,"turns":13},{"damage":65,"enemies":"Slavers","floor":28,"turns":7}],"seed_played":"1149683631727579056","potions_obtained":[{"floor":4,"key":"SteroidPotion"},{"floor":6,"key":"FearPotion"},{"floor":12,"key":"SkillPotion"},{"floor":16,"key":"Weak Potion"}],"is_trial":false,"path_per_floor":["M","?","$","M","$","E","M","R","T","R","M","E","M","E","R","B",null,"M","$","?","?","$","R","M","M","T","M","E"],"character_chosen":"IRONCLAD","items_purchased":["Flame Barrier","Chrysalis","Demon Form","Blind","Block Potion","Reaper+1","Ghostly Armor"],"campfire_rested":1,"item_purchase_floors":[3,3,5,19,19,22,22],"current_hp_per_floor":[64,64,64,68,68,49,55,55,55,55,55,47,38,25,49,17,64,74,74,74,74,74,74,75,80,80,63,0],"gold":157,"neow_bonus":"TWO_FIFTY_GOLD","is_prod":false,"is_daily":false,"chose_seed":false,"campfire_upgraded":3,"win_rate":0,"timestamp":1563302973,"path_taken":["M","?","$","M","$","E","?","R","T","R","M","E","M","E","R","BOSS","M","?","?","?","$","R","?","M","T","M","E"],"build_version":"2019-07-05","purchased_purges":2,"victory":false,"max_hp_per_floor":[80,80,80,80,80,80,80,80,80,80,80,80,80,80,80,80,80,80,80,80,80,80,80,80,80,80,80,80],"card_choices":[{"not_picked":["Heavy Blade","Havoc"],"picked":"Pommel Strike","floor":1},{"not_picked":["Burning Pact","Heavy Blade"],"picked":"Shrug It Off","floor":4},{"not_picked":["Body Slam","Iron Wave"],"picked":"Cleave","floor":6},{"not_picked":["Perfected Strike","Intimidate"],"picked":"Sword Boomerang","floor":7},{"not_picked":["Armaments","Sword Boomerang+1"],"picked":"Fiend Fire+1","floor":11},{"not_picked":["Entrench","Rage"],"picked":"Inflame","floor":12},{"not_picked":["Clash+1","Dropkick+1"],"picked":"Pummel+1","floor":13},{"not_picked":["Pommel Strike+1","Twin Strike+1"],"picked":"Disarm","floor":14},{"not_picked":["Brutality","Bludgeon+1"],"picked":"Impervious","floor":16},{"not_picked":["Evolve+1","True Grit"],"picked":"Anger+1","floor":18},{"not_picked":["Clothesline+1","Sword Boomerang+1","Evolve"],"picked":"SKIP","floor":24},{"not_picked":["Clothesline+1","Sword Boomerang+1","Evolve"],"picked":"SKIP","floor":24},{"not_picked":["Anger+1","Iron Wave+1","Thunderclap+1"],"picked":"SKIP","floor":25},{"not_picked":["Fire Breathing","Warcry"],"picked":"Battle Trance+1","floor":27}],"player_experience":236480,"relics_obtained":[{"floor":6,"key":"Anchor"},{"floor":9,"key":"Molten Egg 2"},{"floor":12,"key":"Mummified Hand"},{"floor":14,"key":"Bronze Scales"},{"floor":26,"key":"Tiny Chest"}],"event_choices":[{"cards_removed":["Clumsy"],"damage_healed":0,"gold_gain":0,"player_choice":"Removed Curses","damage_taken":0,"max_hp_gain":0,"max_hp_loss":0,"event_name":"Fountain of Cleansing","floor":2,"gold_loss":0},{"damage_healed":0,"gold_gain":0,"player_choice":"Opened","damage_taken":0,"relics_obtained":["Oddly Smooth Stone"],"max_hp_gain":0,"max_hp_loss":0,"event_name":"The Mausoleum","floor":20,"gold_loss":0,"cards_obtained":["Writhe"]},{"damage_healed":0,"gold_gain":275,"player_choice":"Desecrate","damage_taken":0,"max_hp_gain":0,"max_hp_loss":0,"event_name":"Golden Shrine","floor":21,"gold_loss":0,"cards_obtained":["Regret"]}],"is_beta":false,"boss_relics":[{"not_picked":["White Beast Statue","Coffee Dripper"],"picked":"Black Blood"}],"items_purged_floors":[19,22],"is_endless":false,"potions_floor_spawned":[4,6,12,16],"killed_by":"Slavers","ascension_level":7}