{"gold_per_floor":[115,80,230,230,244,276,276,25,49,77,77,92,147,206,206,280,280,297,297,8,0],"floor_reached":21,"playtime":735,"items_purged":[],"score":571,"play_id":"ed01478d-8293-4397-a22f-ffa95da24819","local_time":"20190719150827","is_ascension_mode":true,"campfire_choices":[{"floor":7,"key":"REST"},{"floor":11,"key":"REST"},{"data":"Limit Break","floor":15,"key":"SMITH"}],"neow_cost":"","seed_source_timestamp":2423362941317748,"circlet_count":0,"master_deck":["AscendersBane","Strike_R","Strike_R","Strike_R","Strike_R","Strike_R","Defend_R","Defend_R","Defend_R","Bash","Limit Break+1","Bloodletting","Clothesline","Rage","Reaper","Inflame","Shrug It Off","Disarm","Berserk","Flex","Apotheosis","Whirlwind"],"relics":["Black Blood","ClockworkSouvenir","Singing Bowl","Bag of Marbles","Ancient Tea Set","Strawberry","Tiny Chest"],"potions_floor_usage":[6,14,14,21],"damage_taken":[{"damage":7,"enemies":"2 Louse","floor":1,"turns":2},{"damage":15,"enemies":"Small Slimes","floor":5,"turns":4},{"damage":35,"enemies":"Gremlin Nob","floor":6,"turns":5},{"damage":52,"enemies":"3 Sentries","floor":10,"turns":9},{"damage":9,"enemies":"Jaw Worm","floor":12,"turns":3},{"damage":22,"enemies":"Lagavulin","floor":14,"turns":7},{"damage":60,"enemies":"The Guardian","floor":16,"turns":14},{"damage":69,"enemies":"Shell Parasite","floor":18,"turns":11},{"damage":12,"enemies":"2 Thieves","floor":21,"turns":1}],"seed_played":"-1557109859596220508","potions_obtained":[{"floor":1,"key":"Swift Potion"},{"floor":6,"key":"FearPotion"},{"floor":12,"key":"AttackPotion"},{"floor":18,"key":"GamblersBrew"}],"is_trial":false,"path_per_floor":["M","?","?","?","M","E","R","$","T","E","R","M","?","E","R","B",null,"M","?","$","M"],"character_chosen":"IRONCLAD","items_purchased":["Limit Break","ClockworkSouvenir","Clothesline","Inflame","Bag of Marbles","Apotheosis","Whirlwind"],"campfire_rested":2,"item_purchase_floors":[0,0,0,8,8,20,20],"current_hp_per_floor":[47,65,65,65,56,27,49,49,49,36,61,62,62,58,58,13,66,12,12,12,0],"gold":0,"neow_bonus":"","is_prod":false,"is_daily":false,"chose_seed":false,"campfire_upgraded":1,"win_rate":0,"timestamp":1563541707,"path_taken":["M","?","?","?","?","E","R","$","T","E","R","M","?","E","R","BOSS","M","?","$","M"],"build_version":"2019-07-17","purchased_purges":0,"victory":false,"max_hp_per_floor":[75,75,75,75,75,75,75,75,75,84,84,84,84,84,84,84,84,84,84,84,84],"card_choices":[{"not_picked":["Uppercut","Rupture","Havoc"],"picked":"SKIP","floor":1},{"not_picked":["Rupture","Carnage"],"picked":"Rage","floor":5},{"not_picked":["Fiend Fire","Wild Strike"],"picked":"Reaper","floor":6},{"not_picked":["Reckless Charge","Ghostly Armor","Combust"],"picked":"Singing Bowl","floor":10},{"not_picked":["Power Through","Twin Strike"],"picked":"Shrug It Off","floor":12},{"not_picked":["Clothesline","Combust"],"picked":"Disarm","floor":14},{"not_picked":["Immolate","Double Tap"],"picked":"Berserk","floor":16},{"not_picked":["Rupture","Dropkick"],"picked":"Flex","floor":18}],"player_experience":468022,"relics_obtained":[{"floor":6,"key":"Singing Bowl"},{"floor":9,"key":"Ancient Tea Set"},{"floor":10,"key":"Strawberry"},{"floor":14,"key":"Tiny Chest"}],"event_choices":[{"damage_healed":18,"gold_gain":0,"player_choice":"Healed","damage_taken":0,"max_hp_gain":0,"max_hp_loss":0,"event_name":"The Cleric","floor":2,"gold_loss":35},{"damage_healed":0,"gold_gain":150,"player_choice":"AGREE","damage_taken":0,"max_hp_gain":0,"max_hp_loss":0,"event_name":"Liars Game","floor":3,"gold_loss":0,"cards_obtained":["Doubt"]},{"cards_removed":["Doubt"],"damage_healed":0,"gold_gain":0,"player_choice":"Removed Curses","damage_taken":0,"max_hp_gain":0,"max_hp_loss":0,"event_name":"Fountain of Cleansing","floor":4,"gold_loss":0},{"damage_healed":0,"gold_gain":55,"player_choice":"Gained Gold","damage_taken":0,"max_hp_gain":0,"max_hp_loss":0,"event_name":"Golden Wing","floor":13,"gold_loss":0},{"damage_healed":0,"gold_gain":0,"player_choice":"Ignored","damage_taken":0,"max_hp_gain":0,"max_hp_loss":0,"event_name":"Beggar","floor":19,"gold_loss":0}],"is_beta":false,"boss_relics":[{"not_picked":["Coffee Dripper","Runic Cube"],"picked":"Black Blood"}],"items_purged_floors":[],"is_endless":false,"potions_floor_spawned":[1,6,12,18],"killed_by":"2 Thieves","ascension_level":19}