{"gold_per_floor":[10,10,10,22,42,42,60,91,116,116,130,162,162,162,162,162],"floor_reached":16,"playtime":537,"items_purged":[],"score":270,"play_id":"dde24268-0db4-4b98-8b0d-41b67830dd31","local_time":"20190611014505","is_ascension_mode":true,"campfire_choices":[{"data":"Choke","floor":6,"key":"SMITH"},{"data":"Envenom","floor":13,"key":"SMITH"},{"data":"All Out Attack","floor":15,"key":"SMITH"}],"neow_cost":"NO_GOLD","seed_source_timestamp":1310841015049300,"circlet_count":0,"master_deck":["AscendersBane","Defend_G","Defend_G+1","Defend_G","Defend_G","Strike_G","Strike_G","Strike_G","Strike_G","Survivor+1","Neutralize","Quick Slash","Dash","Choke+1","All Out Attack+1","Backstab","Distraction","Envenom+1"],"relics":["Ring of the Snake","PreservedInsect","Blood Vial","War Paint","Incense Burner"],"potions_floor_usage":[8,12,16],"damage_taken":[{"damage":0,"enemies":"Small Slimes","floor":1,"turns":5},{"damage":3,"enemies":"2 Louse","floor":4,"turns":4},{"damage":0,"enemies":"Jaw Worm","floor":5,"turns":4},{"damage":1,"enemies":"2 Fungi Beasts","floor":7,"turns":4},{"damage":0,"enemies":"Gremlin Nob","floor":8,"turns":3},{"damage":1,"enemies":"Looter","floor":11,"turns":3},{"damage":12,"enemies":"Lagavulin","floor":12,"turns":7},{"damage":55,"enemies":"Slime Boss","floor":16,"turns":13}],"seed_played":"-6517054462003274766","potions_obtained":[{"floor":7,"key":"Explosive Potion"},{"floor":8,"key":"EssenceOfSteel"},{"floor":12,"key":"Fruit Juice"}],"is_trial":false,"path_per_floor":["M","?","?","M","M","R","M","E","T","?","M","E","R","?","R","B"],"character_chosen":"THE_SILENT","items_purchased":[],"campfire_rested":0,"item_purchase_floors":[],"current_hp_per_floor":[59,59,48,45,45,45,44,44,44,49,50,45,45,45,45,0],"gold":162,"neow_bonus":"REMOVE_TWO","is_prod":false,"is_daily":false,"chose_seed":false,"campfire_upgraded":3,"win_rate":0,"timestamp":1560185105,"path_taken":["M","?","?","M","M","R","M","E","T","?","M","E","R","?","R","BOSS"],"build_version":"2019-01-23","purchased_purges":0,"victory":false,"max_hp_per_floor":[66,66,66,66,66,66,66,66,66,71,71,76,76,76,76,76],"card_choices":[{"not_picked":["Deadly Poison","Calculated Gamble"],"picked":"Quick Slash","floor":1},{"not_picked":["Dodge and Roll","Outmaneuver"],"picked":"Dash","floor":4},{"not_picked":["Escape Plan","Endless Agony"],"picked":"Choke","floor":5},{"not_picked":["Underhanded Strike","Accuracy"],"picked":"All Out Attack","floor":7},{"not_picked":["PiercingWail","Outmaneuver"],"picked":"Backstab","floor":8},{"not_picked":["Dash","Backflip"],"picked":"Distraction","floor":11},{"not_picked":["Expertise","Poisoned Stab"],"picked":"Envenom","floor":12}],"player_experience":5321653,"relics_obtained":[{"floor":8,"key":"Blood Vial"},{"floor":9,"key":"War Paint"},{"floor":12,"key":"Incense Burner"}],"event_choices":[{"damage_healed":0,"gold_gain":0,"player_choice":"Leave","damage_taken":0,"max_hp_gain":0,"max_hp_loss":0,"event_name":"The Cleric","floor":2,"gold_loss":0},{"damage_healed":0,"gold_gain":0,"player_choice":"Success","damage_taken":11,"relics_obtained":["PreservedInsect"],"max_hp_gain":0,"max_hp_loss":0,"event_name":"Scrap Ooze","floor":3,"gold_loss":0},{"damage_healed":0,"gold_gain":0,"player_choice":"Donut","damage_taken":0,"max_hp_gain":5,"max_hp_loss":0,"event_name":"Big Fish","floor":10,"gold_loss":0},{"damage_healed":0,"gold_gain":0,"player_choice":"Ignored","damage_taken":0,"max_hp_gain":0,"max_hp_loss":0,"event_name":"Liars Game","floor":14,"gold_loss":0}],"is_beta":false,"boss_relics":[],"items_purged_floors":[],"is_endless":false,"potions_floor_spawned":[7,8,12],"killed_by":"Slime Boss","ascension_level":20}