{"gold_per_floor":[115,115,10,25,75,110,121,121,121,151,164,190,210,227,227,298,298,270,270,71,71,91,91,91],"floor_reached":24,"playtime":641,"items_purged":["Strike_G","Strike_G"],"score":482,"play_id":"1664162e-7554-425d-bb1b-dcb1cc394629","local_time":"20190616012450","is_ascension_mode":true,"campfire_choices":[{"data":"Cloak And Dagger","floor":8.0,"key":"SMITH"},{"data":"Calculated Gamble","floor":15.0,"key":"SMITH"},{"floor":23,"key":"REST"}],"neow_cost":"NONE","seed_source_timestamp":113865304283100,"circlet_count":0,"master_deck":["AscendersBane","Defend_G","Defend_G","Defend_G","Defend_G","Defend_G","Strike_G","Strike_G","Strike_G","Survivor","Neutralize","Masterful Stab","Dagger Throw","Reflex","Cloak And Dagger+1","Calculated Gamble+1","Dash","Infinite Blades","Tactician","Backflip","Grand Finale","Purity","Escape Plan"],"special_seed":0,"relics":["Ring of the Serpent","NeowsBlessing","Shuriken","Singing Bowl","Blood Vial","Bottled Lightning"],"potions_floor_usage":[16,16,24],"damage_taken":[{"damage":0.0,"enemies":"Small Slimes","floor":1.0,"turns":1.0},{"damage":0.0,"enemies":"Cultist","floor":4.0,"turns":1.0},{"damage":0.0,"enemies":"Gremlin Nob","floor":6.0,"turns":1.0},{"damage":0.0,"enemies":"2 Louse","floor":7.0,"turns":3.0},{"damage":24.0,"enemies":"Lagavulin","floor":10.0,"turns":5.0},{"damage":1.0,"enemies":"Looter","floor":11.0,"turns":3.0},{"damage":5.0,"enemies":"3 Sentries","floor":12.0,"turns":5.0},{"damage":0.0,"enemies":"Exordium Thugs","floor":13.0,"turns":4.0},{"damage":2.0,"enemies":"Exordium Wildlife","floor":14.0,"turns":4.0},{"damage":15,"enemies":"The Guardian","floor":16,"turns":12},{"damage":18,"enemies":"2 Thieves","floor":18,"turns":4},{"damage":17,"enemies":"Colosseum Slavers","floor":19,"turns":6},{"damage":12,"enemies":"Chosen","floor":22,"turns":6},{"damage":48,"enemies":"Snecko","floor":24,"turns":9}],"seed_played":"7229265479234225382","potions_obtained":[{"floor":1.0,"key":"Explosive Potion"},{"floor":4.0,"key":"Ancient Potion"},{"floor":13.0,"key":"Explosive Potion"},{"floor":14.0,"key":"Block Potion"},{"floor":22,"key":"SkillPotion"}],"is_trial":false,"path_per_floor":["M","?","$","M","?","E","M","R","T","E","M","E","M","M","R","B",null,"M","?","$","?","M","R","M"],"character_chosen":"THE_SILENT","items_purchased":["Dagger Throw","Purity"],"campfire_rested":1,"item_purchase_floors":[3,20],"current_hp_per_floor":[59,64,64,64,64,64,64,64,64,40,41,38,42,42,42,29,62,48,33,33,33,23,45,0],"gold":91,"neow_bonus":"THREE_ENEMY_KILL","is_prod":false,"is_daily":false,"chose_seed":false,"campfire_upgraded":2,"win_rate":0,"timestamp":1560615890,"path_taken":["M","?","$","M","?","E","M","R","T","E","?","E","M","M","R","BOSS","M","?","$","?","M","R","M"],"build_version":"2019-01-23","purchased_purges":2,"victory":false,"max_hp_per_floor":[66,71,71,71,71,71,71,71,71,71,71,71,73,73,73,73,73,75,75,75,75,75,75,75],"card_choices":[{"not_picked":["Acrobatics","Terror"],"picked":"Masterful Stab","floor":1.0},{"not_picked":["Setup","Underhanded Strike"],"picked":"Reflex","floor":4.0},{"not_picked":["Slice","Crippling Poison"],"picked":"Cloak And Dagger","floor":6.0},{"not_picked":["Dodge and Roll","Dagger Throw"],"picked":"Calculated Gamble","floor":7.0},{"not_picked":["Riddle With Holes","Terror"],"picked":"Dash","floor":10.0},{"not_picked":["Calculated Gamble","Slice"],"picked":"Infinite Blades","floor":11.0},{"not_picked":["Bane","Bullet Time"],"picked":"Tactician","floor":12.0},{"not_picked":["Deadly Poison","Sucker Punch","Bane"],"picked":"Singing Bowl","floor":13.0},{"not_picked":["Dagger Throw","Outmaneuver"],"picked":"Backflip","floor":14.0},{"not_picked":["Storm of Steel","Tools of the Trade"],"picked":"Grand Finale","floor":16},{"not_picked":["Bane","Catalyst","Underhanded Strike"],"picked":"Singing Bowl","floor":18},{"not_picked":["Concentrate","Deflect"],"picked":"Escape Plan","floor":22}],"player_experience":5372383,"relics_obtained":[{"floor":6.0,"key":"Shuriken"},{"floor":9.0,"key":"Singing Bowl"},{"floor":10.0,"key":"Blood Vial"},{"floor":12.0,"key":"Bottled Lightning"}],"event_choices":[{"damage_healed":0.0,"max_hp_gain":5.0,"max_hp_loss":0.0,"gold_gain":0.0,"event_name":"Big Fish","player_choice":"Donut","floor":2.0,"gold_loss":0.0,"damage_taken":0.0},{"damage_healed":0.0,"max_hp_gain":0.0,"max_hp_loss":0.0,"gold_gain":50.0,"event_name":"Golden Shrine","player_choice":"Pray","floor":5.0,"gold_loss":0.0,"damage_taken":0.0},{"damage_healed":0,"gold_gain":0,"player_choice":"Fight","damage_taken":0,"max_hp_gain":0,"max_hp_loss":0,"event_name":"Colosseum","floor":19,"gold_loss":0},{"damage_healed":0,"gold_gain":0,"player_choice":"Fled From Nobs","damage_taken":0,"max_hp_gain":0,"max_hp_loss":0,"event_name":"Colosseum","floor":19,"gold_loss":0},{"damage_healed":0,"gold_gain":0,"player_choice":"Ignored","damage_taken":0,"max_hp_gain":0,"max_hp_loss":0,"event_name":"Vampires","floor":21,"gold_loss":0}],"is_beta":false,"boss_relics":[{"not_picked":["Orrery","Coffee Dripper"],"picked":"Ring of the Serpent"}],"items_purged_floors":[3,20],"is_endless":false,"potions_floor_spawned":[1,4,7,13,14,22],"killed_by":"Snecko","ascension_level":20}