{"gold_per_floor":[113,38,51,61,72,103,103,132,157,157,170,201,213,242,254,338,350,377,407,435,464,401,413,439,463,475,503,515,540,586,611,623,708,720,749,773,799,822,375,407,407,441,441,460,460,480,512,512,512,512,512,512,512,42,73,73],"floor_reached":57,"playtime":2603,"items_purged":["Defend_R","Anger","Writhe"],"score":2934,"play_id":"7d342aee-53f3-43ea-82f2-939eb22cf6dd","local_time":"20190622034419","is_ascension_mode":true,"campfire_choices":[{"data":"Feed","floor":7.0,"key":"SMITH"},{"data":"Feed","floor":10.0,"key":"SMITH"},{"data":"Inflame","floor":15.0,"key":"SMITH"},{"floor":23.0,"key":"REST"},{"floor":28.0,"key":"REST"},{"floor":32.0,"key":"REST"},{"floor":41,"key":"RECALL"},{"floor":49,"key":"REST"},{"data":"Dark Embrace","floor":53,"key":"SMITH"}],"neow_cost":"","seed_source_timestamp":288470271313700,"circlet_count":0,"master_deck":["Bash","Defend_R","Defend_R","Feed+1","Feed","Feed","Feed+1","Feed","Dropkick","Dark Embrace+1","Inflame+1","Double Tap","Limit Break","Burning Pact+1","Armaments+1","Finesse","Sentinel","Writhe","Second Wind","Offering"],"special_seed":0,"relics":["Burning Blood","Prayer Wheel","Singing Bowl","Strawberry","Happy Flower","Blood Vial","MawBank","Cursed Key","Molten Egg 2","Runic Pyramid","Membership Card","Pear","Centennial Puzzle","Vajra","Pantograph","Anchor","Art of War","OrangePellets","Orichalcum"],"potions_floor_usage":[51,51,56,56],"damage_taken":[{"damage":0.0,"enemies":"Cultist","floor":1.0,"turns":2.0},{"damage":5.0,"enemies":"2 Louse","floor":3.0,"turns":3.0},{"damage":2.0,"enemies":"Jaw Worm","floor":4.0,"turns":2.0},{"damage":13.0,"enemies":"Blue Slaver","floor":5.0,"turns":2.0},{"damage":33.0,"enemies":"Lagavulin","floor":6.0,"turns":5.0},{"damage":40.0,"enemies":"3 Sentries","floor":8.0,"turns":9.0},{"damage":6.0,"enemies":"2 Fungi Beasts","floor":11.0,"turns":3.0},{"damage":19.0,"enemies":"Gremlin Nob","floor":12.0,"turns":4.0},{"damage":23.0,"enemies":"Red Slaver","floor":14.0,"turns":4.0},{"damage":36.0,"enemies":"Slime Boss","floor":16.0,"turns":8.0},{"damage":7.0,"enemies":"Chosen","floor":18.0,"turns":3.0},{"damage":51.0,"enemies":"3 Byrds","floor":19.0,"turns":6.0},{"damage":62.0,"enemies":"Shelled Parasite and Fungi","floor":20.0,"turns":6.0},{"damage":24.0,"enemies":"Snake Plant","floor":21.0,"turns":2.0},{"damage":34.0,"enemies":"3 Cultists","floor":24.0,"turns":5.0},{"damage":28.0,"enemies":"Centurion and Healer","floor":25.0,"turns":5.0},{"damage":36.0,"enemies":"Cultist and Chosen","floor":27.0,"turns":5.0},{"damage":13.0,"enemies":"Snecko","floor":29.0,"turns":3.0},{"damage":68.0,"enemies":"Gremlin Leader","floor":30.0,"turns":5.0},{"damage":38.0,"enemies":"Snake Plant","floor":31.0,"turns":4.0},{"damage":43.0,"enemies":"Champ","floor":33.0,"turns":5.0},{"damage":5.0,"enemies":"3 Shapes","floor":35.0,"turns":5.0},{"damage":37.0,"enemies":"Orb Walker","floor":36.0,"turns":4.0},{"damage":28.0,"enemies":"Writhing Mass","floor":37.0,"turns":4.0},{"damage":41.0,"enemies":"Jaw Worm Horde","floor":38.0,"turns":4.0},{"damage":27,"enemies":"Giant Head","floor":40,"turns":5},{"damage":58,"enemies":"Reptomancer","floor":42,"turns":4},{"damage":28,"enemies":"Spire Growth","floor":44,"turns":3},{"damage":41,"enemies":"3 Darklings","floor":46,"turns":5},{"damage":6,"enemies":"Giant Head","floor":47,"turns":3},{"damage":77,"enemies":"Awakened One","floor":50,"turns":6},{"damage":135,"enemies":"Time Eater","floor":51,"turns":9},{"damage":66,"enemies":"Shield and Spear","floor":55,"turns":5},{"damage":211,"enemies":"The Heart","floor":56,"turns":7}],"seed_played":"1511705095035398591","potions_obtained":[{"floor":1.0,"key":"Dexterity Potion"},{"floor":4.0,"key":"Dexterity Potion"},{"floor":8.0,"key":"Block Potion"},{"floor":12.0,"key":"Swift Potion"},{"floor":19.0,"key":"Dexterity Potion"},{"floor":24.0,"key":"Fruit Juice"},{"floor":30.0,"key":"Fire Potion"},{"floor":33.0,"key":"Strength Potion"},{"floor":35.0,"key":"Regen Potion"},{"floor":40,"key":"Regen Potion"}],"is_trial":true,"path_per_floor":["M","$","M","M","M","E","R","E","T","R","M","E","$","M","R","B",null,"M","M","M","M","?","R","M","M","T","M","R","M","E","M","R","B",null,"M","M","M","M","$","E","R","E","T","M","?","M","E","?","R","B","B",null,"R","$","E","B",null],"character_chosen":"IRONCLAD","items_purchased":["Membership Card","Pear","Finesse","Anchor","Art of War","OrangePellets","PowerPotion","Weak Potion","Offering"],"campfire_rested":4,"item_purchase_floors":[39,39,39,54,54,54,54,54,54],"current_hp_per_floor":[81,81,90,95,93,78,78,56,56,56,70,65,65,55,55,34,124,132,102,57,49,49,106,98,90,90,74,143,146,92,70,146,117,225,244,223,211,194,204,189,189,145,145,133,200,173,181,181,285,253,207,326,326,326,278,104],"gold":73,"neow_bonus":"","is_prod":false,"is_daily":false,"chose_seed":false,"campfire_upgraded":4,"win_rate":0,"timestamp":1561142659,"path_taken":["M","$","M","M","M","E","R","E","T","R","M","E","?","M","R","BOSS","M","M","M","M","?","R","M","M","T","M","R","M","E","M","R","BOSS","M","M","M","M","$","E","R","E","T","M","?","M","E","?","R","BOSS","BOSS","R","$","E","BOSS"],"build_version":"2019-01-23","purchased_purges":3,"victory":true,"max_hp_per_floor":[82,82,90,95,100,112,112,124,124,124,136,142,142,147,147,154,154,161,174,183,191,191,191,209,221,221,233,233,241,247,255,255,261,261,277,285,293,309,319,323,323,329,329,337,337,343,349,349,349,361,365,365,365,365,375,379],"card_choices":[{"not_picked":["Dual Wield","Searing Blow","Sword Boomerang"],"picked":"Singing Bowl","floor":1.0},{"not_picked":["Havoc","True Grit","Infernal Blade"],"picked":"Singing Bowl","floor":1.0},{"not_picked":["Corruption","Second Wind"],"picked":"Anger","floor":3.0},{"not_picked":["Havoc","Metallicize","Thunderclap"],"picked":"Singing Bowl","floor":3.0},{"not_picked":["Thunderclap","Clothesline","Wild Strike"],"picked":"Singing Bowl","floor":4.0},{"not_picked":["Sword Boomerang","Spot Weakness"],"picked":"Dropkick","floor":4.0},{"not_picked":["Rampage","Hemokinesis","Headbutt"],"picked":"Singing Bowl","floor":5.0},{"not_picked":["Havoc","Power Through"],"picked":"Dark Embrace","floor":5.0},{"not_picked":["Iron Wave","Headbutt","Shockwave"],"picked":"Singing Bowl","floor":6.0},{"not_picked":["Bloodletting","Body Slam","Perfected Strike"],"picked":"Singing Bowl","floor":8.0},{"not_picked":["Thunderclap","True Grit","Perfected Strike"],"picked":"Singing Bowl","floor":11.0},{"not_picked":["Impervious","Wild Strike","Clash"],"picked":"Singing Bowl","floor":11.0},{"not_picked":["Shrug It Off","Headbutt","True Grit"],"picked":"Singing Bowl","floor":12.0},{"not_picked":["Disarm","Searing Blow","Shrug It Off"],"picked":"Singing Bowl","floor":14.0},{"not_picked":["Cleave","Havoc"],"picked":"Inflame","floor":14.0},{"not_picked":["Offering","Dark Embrace"],"picked":"Double Tap","floor":16.0},{"not_picked":["Sword Boomerang+1","Headbutt+1","Warcry"],"picked":"Singing Bowl","floor":18.0},{"not_picked":["Headbutt","Battle Trance","Searing Blow"],"picked":"Singing Bowl","floor":18.0},{"not_picked":["Reckless Charge","Flex","Warcry+1"],"picked":"Singing Bowl","floor":19.0},{"not_picked":["Headbutt","Clothesline+1"],"picked":"Limit Break","floor":19.0},{"not_picked":["Armaments","Heavy Blade"],"picked":"Burning Pact+1","floor":20.0},{"not_picked":["Burning Pact","Heavy Blade","Twin Strike"],"picked":"Singing Bowl","floor":20.0},{"not_picked":["Armaments","Headbutt","Seeing Red"],"picked":"Singing Bowl","floor":21.0},{"not_picked":["Rupture","Sword Boomerang","Feel No Pain"],"picked":"Singing Bowl","floor":21.0},{"not_picked":["Clothesline","Flex","Heavy Blade"],"picked":"Singing Bowl","floor":24.0},{"not_picked":["Clothesline","Sword Boomerang"],"picked":"Armaments+1","floor":24.0},{"not_picked":["Rupture","Twin Strike","Cleave"],"picked":"Singing Bowl","floor":25.0},{"not_picked":["Entrench","Disarm","Barricade"],"picked":"Singing Bowl","floor":25.0},{"not_picked":["Power Through","Sever Soul","Pommel Strike"],"picked":"Singing Bowl","floor":27.0},{"not_picked":["Body Slam","Perfected Strike","Wild Strike"],"picked":"Singing Bowl","floor":27.0},{"not_picked":["Wild Strike","Immolate","Warcry"],"picked":"Singing Bowl","floor":29.0},{"not_picked":["Shrug It Off","Cleave","Clothesline"],"picked":"Singing Bowl","floor":29.0},{"not_picked":["Armaments","Bloodletting","Feed"],"picked":"Singing Bowl","floor":30.0},{"not_picked":["Pommel Strike+1","True Grit","Clash+1"],"picked":"Singing Bowl","floor":31.0},{"not_picked":["Shrug It Off+1","Fire Breathing","Armaments"],"picked":"Singing Bowl","floor":31.0},{"not_picked":["Juggernaut","Feed+1","Double Tap"],"picked":"Singing Bowl","floor":33.0},{"not_picked":["Iron Wave+1","Thunderclap+1","Metallicize"],"picked":"Singing Bowl","floor":35.0},{"not_picked":["Iron Wave+1","Armaments","Corruption+1"],"picked":"Singing Bowl","floor":35.0},{"not_picked":["Warcry","Flame Barrier+1","Pommel Strike+1"],"picked":"Singing Bowl","floor":36.0},{"not_picked":["Cleave+1","Inflame","Battle Trance"],"picked":"Singing Bowl","floor":36.0},{"not_picked":["Havoc+1","Fire Breathing+1","Spot Weakness"],"picked":"Singing Bowl","floor":37.0},{"not_picked":["Heavy Blade+1","Pommel Strike+1","Whirlwind+1"],"picked":"Singing Bowl","floor":37.0},{"not_picked":["Havoc+1","Pommel Strike+1","Blood for Blood+1"],"picked":"Singing Bowl","floor":38.0},{"not_picked":["Body Slam+1","Clash+1","Berserk"],"picked":"Singing Bowl","floor":38.0},{"not_picked":["Searing Blow+1","Clothesline+1"],"picked":"Sentinel","floor":40},{"not_picked":["Shrug It Off","Intimidate","Uppercut+1"],"picked":"Singing Bowl","floor":42},{"not_picked":["True Grit+1","Iron Wave+1","Anger+1"],"picked":"Singing Bowl","floor":44},{"not_picked":["Perfected Strike+1","Rampage+1","Rupture+1"],"picked":"SKIP","floor":44},{"not_picked":["Perfected Strike+1","Rampage+1","Rupture+1"],"picked":"Singing Bowl","floor":44},{"not_picked":["Clothesline+1","Thunderclap+1"],"picked":"Second Wind","floor":46},{"not_picked":["True Grit","Exhume","Anger+1"],"picked":"Singing Bowl","floor":46},{"not_picked":["Twin Strike+1","Warcry","Sever Soul+1"],"picked":"Singing Bowl","floor":47},{"not_picked":["Cleave+1","Evolve+1","Headbutt+1"],"picked":"Singing Bowl","floor":55}],"player_experience":5448729,"relics_obtained":[{"floor":6.0,"key":"Strawberry"},{"floor":8.0,"key":"Happy Flower"},{"floor":9.0,"key":"Blood Vial"},{"floor":12.0,"key":"MawBank"},{"floor":30.0,"key":"Molten Egg 2"},{"floor":40,"key":"Centennial Puzzle"},{"floor":42,"key":"Vajra"},{"floor":47,"key":"Pantograph"},{"floor":55,"key":"Orichalcum"}],"event_choices":[{"cards_removed":["Defend_R"],"damage_healed":0.0,"max_hp_gain":0.0,"max_hp_loss":0.0,"gold_gain":0.0,"event_name":"Beggar","player_choice":"Gave Gold","floor":22.0,"gold_loss":75.0,"damage_taken":0.0},{"damage_healed":67,"gold_gain":0,"player_choice":"Writhe","damage_taken":0,"max_hp_gain":0,"max_hp_loss":0,"event_name":"Winding Halls","floor":45,"gold_loss":0,"cards_obtained":["Writhe"]},{"damage_healed":0,"gold_gain":0,"player_choice":"Ignored","damage_taken":0,"max_hp_gain":0,"max_hp_loss":0,"event_name":"Tomb of Lord Red Mask","floor":48,"gold_loss":0}],"is_beta":false,"boss_relics":[{"not_picked":["Calling Bell","Eternal Feather"],"picked":"Cursed Key"},{"not_picked":["Pandora\u0027s Box","Sozu"],"picked":"Runic Pyramid"}],"items_purged_floors":[2,39,54],"is_endless":false,"potions_floor_spawned":[1,4,8,12,14,19,24,30,33,35,40,47,55],"ascension_level":20}