{"gold_per_floor":[111,111,111,129,12,12,39,39,62,62,80,99,99,99,99,178,178,178,178,78,78,78],"floor_reached":22,"playtime":486,"items_purged":["Strike_G","Defend_G"],"score":468,"play_id":"0f039c56-3214-4c28-96c2-5454bd26e48a","local_time":"20190414001734","is_ascension_mode":true,"campfire_choices":[{"floor":6.0,"key":"REST"},{"data":"Burst","floor":8.0,"key":"SMITH"},{"data":"Crippling Poison","floor":10.0,"key":"SMITH"},{"data":"Neutralize","floor":15.0,"key":"SMITH"}],"neow_cost":"NONE","seed_source_timestamp":174288842897200,"circlet_count":0,"master_deck":["AscendersBane","Defend_G","Defend_G","Defend_G","Strike_G","Strike_G","Strike_G+1","Survivor","Neutralize+1","Underhanded Strike","Deadly Poison+1","Well Laid Plans","Crippling Poison+1","Burst+1","Masterful Stab","Backflip","Sucker Punch","Venomology","PiercingWail"],"special_seed":0,"relics":["Ring of the Snake","Pen Nib","Potion Belt","Ancient Tea Set","Ectoplasm"],"potions_floor_usage":[21,21,21,22],"damage_taken":[{"damage":0.0,"enemies":"2 Louse","floor":1.0,"turns":2.0},{"damage":4.0,"enemies":"Jaw Worm","floor":4.0,"turns":3.0},{"damage":19.0,"enemies":"3 Sentries","floor":7.0,"turns":11.0},{"damage":0.0,"enemies":"Cultist","floor":11.0,"turns":2.0},{"damage":0.0,"enemies":"Lots of Slimes","floor":12.0,"turns":1.0},{"damage":0.0,"enemies":"Hexaghost","floor":16.0,"turns":7.0},{"damage":22.0,"enemies":"Shell Parasite","floor":18.0,"turns":5.0},{"damage":0.0,"enemies":"Spheric Guardian","floor":19.0,"turns":5.0},{"damage":17,"enemies":"Chosen and Byrds","floor":21,"turns":5},{"damage":15,"enemies":"Centurion and Healer","floor":22,"turns":2}],"seed_played":"-1581083862470235848","potions_obtained":[{"floor":4.0,"key":"Strength Potion"},{"floor":11.0,"key":"EssenceOfSteel"},{"floor":12.0,"key":"SteroidPotion"},{"floor":21,"key":"EssenceOfSteel"}],"is_trial":false,"path_per_floor":["M","?","?","M","$","R","E","R","T","R","M","M","?","?","R","B",null,"M","M","$","M","M"],"character_chosen":"THE_SILENT","items_purchased":["Crippling Poison"],"campfire_rested":1,"item_purchase_floors":[5],"current_hp_per_floor":[59,39,21,17,17,36,17,17,17,17,17,17,10,10,10,10,52,30,30,30,13,0],"gold":78,"neow_bonus":"THREE_CARDS","is_prod":false,"is_daily":false,"chose_seed":false,"campfire_upgraded":3,"win_rate":0,"timestamp":1555168654,"path_taken":["M","?","?","M","$","R","E","R","T","R","M","M","?","?","R","BOSS","M","M","$","M","?"],"build_version":"2019-01-23","purchased_purges":2,"victory":false,"max_hp_per_floor":[66,66,66,66,66,66,66,66,66,66,66,66,66,66,66,66,66,66,66,66,66,66],"card_choices":[{"not_picked":["Distraction","Reflex"],"picked":"Underhanded Strike","floor":0.0},{"not_picked":["Blur","Heel Hook"],"picked":"Deadly Poison","floor":1.0},{"not_picked":["Deflect","Heel Hook"],"picked":"Well Laid Plans","floor":4.0},{"not_picked":["Flying Knee","Slice"],"picked":"Burst","floor":7.0},{"not_picked":["Expertise","Blade Dance"],"picked":"Masterful Stab","floor":11.0},{"not_picked":["Slice","Well Laid Plans"],"picked":"Backflip","floor":12.0},{"not_picked":["After Image","Tools of the Trade"],"picked":"Venomology","floor":16.0},{"not_picked":["Slice","Accuracy","Dagger Throw"],"picked":"SKIP","floor":18.0},{"not_picked":["Blade Dance","Poisoned Stab","Backflip"],"picked":"SKIP","floor":19.0},{"not_picked":["Backflip","Accuracy"],"picked":"PiercingWail","floor":21}],"player_experience":4775712,"relics_obtained":[{"floor":7.0,"key":"Potion Belt"},{"floor":9.0,"key":"Ancient Tea Set"}],"event_choices":[{"damage_healed":0.0,"max_hp_gain":0.0,"max_hp_loss":0.0,"gold_gain":0.0,"event_name":"Shining Light","player_choice":"Entered Light","floor":2.0,"gold_loss":0.0,"damage_taken":20.0,"cards_upgraded":["Strike_G","Deadly Poison"]},{"damage_healed":0.0,"max_hp_gain":0.0,"max_hp_loss":0.0,"gold_gain":0.0,"event_name":"Scrap Ooze","player_choice":"Success","floor":3.0,"gold_loss":0.0,"damage_taken":18.0,"relics_obtained":["Pen Nib"]},{"cards_removed":["Strike_G"],"damage_healed":0.0,"max_hp_gain":0.0,"max_hp_loss":0.0,"gold_gain":0.0,"event_name":"Golden Wing","player_choice":"Card Removal","floor":13.0,"gold_loss":0.0,"damage_taken":7.0},{"damage_healed":0.0,"max_hp_gain":0.0,"max_hp_loss":0.0,"gold_gain":0.0,"cards_transformed":["Defend_G"],"event_name":"Transmorgrifier","player_choice":"Transformed","floor":14.0,"gold_loss":0.0,"damage_taken":0.0,"cards_obtained":["Sucker Punch"]}],"is_beta":false,"boss_relics":[{"not_picked":["Black Star","Sozu"],"picked":"Ectoplasm"}],"items_purged_floors":[5,20],"is_endless":false,"potions_floor_spawned":[4,11,12,21],"killed_by":"Centurion and Healer","ascension_level":20}