{"gold_per_floor":[111,111,91,106,125,150,165,194,219,239,239],"floor_reached":11,"playtime":564,"items_purged":[],"score":89,"play_id":"69d537a4-6f76-44b9-86ac-e5cfb187f929","local_time":"20190721210921","is_ascension_mode":true,"campfire_choices":[],"neow_cost":"NONE","seed_source_timestamp":961704551263200,"circlet_count":0,"master_deck":["Strike_G","Strike_G","Strike_G","Strike_G","Strike_G","Defend_G","Defend_G","Defend_G","Defend_G","Defend_G","Survivor","Neutralize","Regret","Injury","Choke","Bane","Well Laid Plans","Slice","Bane","Distraction","Bane"],"relics":["Calling Bell","Strawberry","Letter Opener","Ice Cream","Boot","Oddly Smooth Stone","Vajra"],"potions_floor_usage":[6,6,6,8,11],"damage_taken":[{"damage":8,"enemies":"Jaw Worm","floor":1,"turns":6},{"damage":0,"enemies":"Small Slimes","floor":4,"turns":3},{"damage":0,"enemies":"Cultist","floor":5,"turns":3},{"damage":8,"enemies":"Lagavulin","floor":6,"turns":8},{"damage":5,"enemies":"Blue Slaver","floor":7,"turns":4},{"damage":40,"enemies":"3 Sentries","floor":8,"turns":11},{"damage":15,"enemies":"Looter","floor":10,"turns":3},{"damage":2,"enemies":"Exordium Wildlife","floor":11,"turns":1}],"seed_played":"5328191991339433123","potions_obtained":[{"floor":3,"key":"Dexterity Potion"},{"floor":4,"key":"Strength Potion"},{"floor":5,"key":"SpeedPotion"},{"floor":7,"key":"GhostInAJar"},{"floor":10,"key":"FearPotion"}],"is_trial":false,"path_per_floor":["M","?","?","M","M","E","M","E","T","M","M"],"character_chosen":"THE_SILENT","items_purchased":[],"campfire_rested":0,"item_purchase_floors":[],"current_hp_per_floor":[69,69,69,69,69,61,56,16,16,1,0],"gold":239,"neow_bonus":"BOSS_RELIC","is_prod":false,"is_daily":false,"chose_seed":false,"campfire_upgraded":0,"win_rate":0,"timestamp":1563761361,"path_taken":["M","?","?","M","M","E","?","E","T","M","M"],"build_version":"2019-07-17","purchased_purges":0,"victory":false,"max_hp_per_floor":[77,77,77,77,77,77,77,77,77,77,77],"card_choices":[{"not_picked":["PiercingWail","Dagger Throw"],"picked":"Choke","floor":1},{"not_picked":["Dagger Throw","Deflect"],"picked":"Bane","floor":4},{"not_picked":["Blade Dance","Deadly Poison"],"picked":"Well Laid Plans","floor":5},{"not_picked":["Dodge and Roll","Dagger Throw"],"picked":"Slice","floor":6},{"not_picked":["Acrobatics","Slice"],"picked":"Bane","floor":7},{"not_picked":["Well Laid Plans","Footwork"],"picked":"Distraction","floor":8},{"not_picked":["Deflect","Blade Dance"],"picked":"Bane","floor":10}],"player_experience":141079,"relics_obtained":[{"floor":0,"key":"Strawberry"},{"floor":0,"key":"Letter Opener"},{"floor":0,"key":"Ice Cream"},{"floor":6,"key":"Boot"},{"floor":8,"key":"Oddly Smooth Stone"},{"floor":9,"key":"Vajra"}],"event_choices":[{"cards_removed":["Normality"],"damage_healed":0,"gold_gain":0,"player_choice":"Forget","damage_taken":0,"max_hp_gain":0,"max_hp_loss":0,"event_name":"Living Wall","floor":2,"gold_loss":0},{"damage_healed":0,"gold_gain":0,"player_choice":"Bought 1 Potion","damage_taken":0,"max_hp_gain":0,"max_hp_loss":0,"event_name":"The Woman in Blue","floor":3,"gold_loss":0}],"is_beta":false,"boss_relics":[],"items_purged_floors":[],"is_endless":false,"potions_floor_spawned":[4,5,7,10],"killed_by":"Exordium Wildlife","ascension_level":1}