{"gold_per_floor":[116,116,136,136,153,153,186,186,186,213,227,7,24,44,44,121,121,131,56,56,56,70,70,12,12,12,12,43,43,55,73,73,150,150,166,179,45,56,68,68,97,145,168,197,197,75,91,91,91,91,91,91,91,21,46,46],"floor_reached":57,"playtime":2288,"items_purged":["Strike_G","Strike_G"],"score":2855,"play_id":"7756834b-6675-4b49-a9e5-55ce28dbd91f","local_time":"20190625013722","is_ascension_mode":true,"campfire_choices":[{"data":"Skewer","floor":6.0,"key":"SMITH"},{"data":"Crippling Poison","floor":8.0,"key":"SMITH"},{"data":"Noxious Fumes","floor":15.0,"key":"SMITH"},{"data":"Noxious Fumes","floor":23.0,"key":"SMITH"},{"data":"Malaise","floor":25.0,"key":"SMITH"},{"data":"Footwork","floor":29.0,"key":"SMITH"},{"data":"Neutralize","floor":32.0,"key":"SMITH"},{"data":"Wraith Form v2","floor":40.0,"key":"SMITH"},{"floor":45.0,"key":"RECALL"},{"data":"Well Laid Plans","floor":49.0,"key":"SMITH"},{"data":"Night Terror","floor":53.0,"key":"SMITH"}],"neow_cost":"NONE","seed_source_timestamp":541391884619700,"circlet_count":0,"master_deck":["AscendersBane","Defend_G","Defend_G","Defend_G","Defend_G","Strike_G","Survivor","Neutralize+1","Cloak And Dagger","Skewer+1","Flechettes","Crippling Poison+1","Noxious Fumes+1","Dodge and Roll","Noxious Fumes+1","Malaise+1","Backflip","Footwork+1","Crippling Poison","Wraith Form v2+1","PiercingWail+1","Night Terror+1","Well Laid Plans+1","Deadly Poison+1"],"special_seed":0,"relics":["Ring of the Snake","Orichalcum","Mango","FossilizedHelix","Thread and Needle","Membership Card","Coffee Dripper","Mummified Hand","Paper Crane","Philosopher\u0027s Stone","Strawberry","Gambling Chip","Du-Vu Doll","Potion Belt","War Paint"],"potions_floor_usage":[],"damage_taken":[{"damage":1.0,"enemies":"2 Louse","floor":1.0,"turns":4.0},{"damage":3.0,"enemies":"Small Slimes","floor":3.0,"turns":6.0},{"damage":0.0,"enemies":"Cultist","floor":5.0,"turns":3.0},{"damage":16.0,"enemies":"3 Sentries","floor":7.0,"turns":11.0},{"damage":18.0,"enemies":"Lagavulin","floor":10.0,"turns":6.0},{"damage":0.0,"enemies":"Red Slaver","floor":11.0,"turns":3.0},{"damage":0.0,"enemies":"2 Fungi Beasts","floor":13.0,"turns":2.0},{"damage":0.0,"enemies":"Looter","floor":14.0,"turns":3.0},{"damage":14.0,"enemies":"The Guardian","floor":16.0,"turns":11.0},{"damage":0.0,"enemies":"2 Thieves","floor":18.0,"turns":5.0},{"damage":0.0,"enemies":"Shell Parasite","floor":22.0,"turns":6.0},{"damage":0.0,"enemies":"Slavers","floor":28.0,"turns":5.0},{"damage":0.0,"enemies":"Snake Plant","floor":30.0,"turns":7.0},{"damage":0.0,"enemies":"3 Cultists","floor":31.0,"turns":4.0},{"damage":0.0,"enemies":"Collector","floor":33.0,"turns":9.0},{"damage":8.0,"enemies":"3 Shapes","floor":35.0,"turns":6.0},{"damage":4.0,"enemies":"3 Darklings","floor":36.0,"turns":4.0},{"damage":0.0,"enemies":"Writhing Mass","floor":38.0,"turns":8.0},{"damage":0.0,"enemies":"Maw","floor":39.0,"turns":9.0},{"damage":0.0,"enemies":"Giant Head","floor":41.0,"turns":11.0},{"damage":0.0,"enemies":"2 Orb Walkers","floor":42.0,"turns":5.0},{"damage":14.0,"enemies":"Nemesis","floor":44.0,"turns":9.0},{"damage":0.0,"enemies":"Transient","floor":47.0,"turns":6.0},{"damage":16.0,"enemies":"Awakened One","floor":50.0,"turns":18.0},{"damage":4.0,"enemies":"Donu and Deca","floor":51.0,"turns":11.0},{"damage":5.0,"enemies":"Shield and Spear","floor":55.0,"turns":7.0},{"damage":60,"enemies":"The Heart","floor":56,"turns":14}],"seed_played":"1433814077633032709","potions_obtained":[{"floor":3.0,"key":"SteroidPotion"},{"floor":13.0,"key":"Energy Potion"},{"floor":14.0,"key":"AttackPotion"},{"floor":22.0,"key":"Strength Potion"},{"floor":28.0,"key":"SpeedPotion"},{"floor":30.0,"key":"Dexterity Potion"},{"floor":36.0,"key":"LiquidBronze"},{"floor":38.0,"key":"Weak Potion"},{"floor":41.0,"key":"Swift Potion"}],"is_trial":false,"path_per_floor":["M","?","M","?","M","R","E","R","T","E","M","$","M","M","R","B",null,"M","?","?","?","M","R","$","R","T","?","E","R","M","M","R","B",null,"M","M","$","M","M","R","E","?","T","E","R","$","M","?","R","B","B",null,"R","$","E","B",null],"character_chosen":"THE_SILENT","items_purchased":["Membership Card","Footwork","Strawberry","Night Terror","GhostInAJar","Deadly Poison","Swift Potion","SpeedPotion"],"campfire_rested":0,"item_purchase_floors":[12,24,37,46,46,54,54,54],"current_hp_per_floor":[58,63,60,53,53,53,51,51,51,33,33,33,33,33,33,19,69,69,69,69,69,69,69,69,69,69,69,69,69,69,69,69,69,81,73,69,76,76,76,76,76,76,76,62,62,62,62,62,62,46,42,80,80,80,75,15],"gold":46,"neow_bonus":"RANDOM_COMMON_RELIC","is_prod":false,"is_daily":false,"chose_seed":false,"campfire_upgraded":10,"win_rate":0,"timestamp":1561394242,"path_taken":["M","?","M","?","M","R","E","R","T","E","M","$","M","M","R","BOSS","M","?","?","?","?","R","?","R","T","?","E","R","M","M","R","BOSS","M","M","$","M","M","R","E","?","T","E","R","$","M","?","R","BOSS","BOSS","R","$","E","BOSS"],"build_version":"2019-01-23","purchased_purges":2,"victory":true,"max_hp_per_floor":[66,71,71,71,71,71,85,85,85,85,85,85,85,85,85,85,85,85,85,85,85,85,85,85,85,85,85,85,85,85,85,85,85,85,85,85,92,92,92,92,92,92,92,92,92,92,92,92,92,92,92,92,92,92,92,92],"card_choices":[{"not_picked":["Infinite Blades","Outmaneuver"],"picked":"Cloak And Dagger","floor":1.0},{"not_picked":["Backflip","Blade Dance"],"picked":"Skewer","floor":3.0},{"not_picked":["Dodge and Roll","Burst"],"picked":"Flechettes","floor":5.0},{"not_picked":["Cloak And Dagger","Endless Agony"],"picked":"Crippling Poison","floor":7.0},{"not_picked":["Blade Dance","Storm of Steel","Slice"],"picked":"SKIP","floor":10.0},{"not_picked":["Choke","Blade Dance"],"picked":"Noxious Fumes","floor":11.0},{"not_picked":["Concentrate","Blade Dance"],"picked":"Dodge and Roll","floor":13.0},{"not_picked":["Dagger Throw","Predator"],"picked":"Noxious Fumes","floor":14.0},{"not_picked":["Die Die Die","Tools of the Trade"],"picked":"Malaise","floor":16.0},{"not_picked":["Acrobatics","Riddle With Holes","Poisoned Stab"],"picked":"SKIP","floor":18.0},{"not_picked":["Dodge and Roll","Cloak And Dagger"],"picked":"Backflip","floor":22.0},{"not_picked":["Concentrate","Flechettes","Bane"],"picked":"SKIP","floor":28.0},{"not_picked":["Glass Knife","Dodge and Roll"],"picked":"Crippling Poison","floor":30.0},{"not_picked":["Blade Dance","Tactician","Caltrops+1"],"picked":"SKIP","floor":31.0},{"not_picked":["A Thousand Cuts","Malaise"],"picked":"Wraith Form v2","floor":33.0},{"not_picked":["Expertise","Dagger Spray","Deflect"],"picked":"SKIP","floor":35.0},{"not_picked":["Sucker Punch","Underhanded Strike+1","Poisoned Stab+1"],"picked":"SKIP","floor":36.0},{"not_picked":["Dagger Spray","Storm of Steel","Quick Slash+1"],"picked":"SKIP","floor":38.0},{"not_picked":["Dagger Spray","Storm of Steel","Quick Slash+1"],"picked":"SKIP","floor":38.0},{"not_picked":["Dagger Spray","Storm of Steel","Quick Slash+1"],"picked":"SKIP","floor":38.0},{"not_picked":["Heel Hook","Reflex","Sucker Punch"],"picked":"SKIP","floor":39.0},{"not_picked":["Cloak And Dagger+1","Reflex"],"picked":"PiercingWail","floor":41.0},{"not_picked":["Blade Dance","Dagger Spray","Dodge and Roll"],"picked":"SKIP","floor":44.0},{"not_picked":["Blade Dance","Dagger Spray","Dodge and Roll"],"picked":"SKIP","floor":44.0},{"not_picked":["Crippling Poison","Flying Knee"],"picked":"Well Laid Plans","floor":47.0},{"not_picked":["Finisher+1","Well Laid Plans","Slice+1"],"picked":"SKIP","floor":55.0}],"player_experience":5482313,"relics_obtained":[{"floor":7.0,"key":"Mango"},{"floor":9.0,"key":"FossilizedHelix"},{"floor":10.0,"key":"Thread and Needle"},{"floor":26.0,"key":"Mummified Hand"},{"floor":28.0,"key":"Paper Crane"},{"floor":41.0,"key":"Gambling Chip"},{"floor":42.0,"key":"Du-Vu Doll"},{"floor":44.0,"key":"Potion Belt"},{"floor":55.0,"key":"War Paint"}],"event_choices":[{"damage_healed":0.0,"max_hp_gain":5.0,"max_hp_loss":0.0,"gold_gain":0.0,"event_name":"Big Fish","player_choice":"Donut","floor":2.0,"gold_loss":0.0,"damage_taken":0.0},{"cards_removed":["Strike_G"],"damage_healed":0.0,"max_hp_gain":0.0,"max_hp_loss":0.0,"gold_gain":0.0,"event_name":"Golden Wing","player_choice":"Card Removal","floor":4.0,"gold_loss":0.0,"damage_taken":7.0},{"cards_removed":["Defend_G"],"damage_healed":0.0,"max_hp_gain":0.0,"max_hp_loss":0.0,"gold_gain":0.0,"event_name":"Beggar","player_choice":"Gave Gold","floor":19.0,"gold_loss":75.0,"damage_taken":0.0},{"damage_healed":0.0,"max_hp_gain":0.0,"max_hp_loss":0.0,"gold_gain":0.0,"event_name":"Vampires","player_choice":"Ignored","floor":20.0,"gold_loss":0.0,"damage_taken":0.0},{"cards_removed":["Strike_G"],"damage_healed":0.0,"max_hp_gain":0.0,"max_hp_loss":0.0,"gold_gain":0.0,"event_name":"Bonfire Elementals","player_choice":"Offered Basic","floor":21.0,"gold_loss":0.0,"damage_taken":0.0},{"damage_healed":0.0,"max_hp_gain":0.0,"max_hp_loss":0.0,"gold_gain":0.0,"event_name":"The Mausoleum","player_choice":"Ignored","floor":27.0,"gold_loss":0.0,"damage_taken":0.0},{"damage_healed":0.0,"max_hp_gain":0.0,"max_hp_loss":0.0,"gold_gain":0.0,"event_name":"Mysterious Sphere","player_choice":"Fight","floor":42.0,"gold_loss":0.0,"damage_taken":0.0},{"damage_healed":0.0,"max_hp_gain":0.0,"max_hp_loss":0.0,"gold_gain":0.0,"event_name":"SecretPortal","player_choice":"Ignored","floor":48.0,"gold_loss":0.0,"damage_taken":0.0}],"is_beta":false,"boss_relics":[{"not_picked":["Orrery","Empty Cage"],"picked":"Coffee Dripper"},{"not_picked":["Calling Bell","HoveringKite"],"picked":"Philosopher\u0027s Stone"}],"items_purged_floors":[24,37],"is_endless":false,"potions_floor_spawned":[3,13,14,22,28,30,36,38,41],"ascension_level":20}