{"gold_per_floor":[115,135,135,153,170,201,201,211,211,230,249,261,278,278,278,350,350,360,379,391,58,75,75,88,88,88,88,88,114,114,144,144,219,219,231,244,244,244,144,144,162,162,162,162,177,191,191,217,217,217,217],"floor_reached":51,"playtime":1713,"items_purged":["Strike_G","Strike_G+1"],"score":1381,"play_id":"c388eae5-6e19-4b6d-9a48-665f30da9185","local_time":"20190420032433","is_ascension_mode":true,"campfire_choices":[{"floor":7.0,"key":"REST"},{"data":"Catalyst","floor":15.0,"key":"SMITH"},{"floor":23.0,"key":"REST"},{"data":"Crippling Poison","floor":25.0,"key":"SMITH"},{"floor":27.0,"key":"REST"},{"data":"Crippling Poison","floor":32.0,"key":"SMITH"},{"data":"Catalyst","floor":40.0,"key":"SMITH"},{"data":"Malaise","floor":42.0,"key":"SMITH"},{"data":"Bouncing Flask","floor":44.0,"key":"SMITH"},{"floor":47.0,"key":"RECALL"},{"floor":49.0,"key":"REST"}],"neow_cost":"NONE","seed_source_timestamp":269583802689399,"circlet_count":0,"master_deck":["AscendersBane","Defend_G+1","Defend_G+1","Defend_G+1","Defend_G+1","Defend_G+1","Strike_G+1","Strike_G+1","Strike_G+1","Survivor","Neutralize","Blade Dance","Bouncing Flask+1","Backstab","Blur","Dagger Spray","Cloak And Dagger","Noxious Fumes+1","Escape Plan","Catalyst+1","Adrenaline","Crippling Poison+1","Prepared+1","Catalyst+1","Backstab","Crippling Poison+1","Escape Plan","Malaise+1","Catalyst+1","Flash of Steel","Normality","Well Laid Plans","Catalyst"],"special_seed":0,"relics":["Ring of the Snake","CultistMask","Pen Nib","Nunchaku","WristBlade","DollysMirror","Turnip","Red Mask","Meat on the Bone","Cursed Key","Incense Burner"],"potions_floor_usage":[51],"damage_taken":[{"damage":3.0,"enemies":"Jaw Worm","floor":1.0,"turns":4.0},{"damage":4.0,"enemies":"Cultist","floor":2.0,"turns":4.0},{"damage":2.0,"enemies":"Small Slimes","floor":4.0,"turns":3.0},{"damage":2.0,"enemies":"2 Fungi Beasts","floor":5.0,"turns":3.0},{"damage":49.0,"enemies":"3 Sentries","floor":6.0,"turns":15.0},{"damage":9.0,"enemies":"Blue Slaver","floor":8.0,"turns":4.0},{"damage":0.0,"enemies":"Lots of Slimes","floor":10.0,"turns":4.0},{"damage":0.0,"enemies":"Gremlin Gang","floor":11.0,"turns":7.0},{"damage":3.0,"enemies":"Large Slime","floor":12.0,"turns":4.0},{"damage":0.0,"enemies":"Blue Slaver","floor":13.0,"turns":4.0},{"damage":1.0,"enemies":"Hexaghost","floor":16.0,"turns":7.0},{"damage":23.0,"enemies":"Shell Parasite","floor":18.0,"turns":4.0},{"damage":6.0,"enemies":"3 Byrds","floor":19.0,"turns":4.0},{"damage":0.0,"enemies":"Centurion and Healer","floor":20.0,"turns":4.0},{"damage":9.0,"enemies":"Snecko","floor":22.0,"turns":4.0},{"damage":21.0,"enemies":"Shelled Parasite and Fungi","floor":24.0,"turns":4.0},{"damage":0.0,"enemies":"Masked Bandits","floor":29.0,"turns":2.0},{"damage":16.0,"enemies":"Slavers","floor":31.0,"turns":5.0},{"damage":6.0,"enemies":"Automaton","floor":33.0,"turns":8.0},{"damage":3.0,"enemies":"Orb Walker","floor":35.0,"turns":3.0},{"damage":25.0,"enemies":"3 Darklings","floor":36.0,"turns":5.0},{"damage":0.0,"enemies":"Sphere and 2 Shapes","floor":41.0,"turns":3.0},{"damage":30.0,"enemies":"Spire Growth","floor":45.0,"turns":4.0},{"damage":11.0,"enemies":"3 Darklings","floor":46.0,"turns":5.0},{"damage":16.0,"enemies":"Nemesis","floor":48.0,"turns":5.0},{"damage":42.0,"enemies":"Time Eater","floor":50.0,"turns":7.0},{"damage":22,"enemies":"Donu and Deca","floor":51,"turns":3}],"seed_played":"-3394811420190954216","potions_obtained":[{"floor":5.0,"key":"GamblersBrew"},{"floor":8.0,"key":"GhostInAJar"},{"floor":12.0,"key":"Explosive Potion"},{"floor":20.0,"key":"GhostInAJar"},{"floor":22.0,"key":"GhostInAJar"},{"floor":29.0,"key":"PowerPotion"},{"floor":33.0,"key":"Block Potion"},{"floor":41.0,"key":"PowerPotion"}],"is_trial":false,"path_per_floor":["M","M","?","M","M","E","R","M","T","M","M","M","M","?","R","B",null,"M","M","M","$","M","R","M","R","T","R","?","?","?","E","R","B",null,"M","M","?","?","$","R","M","R","T","R","M","M","R","E","R","B","B"],"character_chosen":"THE_SILENT","items_purchased":["DollysMirror","Backstab"],"campfire_rested":4,"item_purchase_floors":[21,21],"current_hp_per_floor":[62,58,58,56,54,5,26,17,17,17,17,14,14,14,14,13,57,34,28,28,28,19,40,19,19,19,40,40,40,40,24,24,30,62,59,46,46,36,36,36,48,48,48,48,30,31,31,27,48,18,0],"gold":217,"neow_bonus":"TEN_PERCENT_HP_BONUS","is_prod":false,"is_daily":false,"chose_seed":false,"campfire_upgraded":6,"win_rate":0,"timestamp":1555698273,"path_taken":["M","M","?","M","M","E","R","M","T","M","?","M","M","?","R","BOSS","M","M","M","?","M","R","M","R","T","R","?","?","?","E","R","BOSS","M","M","?","?","?","R","M","R","T","R","?","?","R","E","R","BOSS","BOSS"],"build_version":"2019-01-23","purchased_purges":2,"victory":false,"max_hp_per_floor":[72,72,72,72,72,72,72,72,72,72,72,72,72,72,72,72,72,72,72,72,72,72,72,72,72,72,72,72,72,72,72,72,72,72,72,72,72,72,72,72,72,72,72,72,72,72,72,72,72,72,72],"card_choices":[{"not_picked":["Slice","Sucker Punch"],"picked":"Blade Dance","floor":1.0},{"not_picked":["Blade Dance","Dagger Throw"],"picked":"Bouncing Flask","floor":2.0},{"not_picked":["Acrobatics","Cloak And Dagger"],"picked":"Backstab","floor":4.0},{"not_picked":["Deflect","Prepared"],"picked":"Blur","floor":5.0},{"not_picked":["Outmaneuver","Bouncing Flask"],"picked":"Dagger Spray","floor":6.0},{"not_picked":["Dodge and Roll","Backflip"],"picked":"Cloak And Dagger","floor":8.0},{"not_picked":["Poisoned Stab","Flying Knee"],"picked":"Noxious Fumes","floor":10.0},{"not_picked":["Outmaneuver","Envenom"],"picked":"Backstab","floor":11.0},{"not_picked":["Outmaneuver","Finisher"],"picked":"Escape Plan","floor":12.0},{"not_picked":["Blade Dance","Backflip"],"picked":"Catalyst","floor":13.0},{"not_picked":["Wraith Form v2","Doppelganger"],"picked":"Adrenaline","floor":16.0},{"not_picked":["Flying Knee","Dodge and Roll","Predator"],"picked":"SKIP","floor":18.0},{"not_picked":["Slice","Sucker Punch"],"picked":"Crippling Poison","floor":19.0},{"not_picked":["Bane","Leg Sweep"],"picked":"Prepared+1","floor":20.0},{"not_picked":["Dagger Throw","Quick Slash","Dagger Spray"],"picked":"SKIP","floor":22.0},{"not_picked":["Poisoned Stab","Terror"],"picked":"Crippling Poison","floor":24.0},{"not_picked":["Skewer","Endless Agony"],"picked":"Escape Plan","floor":29.0},{"not_picked":["Expertise","Concentrate","Accuracy+1"],"picked":"SKIP","floor":31.0},{"not_picked":["Expertise","Concentrate","Accuracy+1"],"picked":"SKIP","floor":31.0},{"not_picked":["Bullet Time","Die Die Die"],"picked":"Malaise","floor":33.0},{"not_picked":["Outmaneuver","Quick Slash","Bane"],"picked":"SKIP","floor":35.0},{"not_picked":["Poisoned Stab+1","Prepared"],"picked":"Catalyst","floor":36.0},{"not_picked":["Dramatic Entrance","Madness"],"picked":"Flash of Steel","floor":38.0},{"not_picked":["Bane+1","Dodge and Roll+1","Dagger Throw"],"picked":"SKIP","floor":41.0},{"not_picked":["Infinite Blades","Dagger Spray+1"],"picked":"Well Laid Plans","floor":45.0},{"not_picked":["Bane","Cloak And Dagger","Dagger Throw"],"picked":"SKIP","floor":46.0},{"not_picked":["Backstab","Expertise"],"picked":"Catalyst","floor":48.0}],"player_experience":4849061,"relics_obtained":[{"floor":6.0,"key":"Pen Nib"},{"floor":9.0,"key":"Nunchaku"},{"floor":26.0,"key":"Turnip"},{"floor":29.0,"key":"Red Mask"},{"floor":31.0,"key":"Meat on the Bone"},{"floor":48.0,"key":"Incense Burner"}],"event_choices":[{"damage_healed":0.0,"max_hp_gain":0.0,"max_hp_loss":0.0,"gold_gain":0.0,"event_name":"FaceTrader","player_choice":"Trade","floor":3.0,"gold_loss":0.0,"damage_taken":0.0,"relics_obtained":["CultistMask"]},{"damage_healed":0.0,"max_hp_gain":0.0,"max_hp_loss":0.0,"gold_gain":0.0,"event_name":"Accursed Blacksmith","player_choice":"Forge","floor":14.0,"gold_loss":0.0,"damage_taken":0.0,"cards_upgraded":["Noxious Fumes"]},{"damage_healed":0.0,"max_hp_gain":0.0,"max_hp_loss":0.0,"gold_gain":0.0,"event_name":"Back to Basics","player_choice":"Simplicity","floor":28.0,"gold_loss":0.0,"damage_taken":0.0,"cards_upgraded":["Defend_G","Defend_G","Defend_G","Defend_G","Defend_G","Strike_G","Strike_G","Strike_G","Strike_G"]},{"damage_healed":0.0,"max_hp_gain":0.0,"max_hp_loss":0.0,"gold_gain":0.0,"event_name":"Masked Bandits","player_choice":"Fought Bandits","floor":29.0,"gold_loss":0.0,"damage_taken":0.0},{"damage_healed":0.0,"max_hp_gain":0.0,"max_hp_loss":0.0,"gold_gain":0.0,"event_name":"The Mausoleum","player_choice":"Ignored","floor":30.0,"gold_loss":0.0,"damage_taken":0.0},{"cards_removed":["Backstab"],"damage_healed":0.0,"max_hp_gain":0.0,"max_hp_loss":0.0,"gold_gain":0.0,"event_name":"Falling","player_choice":"Removed Attack","floor":37.0,"gold_loss":0.0,"damage_taken":0.0},{"damage_healed":0.0,"max_hp_gain":0.0,"max_hp_loss":0.0,"gold_gain":0.0,"event_name":"SensoryStone","player_choice":"Memory 3","floor":38.0,"gold_loss":0.0,"damage_taken":10.0}],"is_beta":false,"boss_relics":[{"not_picked":["Lizard Tail","Coffee Dripper"],"picked":"WristBlade"},{"not_picked":["Eternal Feather","Pandora\u0027s Box"],"picked":"Cursed Key"}],"items_purged_floors":[21,39],"is_endless":false,"potions_floor_spawned":[5,8,12,16,20,22,29,33,41],"killed_by":"Donu and Deca","ascension_level":20}