{"gold_per_floor":[116,131,306,306,317,317,348,348,372,391,466,466,499,522,522,617,617,628,645,645],"floor_reached":20,"playtime":1234,"items_purged":[],"score":191,"play_id":"e25e155c-3f7c-4191-abe9-6a3b1bd30825","local_time":"20190720174735","is_ascension_mode":true,"campfire_choices":[{"floor":6,"key":"RECALL"},{"floor":8,"key":"REST"},{"floor":12,"key":"REST"},{"floor":15,"key":"REST"}],"neow_cost":"NONE","seed_source_timestamp":862527310098900,"circlet_count":0,"master_deck":["Strike_B","Strike_B","Strike_B","Strike_B","Defend_B","Defend_B","Defend_B","Zap","Dualcast","Storm","Coolheaded","Doubt","Blizzard","Double Energy","Thunder Strike","Conserve Battery","Leap","Multi-Cast","Ball Lightning","White Noise+1"],"relics":["Cracked Core","Centennial Puzzle","Vajra","Lantern","Lizard Tail"],"potions_floor_usage":[7,16,18,19,20],"damage_taken":[{"damage":0,"enemies":"Cultist","floor":1,"turns":3},{"damage":0,"enemies":"2 Louse","floor":2,"turns":2},{"damage":6,"enemies":"Small Slimes","floor":5,"turns":4},{"damage":51,"enemies":"Lagavulin","floor":7,"turns":12},{"damage":10,"enemies":"Looter","floor":10,"turns":4},{"damage":42,"enemies":"3 Sentries","floor":13,"turns":9},{"damage":14,"enemies":"The Guardian","floor":16,"turns":12},{"damage":51,"enemies":"3 Byrds","floor":18,"turns":7},{"damage":7,"enemies":"Shell Parasite","floor":19,"turns":14},{"damage":58,"enemies":"Centurion and Healer","floor":20,"turns":11}],"seed_played":"7436511247478512188","potions_obtained":[{"floor":1,"key":"SpeedPotion"},{"floor":13,"key":"PowerPotion"},{"floor":16,"key":"LiquidBronze"},{"floor":18,"key":"Block Potion"},{"floor":19,"key":"LiquidBronze"}],"is_trial":false,"path_per_floor":["M","M","?","?","M","R","E","R","T","M","?","R","E","T","R","B",null,"M","M","M"],"character_chosen":"DEFECT","items_purchased":[],"campfire_rested":3,"item_purchase_floors":[],"current_hp_per_floor":[82,82,82,82,76,76,25,49,49,39,28,52,10,10,34,20,82,31,24,13],"gold":645,"neow_bonus":"TEN_PERCENT_HP_BONUS","is_prod":false,"is_daily":false,"chose_seed":false,"campfire_upgraded":0,"win_rate":0,"timestamp":1563662855,"path_taken":["M","?","?","?","M","R","E","R","T","M","?","R","E","?","R","BOSS","M","M","?"],"build_version":"2019-07-17","purchased_purges":0,"victory":false,"max_hp_per_floor":[82,82,82,82,82,82,82,82,82,82,82,82,82,82,82,82,82,82,82,82],"card_choices":[{"not_picked":["Beam Cell","Darkness"],"picked":"Storm","floor":1},{"not_picked":["Reprogram","Go for the Eyes"],"picked":"Coolheaded","floor":2},{"not_picked":["Rebound","Gash"],"picked":"Double Energy","floor":5},{"not_picked":["Buffer","Cold Snap"],"picked":"Thunder Strike","floor":7},{"not_picked":["Stack","Aggregate"],"picked":"Conserve Battery","floor":10},{"not_picked":["Beam Cell","Sweeping Beam"],"picked":"Leap","floor":13},{"not_picked":["Amplify","Hyperbeam"],"picked":"Multi-Cast","floor":16},{"not_picked":["Hologram","Gash"],"picked":"Ball Lightning","floor":18},{"not_picked":["Blizzard","Cold Snap+1"],"picked":"White Noise+1","floor":19}],"player_experience":120905,"relics_obtained":[{"floor":7,"key":"Centennial Puzzle"},{"floor":9,"key":"Vajra"},{"floor":13,"key":"Lantern"}],"event_choices":[{"damage_healed":0,"gold_gain":175,"player_choice":"AGREE","damage_taken":0,"max_hp_gain":0,"max_hp_loss":0,"event_name":"Liars Game","floor":3,"gold_loss":0,"cards_obtained":["Doubt"]},{"damage_healed":0,"gold_gain":0,"cards_transformed":["Defend_B"],"player_choice":"Change","damage_taken":0,"max_hp_gain":0,"max_hp_loss":0,"event_name":"Living Wall","floor":4,"gold_loss":0,"cards_obtained":["Blizzard"]},{"damage_healed":0,"gold_gain":75,"player_choice":"Gather Gold","damage_taken":11,"max_hp_gain":0,"max_hp_loss":0,"event_name":"World of Goop","floor":11,"gold_loss":0}],"is_beta":false,"boss_relics":[{"not_picked":["Black Star","Coffee Dripper"],"picked":"Lizard Tail"}],"items_purged_floors":[],"is_endless":false,"potions_floor_spawned":[1,13,16,18,19],"killed_by":"Centurion and Healer","ascension_level":1}