{"gold_per_floor":[17,17,36,54,54,66,111,123,187,210,235,265,277,23,23,99,99,118,118,118,128,128,153,78,92,92,109,109,135,135,80,80,152,152,165,184,284,296,296,323,323,349,398,412,146,180,200,220,220,220,220,220,220,41,75,75],"floor_reached":57,"playtime":2006,"items_purged":["Strike_G","Masterful Stab+1"],"score":2939,"play_id":"88828765-16d2-486a-aa21-6ec5ce14406b","local_time":"20190709030756","is_ascension_mode":true,"campfire_choices":[{"data":"Catalyst","floor":6,"key":"SMITH"},{"floor":8,"key":"REST"},{"data":"Crippling Poison","floor":13,"key":"SMITH"},{"data":"Deadly Poison","floor":15,"key":"SMITH"},{"data":"Strike_G+1","floor":30,"key":"PURGE"},{"data":"Defend_G+1","floor":32,"key":"PURGE"},{"floor":41,"key":"RECALL"},{"floor":49,"key":"REST"},{"data":"Corpse Explosion","floor":53,"key":"PURGE"}],"neow_cost":"NO_GOLD","seed_source_timestamp":532174738756599,"circlet_count":0,"master_deck":["AscendersBane","Defend_G+1","Defend_G+1","Survivor","Neutralize","Predator+1","Crippling Poison+1","Catalyst+1","Deflect","Deadly Poison+1","Bouncing Flask","After Image","Backflip","Corpse Explosion","PiercingWail","Catalyst+1","Tactician+1","Blur","Malaise","Doppelganger+1","PiercingWail","Acrobatics","Malaise","Calculated Gamble","Footwork","Deadly Poison+1","Backflip+1","Wraith Form v2","Backflip"],"relics":["Ring of the Snake","MawBank","Bag of Marbles","Oddly Smooth Stone","Snake Skull","Fusion Hammer","Whetstone","Matryoshka","Letter Opener","Peace Pipe","Tiny Chest","Astrolabe","Prayer Wheel","Ancient Tea Set","Incense Burner","Juzu Bracelet","Lantern","Centennial Puzzle","Bronze Scales","Turnip"],"potions_floor_usage":[16,23,40,56,56],"damage_taken":[{"damage":2,"enemies":"2 Louse","floor":1,"turns":5},{"damage":1,"enemies":"Small Slimes","floor":3,"turns":3},{"damage":6,"enemies":"Cultist","floor":4,"turns":4},{"damage":20,"enemies":"Lagavulin","floor":7,"turns":5},{"damage":6,"enemies":"Blue Slaver","floor":10,"turns":4},{"damage":6,"enemies":"Large Slime","floor":11,"turns":8},{"damage":2,"enemies":"Looter","floor":12,"turns":3},{"damage":8,"enemies":"Slime Boss","floor":16,"turns":5},{"damage":5,"enemies":"2 Thieves","floor":18,"turns":3},{"damage":0,"enemies":"Chosen","floor":21,"turns":3},{"damage":0,"enemies":"Gremlin Leader","floor":23,"turns":5},{"damage":1,"enemies":"Centurion and Healer","floor":25,"turns":4},{"damage":0,"enemies":"Snake Plant","floor":27,"turns":3},{"damage":4,"enemies":"Book of Stabbing","floor":29,"turns":4},{"damage":9,"enemies":"Champ","floor":33,"turns":5},{"damage":0,"enemies":"3 Shapes","floor":35,"turns":2},{"damage":0,"enemies":"Orb Walker","floor":36,"turns":3},{"damage":0,"enemies":"Mind Bloom Boss Battle","floor":37,"turns":3},{"damage":11,"enemies":"Maw","floor":38,"turns":5},{"damage":1,"enemies":"Reptomancer","floor":40,"turns":5},{"damage":22,"enemies":"Nemesis","floor":42,"turns":5},{"damage":0,"enemies":"Transient","floor":44,"turns":6},{"damage":0,"enemies":"Giant Head","floor":46,"turns":5},{"damage":0,"enemies":"Writhing Mass","floor":47,"turns":3},{"damage":0,"enemies":"Spire Growth","floor":48,"turns":3},{"damage":20,"enemies":"Awakened One","floor":50,"turns":12},{"damage":5,"enemies":"Donu and Deca","floor":51,"turns":4},{"damage":0,"enemies":"Shield and Spear","floor":55,"turns":7},{"damage":3,"enemies":"The Heart","floor":56,"turns":6}],"seed_played":"1452589635620436847","potions_obtained":[{"floor":1,"key":"Swift Potion"},{"floor":7,"key":"Weak Potion"},{"floor":16,"key":"LiquidBronze"},{"floor":21,"key":"Regen Potion"},{"floor":27,"key":"FairyPotion"},{"floor":42,"key":"GamblersBrew"},{"floor":47,"key":"GhostInAJar"}],"is_trial":false,"path_per_floor":["M","?","M","M","?","R","E","R","T","M","M","M","R","$","R","B",null,"M","?","?","M","?","E","?","M","T","M","T","E","R","?","R","B",null,"M","M","?","M","?","E","R","E","T","M","$","E","M","M","R","B","B",null,"R","$","E","B",null],"character_chosen":"THE_SILENT","items_purchased":["Snake Skull","Backflip","Centennial Puzzle","Wraith Form v2"],"campfire_rested":2,"item_purchase_floors":[14,14,45,54],"current_hp_per_floor":[57,57,56,50,32,32,12,31,31,25,19,17,17,17,17,9,52,47,47,47,47,47,61,61,60,60,60,60,56,56,56,56,47,61,61,61,61,50,50,49,49,27,27,27,27,27,27,27,46,26,21,55,55,55,55,52],"gold":75,"neow_bonus":"THREE_RARE_CARDS","is_prod":false,"is_daily":false,"chose_seed":false,"campfire_upgraded":3,"win_rate":0,"timestamp":1562609276,"path_taken":["M","?","M","M","?","R","E","R","T","M","M","M","R","$","R","BOSS","M","?","?","?","?","E","?","M","T","M","?","E","R","?","R","BOSS","M","M","?","M","?","E","R","E","T","M","?","E","M","M","R","BOSS","BOSS","R","$","E","BOSS"],"build_version":"2019-07-05","purchased_purges":2,"victory":true,"max_hp_per_floor":[66,66,66,66,66,66,66,66,66,66,66,66,66,66,66,66,66,66,66,66,66,66,66,66,66,66,66,66,66,66,66,66,66,66,66,66,66,66,66,66,66,66,66,66,66,66,66,66,66,66,66,66,66,66,66,66],"card_choices":[{"not_picked":["Envenom","Unload"],"picked":"Corpse Explosion","floor":0},{"not_picked":["Reflex","Prepared"],"picked":"Slice","floor":1},{"not_picked":["Deflect","Choke"],"picked":"Crippling Poison","floor":3},{"not_picked":["Deflect","Dagger Throw"],"picked":"Catalyst","floor":4},{"not_picked":["Poisoned Stab","Blade Dance"],"picked":"Deflect","floor":7},{"not_picked":["PiercingWail","Blur"],"picked":"Deadly Poison","floor":10},{"not_picked":["Bane","Caltrops"],"picked":"Bouncing Flask","floor":11},{"not_picked":["Poisoned Stab","All Out Attack"],"picked":"After Image","floor":12},{"not_picked":["Envenom","Die Die Die"],"picked":"Corpse Explosion","floor":16},{"not_picked":["Dagger Throw","Cloak And Dagger"],"picked":"PiercingWail","floor":18},{"not_picked":["Slice","Backflip"],"picked":"Tactician+1","floor":21},{"not_picked":["Sucker Punch","Outmaneuver"],"picked":"Blur","floor":23},{"not_picked":["Deflect","Slice","Finisher"],"picked":"SKIP","floor":25},{"not_picked":["Dagger Throw","Dagger Spray","Accuracy"],"picked":"SKIP","floor":27},{"not_picked":["Dodge and Roll","All Out Attack","Concentrate+1"],"picked":"SKIP","floor":29},{"not_picked":["Glass Knife","Unload"],"picked":"Malaise","floor":33},{"not_picked":["Quick Slash","Terror","Deflect"],"picked":"SKIP","floor":35},{"not_picked":["Skewer","Phantasmal Killer"],"picked":"PiercingWail","floor":36},{"not_picked":["Bane","Deadly Poison"],"picked":"Acrobatics","floor":38},{"not_picked":["Corpse Explosion","Crippling Poison","Bouncing Flask+1"],"picked":"SKIP","floor":38},{"not_picked":["Acrobatics","Cloak And Dagger","Envenom"],"picked":"SKIP","floor":40},{"not_picked":["Dagger Throw+1","PiercingWail"],"picked":"Malaise","floor":42},{"not_picked":["Quick Slash","Riddle With Holes","Slice"],"picked":"SKIP","floor":44},{"not_picked":["Escape Plan","Riddle With Holes","Tactician+1"],"picked":"SKIP","floor":44},{"not_picked":["Outmaneuver","Dodge and Roll+1"],"picked":"Calculated Gamble","floor":46},{"not_picked":["Poisoned Stab","Tactician"],"picked":"Footwork","floor":47},{"not_picked":["Noxious Fumes+1","Distraction+1","Blade Dance"],"picked":"SKIP","floor":47},{"not_picked":["Slice","Dagger Throw"],"picked":"Deadly Poison+1","floor":48},{"not_picked":["Choke","Flying Knee"],"picked":"Backflip+1","floor":48},{"not_picked":["Choke","Blade Dance"],"picked":"Backflip","floor":55}],"player_experience":5627960,"relics_obtained":[{"floor":7,"key":"Bag of Marbles"},{"floor":9,"key":"Oddly Smooth Stone"},{"floor":23,"key":"Whetstone"},{"floor":26,"key":"Matryoshka"},{"floor":28,"key":"Letter Opener"},{"floor":29,"key":"Peace Pipe"},{"floor":37,"key":"Prayer Wheel"},{"floor":40,"key":"Ancient Tea Set"},{"floor":42,"key":"Incense Burner"},{"floor":43,"key":"Juzu Bracelet"},{"floor":43,"key":"Lantern"},{"floor":46,"key":"Bronze Scales"},{"floor":55,"key":"Turnip"}],"event_choices":[{"damage_healed":0,"gold_gain":0,"cards_transformed":["Strike_G"],"player_choice":"Change","damage_taken":0,"max_hp_gain":0,"max_hp_loss":0,"event_name":"Living Wall","floor":2,"gold_loss":0,"cards_obtained":["Predator"]},{"damage_healed":0,"gold_gain":0,"player_choice":"Success","damage_taken":18,"relics_obtained":["MawBank"],"max_hp_gain":0,"max_hp_loss":0,"event_name":"Scrap Ooze","floor":5,"gold_loss":0},{"damage_healed":0,"gold_gain":0,"cards_transformed":["Defend_G","Strike_G"],"player_choice":"Became Test Subject","damage_taken":0,"max_hp_gain":0,"max_hp_loss":0,"event_name":"Drug Dealer","floor":19,"gold_loss":0,"cards_obtained":["Catalyst","Terror"]},{"damage_healed":0,"gold_gain":0,"player_choice":"Upgraded","damage_taken":0,"max_hp_gain":0,"max_hp_loss":0,"event_name":"Upgrade Shrine","floor":20,"gold_loss":0,"cards_upgraded":["Catalyst"]},{"damage_healed":0,"gold_gain":0,"player_choice":"Simplicity","damage_taken":0,"max_hp_gain":0,"max_hp_loss":0,"event_name":"Back to Basics","floor":22,"gold_loss":0,"cards_upgraded":["Strike_G","Strike_G","Defend_G","Defend_G","Defend_G","Defend_G"]},{"cards_removed":["Strike_G"],"damage_healed":0,"gold_gain":0,"player_choice":"Gave Gold","damage_taken":0,"max_hp_gain":0,"max_hp_loss":0,"event_name":"Beggar","floor":24,"gold_loss":75},{"damage_healed":0,"gold_gain":0,"player_choice":"Obtained Relic","damage_taken":0,"relics_obtained":["Tiny Chest"],"max_hp_gain":0,"max_hp_loss":0,"event_name":"Addict","floor":31,"gold_loss":85},{"damage_healed":0,"gold_gain":0,"player_choice":"Fight","damage_taken":0,"max_hp_gain":0,"max_hp_loss":0,"event_name":"MindBloom","floor":37,"gold_loss":0},{"cards_removed":["Underhanded Strike"],"damage_healed":0,"gold_gain":0,"player_choice":"Removed Attack","damage_taken":0,"max_hp_gain":0,"max_hp_loss":0,"event_name":"Falling","floor":39,"gold_loss":0}],"is_beta":false,"boss_relics":[{"not_picked":["Black Star","Empty Cage"],"picked":"Fusion Hammer"},{"not_picked":["Eternal Feather","Runic Dome"],"picked":"Astrolabe"}],"items_purged_floors":[14,45],"is_endless":false,"potions_floor_spawned":[1,7,12,16,21,27,29,35,42,46,47,55],"ascension_level":20}