{"gold_per_floor":[113,123,123,134,209,209,226,226,305,56,68,97,110,182,182,182],"floor_reached":16,"playtime":411,"items_purged":[],"score":204,"play_id":"81514c72-37e8-4387-aa62-4beaca4a4066","local_time":"20190720021621","is_ascension_mode":true,"campfire_choices":[{"data":"Bash","floor":6,"key":"SMITH"},{"data":"Perfected Strike","floor":8,"key":"SMITH"},{"data":"Demon Form","floor":15,"key":"SMITH"}],"neow_cost":"NONE","seed_source_timestamp":2463763163321647,"circlet_count":0,"master_deck":["AscendersBane","Strike_R","Strike_R","Strike_R","Strike_R","Strike_R","Defend_R","Defend_R","Defend_R","Defend_R","Bash+1","Shrug It Off","Perfected Strike+1","Clothesline","Armaments","Perfected Strike","Demon Form+1","Spot Weakness"],"relics":["Burning Blood","Sundial","Letter Opener","Lantern","Magic Flower"],"potions_floor_usage":[16],"damage_taken":[{"damage":24,"enemies":"Cultist","floor":1,"turns":6},{"damage":7,"enemies":"Small Slimes","floor":2,"turns":4},{"damage":0,"enemies":"2 Louse","floor":4,"turns":2},{"damage":4,"enemies":"Exordium Wildlife","floor":7,"turns":5},{"damage":3,"enemies":"Looter","floor":11,"turns":3},{"damage":8,"enemies":"Gremlin Nob","floor":12,"turns":3},{"damage":13,"enemies":"Exordium Thugs","floor":13,"turns":4},{"damage":67,"enemies":"Hexaghost","floor":16,"turns":9}],"seed_played":"8405182709665216343","potions_obtained":[{"floor":4,"key":"FairyPotion"},{"floor":7,"key":"SkillPotion"},{"floor":11,"key":"Block Potion"}],"is_trial":false,"path_per_floor":["M","M","T","M","?","R","M","R","T","$","M","E","M","?","R","B"],"character_chosen":"IRONCLAD","items_purchased":["Lantern","Clothesline","Armaments"],"campfire_rested":0,"item_purchase_floors":[10,10,10],"current_hp_per_floor":[57,56,56,62,51,51,53,53,53,53,56,54,50,50,50,0],"gold":182,"neow_bonus":"TEN_PERCENT_HP_BONUS","is_prod":false,"is_daily":false,"chose_seed":false,"campfire_upgraded":3,"win_rate":0,"timestamp":1563581781,"path_taken":["M","M","?","?","?","R","M","R","T","$","M","E","M","?","R","BOSS"],"build_version":"2019-07-17","purchased_purges":0,"victory":false,"max_hp_per_floor":[82,82,82,82,82,82,82,82,82,82,82,82,82,82,82,82],"card_choices":[{"not_picked":["Entrench","Iron Wave"],"picked":"Shrug It Off","floor":1},{"not_picked":["Dropkick","Second Wind"],"picked":"Perfected Strike","floor":2},{"not_picked":["Sword Boomerang","Sever Soul","Entrench"],"picked":"SKIP","floor":4},{"not_picked":["Double Tap","Havoc","Body Slam"],"picked":"SKIP","floor":7},{"not_picked":["Twin Strike","Headbutt"],"picked":"Perfected Strike","floor":11},{"not_picked":["Havoc","Reckless Charge"],"picked":"Demon Form","floor":12},{"not_picked":["Reckless Charge","Heavy Blade"],"picked":"Spot Weakness","floor":13}],"player_experience":507561,"relics_obtained":[{"floor":3,"key":"Sundial"},{"floor":9,"key":"Letter Opener"},{"floor":12,"key":"Magic Flower"}],"event_choices":[{"damage_healed":0,"gold_gain":75,"player_choice":"Gather Gold","damage_taken":11,"max_hp_gain":0,"max_hp_loss":0,"event_name":"World of Goop","floor":5,"gold_loss":0},{"damage_healed":0,"gold_gain":72,"player_choice":"Gained Gold","damage_taken":0,"max_hp_gain":0,"max_hp_loss":0,"event_name":"Golden Wing","floor":14,"gold_loss":0}],"is_beta":false,"boss_relics":[],"items_purged_floors":[],"is_endless":false,"potions_floor_spawned":[4,7,11],"killed_by":"Hexaghost","ascension_level":20}