{"gold_per_floor":[115,134,59,59,33,66,66,79,154,168,179,14,49,65,65,142,142,161,76,89,139,149,180,2,35,35,60,510,306,318,335,335,406,406,420,437,447,447,462,497,512,526,526,545,563,576,576,603,603,603,603,603,603,36,71,71],"floor_reached":56,"playtime":3965,"items_purged":["Strike_G","Defend_G","Defend_G","Bullet Time+1"],"score":2195,"play_id":"3d5f1997-b9a9-4043-831a-bb79d3c8bcf1","local_time":"20190402005740","is_ascension_mode":true,"campfire_choices":[{"data":"Acrobatics","floor":7.0,"key":"SMITH"},{"data":"Tactician","floor":15.0,"key":"SMITH"},{"data":"Concentrate","floor":32.0,"key":"SMITH"},{"data":"Calculated Gamble","floor":47.0,"key":"SMITH"},{"floor":49.0,"key":"RECALL"},{"data":"Neutralize","floor":53,"key":"SMITH"}],"neow_cost":"NONE","seed_source_timestamp":1642033840536600,"circlet_count":0,"master_deck":["AscendersBane","Defend_G","Defend_G","Survivor","Neutralize+1","Deadly Poison","Tactician+1","Doppelganger","Acrobatics+1","Adrenaline","Bouncing Flask","Bane","Backflip","Flechettes","Backflip","Prepared","Adrenaline","Malaise+1","Corpse Explosion+1","Well Laid Plans","Acrobatics+1","Concentrate+1","PiercingWail+1","Eviscerate+1","Outmaneuver+1","PiercingWail","Calculated Gamble+1","Blur+1"],"special_seed":0,"relics":["Ring of the Snake","NeowsBlessing","Ancient Tea Set","Meat on the Bone","Blood Vial","Astrolabe","Bird Faced Urn","Potion Belt","Ninja Scroll","Darkstone Periapt","Runic Pyramid","Oddly Smooth Stone","Pear","Pen Nib","Medical Kit","Turnip"],"potions_floor_usage":[51,51,51,56,56],"damage_taken":[{"damage":0.0,"enemies":"Cultist","floor":1.0,"turns":1.0},{"damage":0.0,"enemies":"2 Louse","floor":2.0,"turns":1.0},{"damage":0.0,"enemies":"Lagavulin","floor":6.0,"turns":1.0},{"damage":2.0,"enemies":"Small Slimes","floor":8.0,"turns":3.0},{"damage":0.0,"enemies":"Blue Slaver","floor":10.0,"turns":4.0},{"damage":7.0,"enemies":"Exordium Thugs","floor":11.0,"turns":4.0},{"damage":7.0,"enemies":"Gremlin Nob","floor":13.0,"turns":3.0},{"damage":3.0,"enemies":"Large Slime","floor":14.0,"turns":6.0},{"damage":9.0,"enemies":"The Guardian","floor":16.0,"turns":8.0},{"damage":0.0,"enemies":"Shell Parasite","floor":18.0,"turns":5.0},{"damage":0.0,"enemies":"Spheric Guardian","floor":20.0,"turns":2.0},{"damage":0.0,"enemies":"Snecko","floor":22.0,"turns":3.0},{"damage":4.0,"enemies":"Gremlin Leader","floor":23.0,"turns":5.0},{"damage":13.0,"enemies":"Book of Stabbing","floor":25.0,"turns":5.0},{"damage":4.0,"enemies":"Slavers","floor":27.0,"turns":2.0},{"damage":7.0,"enemies":"Shelled Parasite and Fungi","floor":30.0,"turns":2.0},{"damage":0.0,"enemies":"3 Cultists","floor":31.0,"turns":2.0},{"damage":0.0,"enemies":"Collector","floor":33.0,"turns":5.0},{"damage":0.0,"enemies":"3 Darklings","floor":35.0,"turns":1.0},{"damage":1.0,"enemies":"Orb Walker","floor":36.0,"turns":2.0},{"damage":0.0,"enemies":"Sphere and 2 Shapes","floor":37.0,"turns":4.0},{"damage":10.0,"enemies":"Maw","floor":39.0,"turns":5.0},{"damage":4.0,"enemies":"Giant Head","floor":40.0,"turns":7.0},{"damage":13.0,"enemies":"Jaw Worm Horde","floor":41.0,"turns":2.0},{"damage":0.0,"enemies":"Transient","floor":42.0,"turns":6.0},{"damage":2.0,"enemies":"Writhing Mass","floor":44.0,"turns":5.0},{"damage":8.0,"enemies":"Maw","floor":45.0,"turns":6.0},{"damage":0.0,"enemies":"Jaw Worm Horde","floor":46.0,"turns":2.0},{"damage":2.0,"enemies":"Reptomancer","floor":48.0,"turns":7.0},{"damage":36,"enemies":"Donu and Deca","floor":50,"turns":10},{"damage":46,"enemies":"Time Eater","floor":51,"turns":18},{"damage":18,"enemies":"Shield and Spear","floor":55,"turns":5},{"damage":61,"enemies":"The Heart","floor":56,"turns":8}],"seed_played":"-5167714837637535335","potions_obtained":[{"floor":6.0,"key":"Weak Potion"},{"floor":10.0,"key":"EssenceOfSteel"},{"floor":13.0,"key":"LiquidBronze"},{"floor":16.0,"key":"AttackPotion"},{"floor":22.0,"key":"Dexterity Potion"},{"floor":25.0,"key":"Fire Potion"},{"floor":31.0,"key":"Swift Potion"},{"floor":33.0,"key":"AttackPotion"},{"floor":35.0,"key":"PowerPotion"},{"floor":40.0,"key":"SpeedPotion"},{"floor":45.0,"key":"Fruit Juice"}],"is_trial":false,"path_per_floor":["M","M","?","?","$","E","R","M","T","M","M","$","E","M","R","B",null,"M","?","M","?","M","E","$","E","T","E","?","$","M","M","R","B",null,"M","M","M","?","M","E","M","M","T","M","M","M","R","E","R","B","B",null,"R","$","E","B"],"character_chosen":"THE_SILENT","items_purchased":["Acrobatics","Flechettes","Backflip","Well Laid Plans","Concentrate","Medical Kit","Ancient Potion","Weak Potion","Block Potion"],"campfire_rested":0,"item_purchase_floors":[5,12,12,24,29,54,54,54,54],"current_hp_per_floor":[59,59,59,59,59,59,59,57,57,57,50,50,43,42,42,35,58,60,60,62,62,64,62,62,53,53,53,17,17,26,42,42,46,61,65,65,66,66,56,56,47,51,61,63,64,68,68,70,70,50,22,66,66,66,52,0],"gold":71,"neow_bonus":"THREE_ENEMY_KILL","is_prod":false,"is_daily":false,"chose_seed":false,"campfire_upgraded":5,"win_rate":0,"timestamp":1554134260,"path_taken":["M","?","?","?","?","E","R","?","T","M","M","$","E","M","R","BOSS","M","?","M","?","M","E","?","E","T","E","?","$","?","M","R","BOSS","M","M","M","?","M","E","M","M","T","M","?","M","R","E","R","BOSS","BOSS","R","$","E","BOSS"],"build_version":"2019-01-23","purchased_purges":4,"victory":false,"max_hp_per_floor":[66,66,66,66,66,66,66,66,66,66,66,66,66,66,66,66,66,66,66,66,66,66,66,66,66,66,66,66,66,66,66,66,66,66,66,66,66,66,66,66,66,66,76,76,81,81,81,81,81,81,81,81,81,81,81,81],"card_choices":[{"not_picked":["PiercingWail","Deflect"],"picked":"Deadly Poison","floor":1.0},{"not_picked":["Poisoned Stab","Deadly Poison"],"picked":"Tactician","floor":2.0},{"not_picked":["Infinite Blades","Deadly Poison"],"picked":"Adrenaline","floor":6.0},{"not_picked":["Underhanded Strike","Outmaneuver"],"picked":"Bouncing Flask","floor":8.0},{"not_picked":["Blade Dance","Slice"],"picked":"Bane","floor":10.0},{"not_picked":["Outmaneuver","Eviscerate"],"picked":"Backflip","floor":11.0},{"not_picked":["Accuracy","Poisoned Stab"],"picked":"Prepared","floor":13.0},{"not_picked":["Underhanded Strike","Outmaneuver","Dagger Spray"],"picked":"SKIP","floor":14.0},{"not_picked":["Die Die Die","Night Terror"],"picked":"Adrenaline","floor":16.0},{"not_picked":["Dagger Spray","Crippling Poison","Expertise"],"picked":"SKIP","floor":18.0},{"not_picked":["Finisher+1","Dagger Spray","Choke"],"picked":"SKIP","floor":20.0},{"not_picked":["Noxious Fumes","Dodge and Roll","Slice"],"picked":"SKIP","floor":22.0},{"not_picked":["Noxious Fumes","Dodge and Roll","Slice"],"picked":"SKIP","floor":22.0},{"not_picked":["Deflect","Crippling Poison","Heel Hook"],"picked":"SKIP","floor":23.0},{"not_picked":["Riddle With Holes","Setup","Glass Knife"],"picked":"SKIP","floor":25.0},{"not_picked":["Masterful Stab","Unload"],"picked":"Acrobatics+1","floor":27.0},{"not_picked":["Heel Hook","Flying Knee","Finisher"],"picked":"SKIP","floor":30.0},{"not_picked":["Flying Knee","Prepared"],"picked":"PiercingWail+1","floor":31.0},{"not_picked":["Terror","Acrobatics+1","Dagger Spray"],"picked":"SKIP","floor":35.0},{"not_picked":["Prepared","Flying Knee"],"picked":"Eviscerate+1","floor":36.0},{"not_picked":["Poisoned Stab","Backflip+1","Flying Knee"],"picked":"SKIP","floor":37.0},{"not_picked":["Masterful Stab","Flying Knee+1"],"picked":"Outmaneuver+1","floor":39.0},{"not_picked":["A Thousand Cuts","Flechettes","Underhanded Strike"],"picked":"SKIP","floor":40.0},{"not_picked":["PiercingWail","Accuracy","Poisoned Stab+1"],"picked":"SKIP","floor":41.0},{"not_picked":["Accuracy","Poisoned Stab+1"],"picked":"PiercingWail","floor":41.0},{"not_picked":["Deadly Poison","Underhanded Strike","Outmaneuver+1"],"picked":"SKIP","floor":42.0},{"not_picked":["Dagger Spray","Endless Agony"],"picked":"Calculated Gamble","floor":44.0},{"not_picked":["Concentrate","Escape Plan","Predator"],"picked":"SKIP","floor":45.0},{"not_picked":["Distraction","Caltrops","Expertise"],"picked":"SKIP","floor":46.0},{"not_picked":["Infinite Blades+1","PiercingWail+1"],"picked":"Blur+1","floor":48.0},{"not_picked":["Infinite Blades","Sucker Punch","Die Die Die"],"picked":"SKIP","floor":55}],"player_experience":4674850,"relics_obtained":[{"floor":6.0,"key":"Ancient Tea Set"},{"floor":9.0,"key":"Meat on the Bone"},{"floor":13.0,"key":"Blood Vial"},{"floor":23.0,"key":"Potion Belt"},{"floor":25.0,"key":"Ninja Scroll"},{"floor":27.0,"key":"Darkstone Periapt"},{"floor":40.0,"key":"Oddly Smooth Stone"},{"floor":43.0,"key":"Pear"},{"floor":48.0,"key":"Pen Nib"},{"floor":55,"key":"Turnip"}],"event_choices":[{"cards_removed":["Defend_G"],"damage_healed":0.0,"max_hp_gain":0.0,"max_hp_loss":0.0,"gold_gain":0.0,"event_name":"The Cleric","player_choice":"Card Removal","floor":3.0,"gold_loss":75.0,"damage_taken":0.0},{"damage_healed":0.0,"max_hp_gain":0.0,"max_hp_loss":0.0,"gold_gain":0.0,"cards_transformed":["Strike_G"],"event_name":"Living Wall","player_choice":"Change","floor":4.0,"gold_loss":0.0,"damage_taken":0.0,"cards_obtained":["Doppelganger"]},{"damage_healed":0.0,"max_hp_gain":0.0,"max_hp_loss":0.0,"gold_gain":0.0,"event_name":"Addict","player_choice":"Obtained Relic","floor":19.0,"gold_loss":85.0,"damage_taken":0.0,"relics_obtained":["Bird Faced Urn"]},{"damage_healed":0.0,"max_hp_gain":0.0,"max_hp_loss":0.0,"gold_gain":50.0,"event_name":"Nest","player_choice":"Stole From Cult","floor":21.0,"gold_loss":0.0,"damage_taken":0.0},{"damage_healed":0.0,"max_hp_gain":0.0,"max_hp_loss":0.0,"gold_gain":450.0,"event_name":"Knowing Skull","player_choice":"GOLD GOLD GOLD GOLD GOLD ","floor":28.0,"potions_obtained":[],"gold_loss":0.0,"damage_taken":36.0,"cards_obtained":[]},{"damage_healed":0.0,"max_hp_gain":0.0,"max_hp_loss":0.0,"gold_gain":0.0,"event_name":"Match and Keep!","player_choice":"0 cards matched","floor":38.0,"gold_loss":0.0,"damage_taken":0.0,"cards_obtained":[]}],"is_beta":false,"boss_relics":[{"not_picked":["Philosopher\u0027s Stone","Tiny House"],"picked":"Astrolabe"},{"not_picked":["Eternal Feather","Runic Dome"],"picked":"Runic Pyramid"}],"items_purged_floors":[12,24,29,54],"is_endless":false,"potions_floor_spawned":[6,10,13,16,22,25,31,33,35,36,40,44,45],"killed_by":"The Heart","ascension_level":20}