{"gold_per_floor":[129,129,129,129,129,129],"floor_reached":6,"playtime":474,"items_purged":[],"score":180,"play_id":"60827f4d-5dbf-4775-9bb4-b2fa4f7447b7","local_time":"20190620025902","is_ascension_mode":true,"campfire_choices":[],"neow_cost":"","seed_source_timestamp":115588703038200,"circlet_count":0,"master_deck":["AscendersBane","Bash","Iron Wave+1","Warcry+1","Havoc+1","Heavy Blade+1","Limit Break+1","Feed+1","Sword Boomerang+1","Dual Wield+1"],"special_seed":0,"relics":["Burning Blood","Darkstone Periapt","Pocketwatch","Regal Pillow","Philosopher\u0027s Stone","Incense Burner","Happy Flower","HandDrill","Fusion Hammer","Nuclear Battery","Sundial","White Beast Statue","Blood Vial","PrismaticShard","Blue Candle","Shuriken","The Specimen","Potion Belt","Peace Pipe","Letter Opener","Pen Nib","Pantograph","Cables","Tingsha","Inserter","Torii","ClockworkSouvenir","Girya","Chemical X","Coffee Dripper","Calipers","Charon\u0027s Ashes","Bronze Scales","Champion Belt","Tough Bandages","Bag of Preparation","TheAbacus","Paper Crane","Paper Frog","Tiny Chest","Toy Ornithopter","Ornamental Fan","Boot","Du-Vu Doll","Cursed Key","Prayer Wheel","Lantern","FossilizedHelix","OrangePellets","Orichalcum","Ectoplasm","Sling","War Paint","WingedGreaves","Toxic Egg 2","Brimstone","Strange Spoon","Self Forming Clay","Thread and Needle","Nunchaku","MawBank","Ice Cream","Black Blood","Frozen Eye","Frozen Egg 2","Juzu Bracelet","Eternal Feather","WristBlade","StoneCalendar","Sozu","Kunai","Mercury Hourglass","Turnip","Whetstone","Snecko Eye","Snake Skull","MealTicket","Art of War","Busted Crown","Cracked Core","Omamori","Burning Blood","Red Skull","Shovel","Bird Faced Urn","Ginger","Pear","The Courier","Centennial Puzzle","Ring of the Snake","Smiling Mask","Mummified Hand","Question Card","Membership Card","Unceasing Top","Oddly Smooth Stone","Mango","Dead Branch","Matryoshka","Magic Flower","Lee\u0027s Waffle","Runic Cube","Runic Capacitor","Empty Cage","Dodecahedron","Strawberry","Dream Catcher","TwistedFunnel","Gambling Chip","Lizard Tail","DataDisk","Anchor","Ninja Scroll","Molten Egg 2","Singing Bowl","Old Coin","Vajra","Gremlin Horn","Bag of Marbles","Medical Kit","Symbiotic Virus","Toolbox","PreservedInsect","Mark of Pain","Ancient Tea Set","Meat on the Bone","Black Star","Emotion Chip","Bottled Flame","Bottled Lightning","DollysMirror","Pandora\u0027s Box"],"potions_floor_usage":[],"damage_taken":[{"damage":0.0,"enemies":"Small Slimes","floor":1.0,"turns":1.0},{"damage":0.0,"enemies":"Jaw Worm","floor":2.0,"turns":1.0},{"damage":0.0,"enemies":"2 Louse","floor":3.0,"turns":1.0},{"damage":0.0,"enemies":"2 Fungi Beasts","floor":4.0,"turns":1.0},{"damage":0.0,"enemies":"Lots of Slimes","floor":5.0,"turns":1.0}],"seed_played":"-1847195450115704874","potions_obtained":[],"is_trial":true,"path_per_floor":["M","M","M","M","M","R"],"character_chosen":"IRONCLAD","items_purchased":[],"campfire_rested":0,"item_purchase_floors":[],"current_hp_per_floor":[117,125,131,139,151,151],"gold":129,"neow_bonus":"","is_prod":false,"is_daily":false,"chose_seed":false,"campfire_upgraded":0,"win_rate":0,"timestamp":1560967142,"path_taken":["M","M","M","M","M","R"],"build_version":"2019-01-23","purchased_purges":0,"victory":false,"max_hp_per_floor":[117,125,131,139,151,151],"card_choices":[{"not_picked":["Flying Knee+1","Infinite Blades+1"],"picked":"Singing Bowl","floor":1.0},{"not_picked":["Hello World+1","Steam+1"],"picked":"Singing Bowl","floor":1.0},{"not_picked":["Cold Snap+1","Hologram+1"],"picked":"Singing Bowl","floor":2.0},{"not_picked":["Predator+1","Tempest+1"],"picked":"Singing Bowl","floor":2.0},{"not_picked":["Calculated Gamble+1"],"picked":"Dual Wield+1","floor":3.0},{"not_picked":["Sword Boomerang+1","Wild Strike+1"],"picked":"Singing Bowl","floor":3.0},{"not_picked":["Intimidate+1","Coolheaded+1"],"picked":"Singing Bowl","floor":4.0},{"not_picked":["Well Laid Plans+1","Pummel+1"],"picked":"Singing Bowl","floor":4.0},{"not_picked":["Steam+1","Venomology+1"],"picked":"Singing Bowl","floor":5.0},{"not_picked":["BootSequence+1","Outmaneuver+1"],"picked":"Singing Bowl","floor":5.0}],"player_experience":5427215,"relics_obtained":[],"event_choices":[],"is_beta":false,"boss_relics":[],"items_purged_floors":[],"is_endless":false,"potions_floor_spawned":[1,2,3,4,5],"ascension_level":20}