{"gold_per_floor":[111,130,145,27,27,27,50,13,67,67,110,124,124,12,12,108,108,126,26,26,46,61,61,61],"floor_reached":24,"playtime":864,"items_purged":["Strike_G","Strike_G"],"score":492,"play_id":"57c34750-c5b3-4350-8b61-71f1e2da3756","local_time":"20190531022154","is_ascension_mode":true,"campfire_choices":[{"data":"Bane","floor":6.0,"key":"SMITH"},{"data":"Noxious Fumes","floor":10.0,"key":"SMITH"},{"floor":13.0,"key":"REST"},{"data":"Well Laid Plans","floor":15.0,"key":"SMITH"},{"data":"Tactician","floor":23.0,"key":"SMITH"}],"neow_cost":"NONE","seed_source_timestamp":362155476323400,"circlet_count":0,"master_deck":["AscendersBane","Defend_G","Defend_G","Defend_G","Defend_G","Defend_G","Strike_G","Strike_G","Strike_G","Survivor","Neutralize","Poisoned Stab","Bane+1","Bouncing Flask","Noxious Fumes+1","Escape Plan","Tactician+1","Dodge and Roll","Underhanded Strike","PiercingWail","Well Laid Plans+1","Sucker Punch","Grand Finale","Reflex","Acrobatics+1"],"special_seed":0,"relics":["Ring of the Snake","Bronze Scales","Golden Idol","Dream Catcher","Bag of Preparation","Eternal Feather"],"potions_floor_usage":[24],"damage_taken":[{"damage":6.0,"enemies":"Cultist","floor":1.0,"turns":6.0},{"damage":0.0,"enemies":"Jaw Worm","floor":2.0,"turns":3.0},{"damage":1.0,"enemies":"2 Louse","floor":3.0,"turns":2.0},{"damage":3.0,"enemies":"Blue Slaver","floor":7.0,"turns":2.0},{"damage":39.0,"enemies":"Gremlin Nob","floor":11.0,"turns":4.0},{"damage":5.0,"enemies":"3 Louse","floor":12.0,"turns":3.0},{"damage":0.0,"enemies":"Hexaghost","floor":16.0,"turns":8.0},{"damage":8.0,"enemies":"3 Byrds","floor":18.0,"turns":3.0},{"damage":16.0,"enemies":"2 Thieves","floor":21.0,"turns":3.0},{"damage":8.0,"enemies":"Snecko","floor":22.0,"turns":5.0},{"damage":34,"enemies":"Book of Stabbing","floor":24,"turns":5}],"seed_played":"5123395829659086950","potions_obtained":[{"floor":7.0,"key":"Dexterity Potion"},{"floor":12.0,"key":"Dexterity Potion"},{"floor":18.0,"key":"Fire Potion"},{"floor":21.0,"key":"Ancient Potion"}],"is_trial":false,"path_per_floor":["M","M","M","$","?","R","M","$","T","R","E","M","R","$","R","B",null,"M","$","?","M","M","R","E"],"character_chosen":"THE_SILENT","items_purchased":["Noxious Fumes","Tactician","Well Laid Plans","Sucker Punch"],"campfire_rested":1,"item_purchase_floors":[4,8,14,14],"current_hp_per_floor":[53,53,52,52,52,52,49,49,49,49,10,5,23,23,23,23,51,43,43,43,27,19,34,0],"gold":61,"neow_bonus":"RANDOM_COMMON_RELIC","is_prod":false,"is_daily":false,"chose_seed":false,"campfire_upgraded":4,"win_rate":0,"timestamp":1559236914,"path_taken":["M","M","M","?","?","R","M","?","T","R","E","M","R","?","R","BOSS","M","$","?","M","M","R","E"],"build_version":"2019-01-23","purchased_purges":2,"victory":false,"max_hp_per_floor":[66,66,66,66,60,60,60,60,60,60,60,60,60,60,60,60,60,60,60,60,60,60,60,60],"card_choices":[{"not_picked":["Dagger Throw","Acrobatics"],"picked":"Poisoned Stab","floor":1.0},{"not_picked":["Dagger Throw","Blade Dance"],"picked":"Bane","floor":2.0},{"not_picked":["Prepared","Dagger Spray"],"picked":"Bouncing Flask","floor":3.0},{"not_picked":["Terror","Skewer"],"picked":"Escape Plan","floor":7.0},{"not_picked":["Doppelganger","Flying Knee"],"picked":"Dodge and Roll","floor":11.0},{"not_picked":["Deflect","Sucker Punch"],"picked":"Underhanded Strike","floor":12.0},{"not_picked":["Blur","Venomology"],"picked":"PiercingWail","floor":13.0},{"not_picked":["Wraith Form v2","Glass Knife"],"picked":"Grand Finale","floor":16.0},{"not_picked":["Quick Slash","Deadly Poison"],"picked":"Reflex","floor":18.0},{"not_picked":["Deadly Poison","Deflect","Flying Knee"],"picked":"SKIP","floor":21.0},{"not_picked":["Adrenaline","Underhanded Strike+1"],"picked":"Acrobatics+1","floor":22.0}],"player_experience":5223263,"relics_obtained":[{"floor":9.0,"key":"Dream Catcher"},{"floor":11.0,"key":"Bag of Preparation"}],"event_choices":[{"damage_healed":0.0,"max_hp_gain":0.0,"max_hp_loss":6.0,"gold_gain":0.0,"event_name":"Golden Idol","player_choice":"Lose Max HP","floor":5.0,"gold_loss":0.0,"damage_taken":0.0,"relics_obtained":["Golden Idol"]}],"is_beta":false,"boss_relics":[{"not_picked":["White Beast Statue","Fusion Hammer"],"picked":"Eternal Feather"}],"items_purged_floors":[4,19],"is_endless":false,"potions_floor_spawned":[7,12,18,21],"killed_by":"Book of Stabbing","ascension_level":20}