{"gold_per_floor":[112,132,52,66,66,94,94,127,127,127,156,170,170,183,183,282,282,292,310,328,6,19,54,54,65,92,111,125,151,163,176,176,176],"floor_reached":33,"playtime":4739,"items_purged":["Strike_R"],"score":426,"play_id":"a2a83728-1d3c-4146-b7dc-2f3dededf148","local_time":"20190721141745","is_ascension_mode":true,"campfire_choices":[{"data":"Pommel Strike","floor":7.0,"key":"SMITH"},{"floor":10.0,"key":"REST"},{"data":"Seeing Red","floor":13.0,"key":"SMITH"},{"data":"Sentinel","floor":15.0,"key":"SMITH"},{"data":"Feel No Pain","floor":24.0,"key":"SMITH"},{"data":"Armaments","floor":32,"key":"SMITH"}],"neow_cost":"PERCENT_DAMAGE","seed_source_timestamp":0,"circlet_count":0,"master_deck":["Strike_R","Strike_R","Strike_R","Strike_R","Defend_R","Defend_R","Defend_R","Defend_R","Bash","Feed","Pummel","Burning Pact+1","Shockwave+1","Pommel Strike+1","Seeing Red+1","Ghostly Armor+1","Sentinel+1","Clash","Anger","Impervious","Shrug It Off+1","Carnage","Feel No Pain+1","Clothesline+1","Dark Embrace","Shrug It Off+1","Perfected Strike+1","Armaments+1","Second Wind","Flex+1","Body Slam+1"],"special_seed":0,"relics":["Burning Blood","Bronze Scales","Meat on the Bone","War Paint","Happy Flower","Philosopher\u0027s Stone","Molten Egg 2","Orichalcum","Boot","Blood Vial"],"potions_floor_usage":[33],"damage_taken":[{"damage":1.0,"enemies":"Cultist","floor":1.0,"turns":3.0},{"damage":0.0,"enemies":"2 Louse","floor":2.0,"turns":2.0},{"damage":21.0,"enemies":"Small Slimes","floor":4.0,"turns":6.0},{"damage":37.0,"enemies":"Lagavulin","floor":6.0,"turns":8.0},{"damage":29.0,"enemies":"Gremlin Nob","floor":8.0,"turns":4.0},{"damage":20.0,"enemies":"3 Sentries","floor":11.0,"turns":6.0},{"damage":15.0,"enemies":"Exordium Wildlife","floor":12.0,"turns":4.0},{"damage":0.0,"enemies":"2 Fungi Beasts","floor":14.0,"turns":3.0},{"damage":36.0,"enemies":"Slime Boss","floor":16.0,"turns":9.0},{"damage":16.0,"enemies":"Chosen","floor":18.0,"turns":6.0},{"damage":8.0,"enemies":"2 Thieves","floor":19.0,"turns":4.0},{"damage":16.0,"enemies":"Snake Plant","floor":20.0,"turns":4.0},{"damage":6.0,"enemies":"Chosen and Byrds","floor":22.0,"turns":6.0},{"damage":26.0,"enemies":"Book of Stabbing","floor":23.0,"turns":5.0},{"damage":3.0,"enemies":"3 Cultists","floor":25.0,"turns":5.0},{"damage":7.0,"enemies":"Centurion and Healer","floor":27.0,"turns":9.0},{"damage":25.0,"enemies":"Shelled Parasite and Fungi","floor":28.0,"turns":6.0},{"damage":64.0,"enemies":"Gremlin Leader","floor":29.0,"turns":10.0},{"damage":0,"enemies":"3 Cultists","floor":30,"turns":4},{"damage":29,"enemies":"Sentry and Sphere","floor":31,"turns":10},{"damage":91,"enemies":"Automaton","floor":33,"turns":6}],"seed_played":"6563227637031737954","potions_obtained":[{"floor":1.0,"key":"Regen Potion"},{"floor":2.0,"key":"EssenceOfSteel"},{"floor":12.0,"key":"Regen Potion"},{"floor":14.0,"key":"Ancient Potion"},{"floor":18.0,"key":"SpeedPotion"},{"floor":22.0,"key":"EssenceOfSteel"},{"floor":25.0,"key":"LiquidBronze"},{"floor":28.0,"key":"Dexterity Potion"}],"is_trial":false,"path_per_floor":["M","M","$","M","?","E","R","E","T","R","E","M","R","M","R","B",null,"M","M","M","$","M","E","R","M","T","M","M","E","M","M","R","B"],"character_chosen":"IRONCLAD","items_purchased":["Shockwave","Molten Egg 2"],"campfire_rested":1,"item_purchase_floors":[3,21],"current_hp_per_floor":[64,73,73,61,61,38,38,18,18,46,47,53,53,62,62,47,107,97,95,85,85,85,68,68,71,71,73,69,38,58,52,52,0],"gold":176,"neow_bonus":"THREE_RARE_CARDS","is_prod":false,"is_daily":false,"chose_seed":false,"campfire_upgraded":5,"win_rate":0,"timestamp":1563743865,"path_taken":["M","M","?","M","?","E","R","E","T","R","E","M","R","M","R","BOSS","M","M","M","$","M","E","R","M","T","M","M","E","M","M","R","BOSS"],"build_version":"2019-07-17","purchased_purges":1,"victory":false,"max_hp_per_floor":[83,86,86,89,89,92,92,95,95,95,98,101,101,104,104,107,107,107,107,107,107,107,110,110,110,110,113,116,116,116,119,119,119],"card_choices":[{"not_picked":["Brutality","Limit Break"],"picked":"Feed","floor":0.0},{"not_picked":["Clash","Twin Strike"],"picked":"Pummel","floor":1.0},{"not_picked":["Havoc","True Grit"],"picked":"Burning Pact","floor":2.0},{"not_picked":["Searing Blow","Rage"],"picked":"Pommel Strike","floor":4.0},{"not_picked":["Clash","Sword Boomerang"],"picked":"Seeing Red","floor":6.0},{"not_picked":["Twin Strike","Limit Break"],"picked":"Ghostly Armor","floor":8.0},{"not_picked":["Dropkick","Spot Weakness"],"picked":"Sentinel","floor":11.0},{"not_picked":["Twin Strike","Dual Wield"],"picked":"Clash","floor":12.0},{"not_picked":["Bloodletting","Iron Wave"],"picked":"Anger","floor":14.0},{"not_picked":["Brutality","Limit Break"],"picked":"Impervious","floor":16.0},{"not_picked":["Inflame","Sword Boomerang"],"picked":"Shrug It Off+1","floor":18.0},{"not_picked":["Pommel Strike","Clash"],"picked":"Carnage","floor":19.0},{"not_picked":["Burning Pact","Clothesline+1"],"picked":"Feel No Pain","floor":20.0},{"not_picked":["True Grit","Anger+1"],"picked":"Clothesline+1","floor":22.0},{"not_picked":["Clothesline+1","Intimidate+1"],"picked":"Dark Embrace","floor":23.0},{"not_picked":["Cleave+1","Anger+1"],"picked":"Shrug It Off+1","floor":25.0},{"not_picked":["Iron Wave+1","Second Wind"],"picked":"Perfected Strike+1","floor":27.0},{"not_picked":["Flex","Hemokinesis+1"],"picked":"Armaments","floor":28.0},{"not_picked":["Thunderclap+1","Rage"],"picked":"Second Wind","floor":29},{"not_picked":["Armaments+1","Iron Wave+1"],"picked":"Flex+1","floor":30},{"not_picked":["True Grit","Warcry"],"picked":"Body Slam+1","floor":31}],"player_experience":50494,"relics_obtained":[{"floor":6.0,"key":"Bronze Scales"},{"floor":8.0,"key":"Meat on the Bone"},{"floor":9.0,"key":"War Paint"},{"floor":11.0,"key":"Happy Flower"},{"floor":23.0,"key":"Orichalcum"},{"floor":26.0,"key":"Boot"},{"floor":29,"key":"Blood Vial"}],"event_choices":[{"damage_healed":0.0,"max_hp_gain":0.0,"max_hp_loss":0.0,"gold_gain":0.0,"event_name":"Upgrade Shrine","player_choice":"Upgraded","floor":5.0,"gold_loss":0.0,"damage_taken":0.0,"cards_upgraded":["Shockwave"]}],"is_beta":false,"boss_relics":[{"not_picked":["Tiny House","Black Blood"],"picked":"Philosopher\u0027s Stone"}],"items_purged_floors":[21],"is_endless":false,"potions_floor_spawned":[1,2,12,14,18,22,25,28],"killed_by":"Automaton","ascension_level":4}