{"gold_per_floor":[110,120,134,145,157,185,197,197,227,260,260,185,185,24,24,97,97,114,5,19,19,119,119],"floor_reached":23,"playtime":745,"items_purged":["Strike_R","Strike_R"],"score":402,"play_id":"0068f5b6-7f2a-4544-823b-23bb3337ae5a","local_time":"20190519010028","is_ascension_mode":true,"campfire_choices":[{"data":"Barricade","floor":8.0,"key":"SMITH"},{"floor":11.0,"key":"REST"},{"data":"Armaments","floor":15.0,"key":"SMITH"}],"neow_cost":"","seed_source_timestamp":15155059560400,"circlet_count":0,"master_deck":["Spot Weakness","Spot Weakness","Spot Weakness","Defend_R","Defend_R","Defend_R","Defend_R","Bash","Strike_R","Strike_R","Anger","Barricade+1","Anger","Pummel","Fiend Fire","Entrench","Evolve","Armaments+1","Sword Boomerang","Feed","Clothesline","Shrug It Off","Heavy Blade","Shame","Power Through"],"special_seed":0,"relics":["Burning Blood","Orichalcum","Tiny Chest","Smiling Mask","Turnip","Snecko Eye","Lantern","Torii","Shuriken"],"potions_floor_usage":[23],"damage_taken":[{"damage":7.0,"enemies":"Cultist","floor":1.0,"turns":4.0},{"damage":2.0,"enemies":"Small Slimes","floor":2.0,"turns":4.0},{"damage":2.0,"enemies":"Jaw Worm","floor":3.0,"turns":3.0},{"damage":13.0,"enemies":"Blue Slaver","floor":4.0,"turns":3.0},{"damage":11.0,"enemies":"Large Slime","floor":5.0,"turns":7.0},{"damage":22.0,"enemies":"3 Sentries","floor":6.0,"turns":8.0},{"damage":12.0,"enemies":"Exordium Wildlife","floor":7.0,"turns":4.0},{"damage":46.0,"enemies":"Gremlin Nob","floor":10.0,"turns":5.0},{"damage":18.0,"enemies":"Slime Boss","floor":16.0,"turns":8.0},{"damage":12.0,"enemies":"Shell Parasite","floor":18.0,"turns":3.0},{"damage":0.0,"enemies":"2 Thieves","floor":20.0,"turns":3.0},{"damage":20.0,"enemies":"Colosseum Slavers","floor":22.0,"turns":3.0},{"damage":35.0,"enemies":"Colosseum Nobs","floor":22.0,"turns":4.0},{"damage":47,"enemies":"Slavers","floor":23,"turns":3}],"seed_played":"3042150553669468597","potions_obtained":[{"floor":4.0,"key":"PowerPotion"},{"floor":6.0,"key":"BloodPotion"},{"floor":10.0,"key":"FearPotion"},{"floor":16.0,"key":"Weak Potion"},{"floor":20.0,"key":"Regen Potion"},{"floor":22.0,"key":"PowerPotion"}],"is_trial":true,"path_per_floor":["M","M","M","M","M","E","M","R","T","E","R","?","T","$","R","B",null,"M","$","M","?","?","E"],"character_chosen":"IRONCLAD","items_purchased":["Armaments","Sword Boomerang","Shrug It Off"],"campfire_rested":1,"item_purchase_floors":[14,14,19],"current_hp_per_floor":[67,71,75,68,63,47,41,41,41,8,30,30,30,30,30,18,61,58,58,64,64,33,0],"gold":119,"neow_bonus":"","is_prod":false,"is_daily":false,"chose_seed":false,"campfire_upgraded":2,"win_rate":0,"timestamp":1558195228,"path_taken":["M","?","M","M","M","E","M","R","T","E","R","?","?","$","R","BOSS","M","$","M","?","?","E"],"build_version":"2019-01-23","purchased_purges":2,"victory":false,"max_hp_per_floor":[75,75,75,75,75,75,75,75,75,75,75,75,75,75,75,75,75,78,78,78,78,81,81],"card_choices":[{"not_picked":["Shrug It Off","Warcry"],"picked":"Anger","floor":1.0},{"not_picked":["Perfected Strike","Uppercut"],"picked":"Barricade","floor":2.0},{"not_picked":["Armaments","Wild Strike"],"picked":"Anger","floor":3.0},{"not_picked":["Iron Wave","Fire Breathing"],"picked":"Pummel","floor":4.0},{"not_picked":["True Grit","Clash"],"picked":"Fiend Fire","floor":5.0},{"not_picked":["Havoc","Feed"],"picked":"Entrench","floor":6.0},{"not_picked":["Corruption","True Grit"],"picked":"Evolve","floor":7.0},{"not_picked":["Pommel Strike","Clothesline","Thunderclap"],"picked":"SKIP","floor":10.0},{"not_picked":["Fiend Fire","Berserk"],"picked":"Feed","floor":16.0},{"not_picked":["Armaments","Warcry"],"picked":"Clothesline","floor":18.0},{"not_picked":["Shrug It Off","Clothesline+1"],"picked":"Heavy Blade","floor":20.0},{"not_picked":["Clash","Clothesline"],"picked":"Power Through","floor":22.0}],"player_experience":5069584,"relics_obtained":[{"floor":6.0,"key":"Orichalcum"},{"floor":9.0,"key":"Tiny Chest"},{"floor":10.0,"key":"Smiling Mask"},{"floor":13.0,"key":"Turnip"},{"floor":22.0,"key":"Torii"},{"floor":22.0,"key":"Shuriken"}],"event_choices":[{"cards_removed":["Strike_R"],"damage_healed":0.0,"max_hp_gain":0.0,"max_hp_loss":0.0,"gold_gain":0.0,"event_name":"The Cleric","player_choice":"Card Removal","floor":12.0,"gold_loss":75.0,"damage_taken":0.0},{"damage_healed":0.0,"max_hp_gain":0.0,"max_hp_loss":0.0,"gold_gain":0.0,"event_name":"Addict","player_choice":"Stole Relic","floor":21.0,"gold_loss":0.0,"damage_taken":0.0,"relics_obtained":["Lantern"],"cards_obtained":["Shame"]},{"damage_healed":0.0,"max_hp_gain":0.0,"max_hp_loss":0.0,"gold_gain":0.0,"event_name":"Colosseum","player_choice":"Fight","floor":22.0,"gold_loss":0.0,"damage_taken":0.0},{"damage_healed":0.0,"max_hp_gain":0.0,"max_hp_loss":0.0,"gold_gain":0.0,"event_name":"Colosseum","player_choice":"Fought Nobs","floor":22.0,"gold_loss":0.0,"damage_taken":0.0}],"is_beta":false,"boss_relics":[{"not_picked":["Empty Cage","Eternal Feather"],"picked":"Snecko Eye"}],"items_purged_floors":[14,19],"is_endless":false,"potions_floor_spawned":[4,6,10,16,20,22],"killed_by":"Slavers","ascension_level":20}