{"gold_per_floor":[114,114,132,132,207,207,5,5,5,5,16,350,365,153,153,230,230,245,245,264,264,224,256,156,156,156,176,205,223,248,13,13,90,90,100,100,116,134,134,134,146,161,161,11,11,23,23,38,38,38,38],"floor_reached":52,"playtime":2146,"items_purged":["Strike_R","Defend_R","Defend_R","Defend_R"],"score":1970,"play_id":"1ef178f2-6a86-4ec8-a0ae-790db18fd77c","local_time":"20190409031106","is_ascension_mode":true,"campfire_choices":[{"data":"Neutralize","floor":6,"key":"SMITH"},{"data":"Apotheosis","floor":8,"key":"SMITH"},{"floor":10,"key":"REST"},{"data":"A Thousand Cuts","floor":15,"key":"SMITH"},{"floor":25,"key":"REST"},{"data":"Calculated Gamble","floor":32,"key":"SMITH"},{"data":"Envenom","floor":40,"key":"SMITH"},{"data":"Noxious Fumes","floor":45,"key":"SMITH"},{"floor":49,"key":"REST"}],"neow_cost":"","seed_source_timestamp":546760348855400,"circlet_count":0,"master_deck":["Neutralize+1","Survivor","Strike_R+1","All For One","Poisoned Stab+1","Slice","Apotheosis+1","A Thousand Cuts+1","Concentrate","Escape Plan","Finesse","Dash","After Image","Calculated Gamble+1","Expertise","Deflect","Burst","Expertise","Envenom+1","Concentrate","Blur","Noxious Fumes+1","Reflex","Madness","Madness"],"relics":["Ring of the Snake","Paper Crane","Old Coin","Runic Dome","Oddly Smooth Stone","Whetstone","Meat on the Bone","Pocketwatch","Eternal Feather"],"potions_floor_usage":[29,30,31,46],"damage_taken":[{"damage":0,"enemies":"2 Louse","floor":1,"turns":4},{"damage":0,"enemies":"Small Slimes","floor":3,"turns":3},{"damage":2,"enemies":"Jaw Worm","floor":11,"turns":4},{"damage":14,"enemies":"3 Sentries","floor":12,"turns":5},{"damage":0,"enemies":"Looter","floor":13,"turns":3},{"damage":24,"enemies":"The Guardian","floor":16,"turns":9},{"damage":2,"enemies":"Shell Parasite","floor":18,"turns":5},{"damage":1,"enemies":"Spheric Guardian","floor":20,"turns":5},{"damage":0,"enemies":"Book of Stabbing","floor":23,"turns":4},{"damage":0,"enemies":"Centurion and Healer","floor":27,"turns":4},{"damage":15,"enemies":"Gremlin Leader","floor":28,"turns":3},{"damage":19,"enemies":"Cultist and Chosen","floor":29,"turns":6},{"damage":12,"enemies":"Slavers","floor":30,"turns":3},{"damage":0,"enemies":"Champ","floor":33,"turns":6},{"damage":0,"enemies":"Orb Walker","floor":35,"turns":2},{"damage":17,"enemies":"3 Shapes","floor":37,"turns":5},{"damage":0,"enemies":"Maw","floor":38,"turns":5},{"damage":0,"enemies":"Sphere and 2 Shapes","floor":41,"turns":5},{"damage":16,"enemies":"Writhing Mass","floor":42,"turns":7},{"damage":0,"enemies":"4 Shapes","floor":46,"turns":1},{"damage":0,"enemies":"Sphere and 2 Shapes","floor":48,"turns":3},{"damage":37,"enemies":"Time Eater","floor":50,"turns":14},{"damage":6,"enemies":"Donu and Deca","floor":51,"turns":5}],"seed_played":"6307531418171583122","potions_obtained":[{"floor":1,"key":"SteroidPotion"},{"floor":13,"key":"EssenceOfSteel"},{"floor":16,"key":"PowerPotion"},{"floor":20,"key":"Fire Potion"},{"floor":29,"key":"FearPotion"},{"floor":30,"key":"Poison Potion"},{"floor":41,"key":"SkillPotion"},{"floor":46,"key":"AttackPotion"}],"is_trial":true,"path_per_floor":["M","?","M","?","?","R","$","R","T","R","M","E","M","$","R","B",null,"M","?","M","?","?","E","$","R","T","M","E","M","E","$","R","B",null,"M","?","M","M","?","R","M","M","T","$","R","M","?","M","R","B","B",null],"character_chosen":"THE_SILENT","items_purchased":["Apotheosis","Finesse","Dash","Fruit Juice"],"campfire_rested":3,"item_purchase_floors":[7,14,14,31],"current_hp_per_floor":[59,64,64,57,46,46,46,46,46,67,65,51,51,51,51,27,60,58,58,57,57,57,57,57,71,71,71,56,37,37,42,42,42,68,68,68,51,51,51,63,63,47,47,47,59,59,45,45,76,39,45],"gold":38,"neow_bonus":"","is_prod":false,"is_daily":false,"chose_seed":false,"campfire_upgraded":6,"win_rate":0,"timestamp":1554747066,"path_taken":["M","?","M","?","?","R","?","R","T","R","M","E","M","$","R","BOSS","M","?","M","?","?","E","$","R","T","M","E","?","E","$","R","BOSS","M","?","M","M","?","R","M","M","T","$","R","M","?","M","R","BOSS","BOSS"],"build_version":"2019-01-23","purchased_purges":4,"victory":true,"max_hp_per_floor":[66,71,71,71,71,71,71,71,71,71,71,71,71,71,71,71,71,71,71,71,71,71,71,71,71,71,71,71,71,71,76,76,76,76,76,76,76,76,76,76,76,76,76,76,76,76,76,76,76,76,76],"card_choices":[{"not_picked":["Prepared","Blade Dance"],"picked":"Poisoned Stab","floor":1},{"not_picked":["Flying Knee","Underhanded Strike"],"picked":"Slice","floor":3},{"not_picked":["Deflect","Blur"],"picked":"A Thousand Cuts","floor":11},{"not_picked":["Bane","Accuracy"],"picked":"Concentrate","floor":12},{"not_picked":["Endless Agony","Blade Dance"],"picked":"Escape Plan","floor":13},{"not_picked":["Glass Knife","A Thousand Cuts"],"picked":"After Image","floor":16},{"not_picked":["Underhanded Strike+1","Slice+1"],"picked":"Calculated Gamble","floor":18},{"not_picked":["Quick Slash","Slice+1"],"picked":"Expertise","floor":20},{"not_picked":["Tools of the Trade","Concentrate","Dagger Throw"],"picked":"SKIP","floor":23},{"not_picked":["All Out Attack","Slice+1"],"picked":"Expertise","floor":27},{"not_picked":["Dodge and Roll+1","Night Terror","Slice"],"picked":"SKIP","floor":28},{"not_picked":["Dagger Spray","Deadly Poison","Underhanded Strike"],"picked":"SKIP","floor":29},{"not_picked":["Underhanded Strike","Dagger Throw","Deadly Poison"],"picked":"SKIP","floor":30},{"not_picked":["Corpse Explosion","Tools of the Trade"],"picked":"Envenom","floor":33},{"not_picked":["Quick Slash","Backflip"],"picked":"Concentrate","floor":35},{"not_picked":["Reflex","Quick Slash"],"picked":"Blur","floor":37},{"not_picked":["Finisher","Endless Agony+1","Riddle With Holes"],"picked":"SKIP","floor":38},{"not_picked":["Blur","Distraction"],"picked":"Noxious Fumes","floor":41},{"not_picked":["Acrobatics","Dodge and Roll"],"picked":"Reflex","floor":42},{"not_picked":["Sucker Punch+1","Cloak And Dagger","Underhanded Strike"],"picked":"SKIP","floor":46},{"not_picked":["Distraction","Accuracy","Prepared"],"picked":"SKIP","floor":48}],"player_experience":4735048,"relics_obtained":[{"floor":9,"key":"Paper Crane"},{"floor":12,"key":"Old Coin"},{"floor":23,"key":"Oddly Smooth Stone"},{"floor":26,"key":"Whetstone"},{"floor":28,"key":"Meat on the Bone"},{"floor":30,"key":"Pocketwatch"}],"event_choices":[{"damage_healed":0,"gold_gain":0,"player_choice":"Donut","damage_taken":0,"max_hp_gain":5,"max_hp_loss":0,"event_name":"Big Fish","floor":2,"gold_loss":0},{"cards_removed":["Strike_R"],"damage_healed":0,"gold_gain":0,"player_choice":"Card Removal","damage_taken":7,"max_hp_gain":0,"max_hp_loss":0,"event_name":"Golden Wing","floor":4,"gold_loss":0},{"damage_healed":0,"gold_gain":75,"player_choice":"Gather Gold","damage_taken":11,"max_hp_gain":0,"max_hp_loss":0,"event_name":"World of Goop","floor":5,"gold_loss":0},{"cards_removed":["Defend_R"],"damage_healed":0,"gold_gain":0,"player_choice":"Elegance","damage_taken":0,"max_hp_gain":0,"max_hp_loss":0,"event_name":"Back to Basics","floor":19,"gold_loss":0},{"damage_healed":0,"gold_gain":0,"cards_transformed":["Defend_R","Strike_R"],"player_choice":"Became Test Subject","damage_taken":0,"max_hp_gain":0,"max_hp_loss":0,"event_name":"Drug Dealer","floor":21,"gold_loss":0,"cards_obtained":["Deflect","Burst"]},{"damage_healed":0,"gold_gain":0,"player_choice":"Bought 3 Potions","damage_taken":0,"max_hp_gain":0,"max_hp_loss":0,"event_name":"The Woman in Blue","floor":22,"gold_loss":0},{"damage_healed":0,"gold_gain":0,"player_choice":"Ignored","damage_taken":0,"max_hp_gain":0,"max_hp_loss":0,"event_name":"Tomb of Lord Red Mask","floor":36,"gold_loss":0},{"cards_removed":["Strike_R"],"damage_healed":0,"gold_gain":0,"player_choice":"Removed Attack","damage_taken":0,"max_hp_gain":0,"max_hp_loss":0,"event_name":"Falling","floor":39,"gold_loss":0},{"damage_healed":0,"gold_gain":0,"player_choice":"Embrace Madness","damage_taken":14,"max_hp_gain":0,"max_hp_loss":0,"event_name":"Winding Halls","floor":47,"gold_loss":0,"cards_obtained":["Madness","Madness"]}],"is_beta":false,"boss_relics":[{"not_picked":["HoveringKite","Calling Bell"],"picked":"Runic Dome"},{"not_picked":["Philosopher\u0027s Stone","WristBlade"],"picked":"Eternal Feather"}],"items_purged_floors":[14,24,31,44],"is_endless":false,"potions_floor_spawned":[1,13,16,20,23,29,30,41,42,46],"ascension_level":20}