{"gold_per_floor":[109,109,109,184,204,204,231,15,64,80,94,94,127,127,127,221,221,240,240,263,87,87,87,128,128,179,179,195,235,260,135,135,230,230,244,268,291,291,141,176,176,209,256,256,272,292,323,448,448,448,448,448,448,63,98,98],"floor_reached":57,"playtime":2679,"items_purged":["Strike_R","Twin Strike","Clothesline","Pommel Strike"],"score":3272,"play_id":"a5a37598-1021-4ab8-b9b2-71a50865a15a","local_time":"20190601034213","is_ascension_mode":true,"campfire_choices":[{"data":"Clothesline","floor":6,"key":"SMITH"},{"data":"Body Slam","floor":15,"key":"SMITH"},{"data":"Armaments","floor":23,"key":"SMITH"},{"data":"Evolve","floor":25,"key":"SMITH"},{"data":"Juggernaut","floor":27,"key":"SMITH"},{"data":"Feel No Pain","floor":32,"key":"SMITH"},{"data":"Barricade","floor":41,"key":"SMITH"},{"data":"Feel No Pain","floor":44,"key":"SMITH"},{"floor":49,"key":"RECALL"},{"data":"Second Wind","floor":53,"key":"SMITH"}],"neow_cost":"NONE","seed_source_timestamp":451703138424900,"circlet_count":0,"master_deck":["AscendersBane","Evolve+1","Clothesline+1","Feel No Pain+1","Combust","Power Through","Body Slam+1","Juggernaut+1","Body Slam","Reckless Charge","Bloodletting","Metallicize","Shrug It Off","Armaments+1","Second Wind+1","Power Through","Barricade+1","Feel No Pain+1","Dark Embrace","Feel No Pain+1"],"relics":["Burning Blood","NeowsBlessing","Singing Bowl","Anchor","Golden Idol","Mummified Hand","Du-Vu Doll","Pandora\u0027s Box","FossilizedHelix","Incense Burner","Bag of Preparation","Pear","Empty Cage","Nunchaku","Juzu Bracelet","Kunai","Ice Cream","DollysMirror","Blue Candle"],"potions_floor_usage":[13,16,18,24,42,50],"damage_taken":[{"damage":0,"enemies":"2 Louse","floor":1,"turns":1},{"damage":0,"enemies":"Small Slimes","floor":5,"turns":1},{"damage":0,"enemies":"Gremlin Nob","floor":7,"turns":1},{"damage":2,"enemies":"Jaw Worm","floor":10,"turns":2},{"damage":4,"enemies":"Red Slaver","floor":11,"turns":5},{"damage":6,"enemies":"Lagavulin","floor":13,"turns":6},{"damage":11,"enemies":"Slime Boss","floor":16,"turns":8},{"damage":7,"enemies":"Shell Parasite","floor":18,"turns":4},{"damage":8,"enemies":"2 Thieves","floor":20,"turns":4},{"damage":21,"enemies":"Slavers","floor":24,"turns":4},{"damage":1,"enemies":"Centurion and Healer","floor":28,"turns":8},{"damage":0,"enemies":"Gremlin Leader","floor":29,"turns":8},{"damage":8,"enemies":"Snake Plant","floor":30,"turns":3},{"damage":62,"enemies":"Automaton","floor":33,"turns":7},{"damage":0,"enemies":"Orb Walker","floor":35,"turns":2},{"damage":0,"enemies":"3 Darklings","floor":36,"turns":5},{"damage":0,"enemies":"Maw","floor":37,"turns":5},{"damage":0,"enemies":"Giant Head","floor":40,"turns":6},{"damage":0,"enemies":"Reptomancer","floor":42,"turns":7},{"damage":0,"enemies":"Transient","floor":45,"turns":6},{"damage":0,"enemies":"4 Shapes","floor":46,"turns":7},{"damage":0,"enemies":"Nemesis","floor":47,"turns":7},{"damage":0,"enemies":"Mind Bloom Boss Battle","floor":48,"turns":6},{"damage":0,"enemies":"Awakened One","floor":50,"turns":12},{"damage":6,"enemies":"Time Eater","floor":51,"turns":11},{"damage":4,"enemies":"Shield and Spear","floor":55,"turns":6},{"damage":53,"enemies":"The Heart","floor":56,"turns":8}],"seed_played":"-6674606599383168589","potions_obtained":[{"floor":1,"key":"Regen Potion"},{"floor":10,"key":"FairyPotion"},{"floor":13,"key":"PowerPotion"},{"floor":16,"key":"SkillPotion"},{"floor":18,"key":"Regen Potion"},{"floor":20,"key":"EssenceOfSteel"},{"floor":33,"key":"Regen Potion"},{"floor":36,"key":"Swift Potion"},{"floor":42,"key":"SneckoOil"},{"floor":55,"key":"SpeedPotion"}],"is_trial":false,"path_per_floor":["M","?","?","?","M","R","E","$","T","M","M","?","E","T","R","B",null,"M","?","M","$","?","R","E","R","T","R","M","E","M","$","R","B",null,"M","M","M","?","$","E","R","E","T","R","M","M","E","?","R","B","B",null,"R","$","E","B",null],"character_chosen":"IRONCLAD","items_purchased":["Combust","Headbutt","Second Wind","Dark Embrace","DollysMirror","EssenceOfSteel"],"campfire_rested":0,"item_purchase_floors":[8,8,21,54,54,54],"current_hp_per_floor":[74,51,44,33,39,39,45,45,45,49,51,51,66,66,66,61,66,67,67,65,65,65,65,52,52,52,52,59,77,75,75,75,19,69,77,85,92,92,92,94,94,94,94,94,96,98,100,102,102,102,102,102,102,102,104,57],"gold":98,"neow_bonus":"THREE_ENEMY_KILL","is_prod":false,"is_daily":false,"chose_seed":false,"campfire_upgraded":9,"win_rate":0,"timestamp":1559328133,"path_taken":["M","?","?","?","M","R","E","$","T","M","M","?","E","?","R","BOSS","M","?","?","$","?","R","E","R","T","R","M","E","?","$","R","BOSS","M","M","M","?","$","E","R","E","T","R","M","M","E","?","R","BOSS","BOSS","R","$","E","BOSS"],"build_version":"2019-01-23","purchased_purges":4,"victory":true,"max_hp_per_floor":[75,75,75,75,75,75,75,75,75,75,75,68,68,68,68,68,68,70,70,70,70,70,70,72,72,72,72,74,86,86,86,86,86,86,88,90,92,92,92,94,94,94,94,94,96,98,100,102,102,102,102,102,102,102,104,104],"card_choices":[{"not_picked":["Entrench","Sword Boomerang"],"picked":"Evolve","floor":1},{"not_picked":["Shockwave","Thunderclap"],"picked":"Clothesline","floor":5},{"not_picked":["Metallicize","Heavy Blade"],"picked":"Feel No Pain","floor":7},{"not_picked":["Sever Soul","Sword Boomerang"],"picked":"Power Through","floor":10},{"not_picked":["Twin Strike","Clash"],"picked":"Wild Strike","floor":11},{"not_picked":["Rupture","Bloodletting"],"picked":"Body Slam","floor":13},{"not_picked":["Berserk","Exhume"],"picked":"Juggernaut","floor":16},{"not_picked":["Warcry","Headbutt","Pommel Strike"],"picked":"Singing Bowl","floor":18},{"not_picked":["Thunderclap","Heavy Blade"],"picked":"Armaments","floor":20},{"not_picked":["Warcry","Iron Wave","Combust"],"picked":"Singing Bowl","floor":24},{"not_picked":["Pummel+1","Dual Wield","Flex"],"picked":"Singing Bowl","floor":28},{"not_picked":["Sentinel","Shrug It Off","Cleave"],"picked":"Singing Bowl","floor":29},{"not_picked":["Searing Blow+1","Reckless Charge"],"picked":"Power Through","floor":30},{"not_picked":["Brutality","Double Tap"],"picked":"Barricade","floor":33},{"not_picked":["Whirlwind","Sword Boomerang","Power Through"],"picked":"Singing Bowl","floor":35},{"not_picked":["Pummel","Body Slam","Twin Strike"],"picked":"Singing Bowl","floor":36},{"not_picked":["Hemokinesis","Anger","Cleave"],"picked":"Singing Bowl","floor":37},{"not_picked":["Flex+1","Wild Strike","Headbutt"],"picked":"Singing Bowl","floor":40},{"not_picked":["Power Through+1","Seeing Red"],"picked":"Feel No Pain","floor":42},{"not_picked":["Pommel Strike+1","Rage+1","Heavy Blade"],"picked":"Singing Bowl","floor":45},{"not_picked":["Havoc","Flex","Iron Wave"],"picked":"Singing Bowl","floor":46},{"not_picked":["Iron Wave","Double Tap","Headbutt"],"picked":"Singing Bowl","floor":47},{"not_picked":["Flame Barrier","Rupture","Iron Wave"],"picked":"Singing Bowl","floor":48},{"not_picked":["Heavy Blade+1","Flame Barrier","Armaments+1"],"picked":"Singing Bowl","floor":55}],"player_experience":5235874,"relics_obtained":[{"floor":7,"key":"Singing Bowl"},{"floor":9,"key":"Anchor"},{"floor":13,"key":"Mummified Hand"},{"floor":14,"key":"Du-Vu Doll"},{"floor":24,"key":"Incense Burner"},{"floor":26,"key":"Bag of Preparation"},{"floor":29,"key":"Pear"},{"floor":40,"key":"Nunchaku"},{"floor":42,"key":"Juzu Bracelet"},{"floor":47,"key":"Kunai"},{"floor":48,"key":"Ice Cream"},{"floor":55,"key":"Blue Candle"}],"event_choices":[{"damage_healed":0,"gold_gain":0,"player_choice":"Entered Light","damage_taken":23,"max_hp_gain":0,"max_hp_loss":0,"event_name":"Shining Light","floor":2,"gold_loss":0,"cards_upgraded":["Strike_R","Strike_R"]},{"cards_removed":["Strike_R"],"damage_healed":0,"gold_gain":0,"player_choice":"Card Removal","damage_taken":7,"max_hp_gain":0,"max_hp_loss":0,"event_name":"Golden Wing","floor":3,"gold_loss":0},{"damage_healed":0,"gold_gain":75,"player_choice":"Gather Gold","damage_taken":11,"max_hp_gain":0,"max_hp_loss":0,"event_name":"World of Goop","floor":4,"gold_loss":0},{"damage_healed":0,"gold_gain":0,"player_choice":"Lose Max HP","damage_taken":0,"relics_obtained":["Golden Idol"],"max_hp_gain":0,"max_hp_loss":7,"event_name":"Golden Idol","floor":12,"gold_loss":0},{"damage_healed":0,"gold_gain":0,"player_choice":"1 cards matched","damage_taken":0,"max_hp_gain":0,"max_hp_loss":0,"event_name":"Match and Keep!","floor":19,"gold_loss":0,"cards_obtained":["Twin Strike"]},{"cards_removed":["Wild Strike"],"damage_healed":0,"gold_gain":0,"player_choice":"Gave Card","damage_taken":0,"relics_obtained":["FossilizedHelix"],"max_hp_gain":0,"max_hp_loss":0,"event_name":"WeMeetAgain","floor":22,"gold_loss":0},{"damage_healed":0,"gold_gain":0,"player_choice":"Ignored","damage_taken":0,"max_hp_gain":0,"max_hp_loss":0,"event_name":"Tomb of Lord Red Mask","floor":38,"gold_loss":0},{"damage_healed":0,"gold_gain":0,"player_choice":"Fight","damage_taken":0,"max_hp_gain":0,"max_hp_loss":0,"event_name":"MindBloom","floor":48,"gold_loss":0}],"is_beta":false,"boss_relics":[{"not_picked":["Eternal Feather","Runic Dome"],"picked":"Pandora\u0027s Box"},{"not_picked":["Black Star","Black Blood"],"picked":"Empty Cage"}],"items_purged_floors":[8,21,31,39],"is_endless":false,"potions_floor_spawned":[1,10,13,16,18,20,33,36,37,42,55],"ascension_level":20}