{"gold_per_floor":[110,122,132,144,144,144,160,160,187,217,47,47,63,88,88,88],"floor_reached":16,"playtime":421,"items_purged":["Strike_B"],"score":228,"play_id":"0d2c6d21-8f5a-4d23-8225-7989ecad2734","local_time":"20190714024128","is_ascension_mode":true,"campfire_choices":[{"data":"Darkness","floor":6,"key":"SMITH"},{"data":"Go for the Eyes","floor":8,"key":"SMITH"},{"data":"Loop","floor":12,"key":"SMITH"},{"data":"Defragment","floor":15,"key":"SMITH"}],"neow_cost":"NONE","seed_source_timestamp":291278243936200,"circlet_count":0,"master_deck":["AscendersBane","Strike_B","Strike_B","Defend_B","Defend_B","Defend_B","Defend_B","Zap","Dualcast","Static Discharge","Cold Snap","Go for the Eyes+1","Darkness+1","Leap","Rebound","Sunder","Hologram","Loop+1","Defragment+1","Compile Driver"],"relics":["Cracked Core","PreservedInsect","Dream Catcher","Regal Pillow"],"potions_floor_usage":[5,10],"damage_taken":[{"damage":1,"enemies":"Cultist","floor":1,"turns":3},{"damage":10,"enemies":"Jaw Worm","floor":2,"turns":4},{"damage":5,"enemies":"2 Louse","floor":3,"turns":2},{"damage":4,"enemies":"Blue Slaver","floor":4,"turns":4},{"damage":0,"enemies":"Gremlin Gang","floor":5,"turns":1},{"damage":1,"enemies":"2 Fungi Beasts","floor":7,"turns":4},{"damage":10,"enemies":"3 Sentries","floor":10,"turns":7},{"damage":3,"enemies":"Blue Slaver","floor":13,"turns":5},{"damage":16,"enemies":"Gremlin Nob","floor":14,"turns":4},{"damage":38,"enemies":"Slime Boss","floor":16,"turns":3}],"seed_played":"-3960895450043942037","potions_obtained":[{"floor":2,"key":"EssenceOfSteel"},{"floor":3,"key":"SmokeBomb"},{"floor":7,"key":"Fire Potion"},{"floor":13,"key":"Ancient Potion"}],"is_trial":false,"path_per_floor":["M","M","M","M","M","R","M","R","T","E","$","R","M","E","R","B"],"character_chosen":"DEFECT","items_purchased":["Hologram","Loop"],"campfire_rested":0,"item_purchase_floors":[11,11],"current_hp_per_floor":[63,53,48,44,44,44,43,43,43,33,33,33,30,14,14,0],"gold":88,"neow_bonus":"TRANSFORM_CARD","is_prod":false,"is_daily":false,"chose_seed":false,"campfire_upgraded":4,"win_rate":0,"timestamp":1563039688,"path_taken":["M","M","M","M","M","R","M","R","T","E","?","R","M","E","R","BOSS"],"build_version":"2019-07-05","purchased_purges":1,"victory":false,"max_hp_per_floor":[71,71,71,71,71,71,71,71,71,71,71,71,71,71,71,71],"card_choices":[{"not_picked":["Beam Cell","Rebound"],"picked":"Cold Snap","floor":1},{"not_picked":["Tempest","Storm"],"picked":"Go for the Eyes","floor":2},{"not_picked":["Redo","Go for the Eyes"],"picked":"Darkness","floor":3},{"not_picked":["Ball Lightning","White Noise"],"picked":"Leap","floor":4},{"not_picked":["Heatsinks","Cold Snap"],"picked":"Rebound","floor":7},{"not_picked":["Steam Power","Scrape"],"picked":"Sunder","floor":10},{"not_picked":["Stack","Force Field"],"picked":"Defragment","floor":13},{"not_picked":["Cold Snap","Double Energy"],"picked":"Compile Driver","floor":14}],"player_experience":5680422,"relics_obtained":[{"floor":9,"key":"PreservedInsect"},{"floor":10,"key":"Dream Catcher"},{"floor":14,"key":"Regal Pillow"}],"event_choices":[],"is_beta":false,"boss_relics":[],"items_purged_floors":[11],"is_endless":false,"potions_floor_spawned":[2,3,7,13],"killed_by":"Slime Boss","ascension_level":20}