{"gold_per_floor":[112,123,143,143,162,162,162,179,179,207,207,218,250,262,262,339,339,355,570,570,570,670,670,99,113,168,196,196,227,244,61,61,138,138,158,176,195,195,16,49,83,109,109,209,209,242,242,253,253,253,253,253,253,27,56,56],"floor_reached":56,"playtime":2797,"items_purged":["Strike_G","Strike_G","Corpse Explosion"],"score":2476,"play_id":"1ee51444-1b6b-40e6-846a-a9f95ceec78f","local_time":"20190402014652","is_ascension_mode":true,"campfire_choices":[{"data":"Skewer","floor":6.0,"key":"SMITH"},{"floor":11.0,"key":"REST"},{"data":"Flechettes","floor":15.0,"key":"SMITH"},{"data":"Expertise","floor":23.0,"key":"SMITH"},{"data":"Apotheosis","floor":28,"key":"SMITH"},{"floor":32,"key":"RECALL"},{"data":"Calculated Gamble","floor":45,"key":"SMITH"},{"data":"Footwork","floor":49,"key":"SMITH"},{"data":"Adrenaline","floor":53,"key":"SMITH"}],"neow_cost":"NONE","seed_source_timestamp":1646236791767300,"circlet_count":0,"master_deck":["AscendersBane","Defend_G","Defend_G","Defend_G","Defend_G","Survivor","Neutralize+1","Flechettes+1","Cloak And Dagger","Skewer+1","Concentrate","Concentrate","Masterful Stab+1","Skewer+1","Expertise+1","Adrenaline+1","Necronomicurse","Terror","Apotheosis+1","Tactician","Well Laid Plans+1","Footwork+1","Calculated Gamble+1","Acrobatics","Phantasmal Killer","Acrobatics+1","Reflex","Panacea"],"special_seed":0,"relics":["Ring of the Snake","Molten Egg 2","Darkstone Periapt","Blood Vial","Sozu","Old Coin","Necronomicon","WingedGreaves","Meat on the Bone","Pantograph","Gremlin Horn","Bottled Flame","Empty Cage","Singing Bowl","Art of War","Blue Candle","Shuriken","FossilizedHelix","Frozen Egg 2","Strawberry"],"potions_floor_usage":[56],"damage_taken":[{"damage":4.0,"enemies":"2 Louse","floor":1.0,"turns":3.0},{"damage":3.0,"enemies":"Cultist","floor":2.0,"turns":4.0},{"damage":4.0,"enemies":"Small Slimes","floor":3.0,"turns":3.0},{"damage":1.0,"enemies":"2 Fungi Beasts","floor":5.0,"turns":4.0},{"damage":0.0,"enemies":"Looter","floor":8.0,"turns":3.0},{"damage":45.0,"enemies":"Lagavulin","floor":10.0,"turns":9.0},{"damage":1.0,"enemies":"3 Louse","floor":12.0,"turns":2.0},{"damage":10.0,"enemies":"3 Sentries","floor":13.0,"turns":7.0},{"damage":0.0,"enemies":"Blue Slaver","floor":14.0,"turns":3.0},{"damage":19.0,"enemies":"Slime Boss","floor":16.0,"turns":8.0},{"damage":1.0,"enemies":"2 Thieves","floor":18.0,"turns":4.0},{"damage":0.0,"enemies":"Colosseum Slavers","floor":22.0,"turns":2.0},{"damage":24.0,"enemies":"Colosseum Nobs","floor":22.0,"turns":6.0},{"damage":0.0,"enemies":"Spheric Guardian","floor":25.0,"turns":1.0},{"damage":1,"enemies":"Slavers","floor":27,"turns":4},{"damage":2,"enemies":"Gremlin Leader","floor":29,"turns":3},{"damage":0,"enemies":"Snecko","floor":30,"turns":2},{"damage":16,"enemies":"Collector","floor":33,"turns":7},{"damage":0,"enemies":"3 Darklings","floor":35,"turns":4},{"damage":0,"enemies":"3 Shapes","floor":36,"turns":2},{"damage":2,"enemies":"Writhing Mass","floor":37,"turns":4},{"damage":7,"enemies":"Nemesis","floor":40,"turns":3},{"damage":0,"enemies":"Giant Head","floor":41,"turns":2},{"damage":0,"enemies":"Reptomancer","floor":42,"turns":3},{"damage":0,"enemies":"Mind Bloom Boss Battle","floor":44,"turns":2},{"damage":0,"enemies":"Giant Head","floor":46,"turns":3},{"damage":0,"enemies":"Maw","floor":48,"turns":3},{"damage":0,"enemies":"Time Eater","floor":50,"turns":4},{"damage":0,"enemies":"Awakened One","floor":51,"turns":4},{"damage":0,"enemies":"Shield and Spear","floor":55,"turns":3},{"damage":92,"enemies":"The Heart","floor":56,"turns":6}],"seed_played":"-6353321240961159011","potions_obtained":[{"floor":2.0,"key":"Regen Potion"},{"floor":10.0,"key":"Block Potion"},{"floor":12.0,"key":"Poison Potion"},{"floor":14.0,"key":"LiquidBronze"}],"is_trial":false,"path_per_floor":["M","M","M","?","M","R","?","M","T","E","R","M","E","M","R","B",null,"M","?","?","?","?","R","$","M","T","E","R","E","M","$","R","B",null,"M","M","M","?","$","E","E","E","T","?","R","E","?","M","R","B","B",null,"R","$","E","B"],"character_chosen":"THE_SILENT","items_purchased":["Pantograph","Apotheosis","Footwork","Phantasmal Killer","Panacea"],"campfire_rested":1,"item_purchase_floors":[24,24,31,39,54],"current_hp_per_floor":[55,52,48,48,47,47,47,56,56,11,30,29,19,21,21,4,51,52,52,52,37,17,17,17,31,31,44,44,44,46,46,46,56,68,70,72,70,70,70,65,69,71,71,76,76,78,78,80,80,80,80,80,80,80,89,0],"gold":56,"neow_bonus":"UPGRADE_CARD","is_prod":false,"is_daily":false,"chose_seed":false,"campfire_upgraded":7,"win_rate":0,"timestamp":1554137212,"path_taken":["M","M","M","?","?","R","?","M","T","E","R","M","E","M","R","BOSS","M","?","?","?","?","R","$","M","T","E","R","E","M","$","R","BOSS","M","M","M","?","$","E","E","E","T","?","R","E","?","M","R","BOSS","BOSS","R","$","E","BOSS"],"build_version":"2019-01-23","purchased_purges":3,"victory":false,"max_hp_per_floor":[66,66,66,66,66,66,66,66,66,66,66,66,66,66,66,66,66,66,66,66,72,72,72,72,72,72,72,72,72,72,72,72,72,72,72,72,72,72,72,72,74,74,74,76,76,78,78,80,80,80,80,80,80,80,89,89],"card_choices":[{"not_picked":["Acrobatics","Dagger Throw"],"picked":"Dagger Spray","floor":1.0},{"not_picked":["Underhanded Strike","Slice"],"picked":"Flechettes","floor":2.0},{"not_picked":["Dagger Spray","Slice"],"picked":"Cloak And Dagger","floor":3.0},{"not_picked":["Prepared","Catalyst"],"picked":"Concentrate","floor":5.0},{"not_picked":["Dagger Throw","Dagger Spray","Concentrate"],"picked":"SKIP","floor":8.0},{"not_picked":["Dagger Throw","Dagger Spray","Concentrate"],"picked":"SKIP","floor":8.0},{"not_picked":["After Image","Reflex"],"picked":"Masterful Stab+1","floor":10.0},{"not_picked":["Dagger Spray+1","Deadly Poison"],"picked":"Skewer+1","floor":12.0},{"not_picked":["Wraith Form v2","Dagger Spray+1"],"picked":"Expertise","floor":13.0},{"not_picked":["Flying Knee+1","Dagger Spray+1","Prepared"],"picked":"SKIP","floor":14.0},{"not_picked":["Night Terror","Envenom"],"picked":"Adrenaline","floor":16.0},{"not_picked":["Flying Knee+1","Predator+1","Riddle With Holes+1"],"picked":"SKIP","floor":18.0},{"not_picked":["Deflect","Riddle With Holes+1"],"picked":"Terror","floor":22.0},{"not_picked":["Flying Knee+1","Deadly Poison","Deflect"],"picked":"SKIP","floor":25.0},{"not_picked":["Caltrops+1","Burst","Deflect"],"picked":"SKIP","floor":27},{"not_picked":["Escape Plan","Masterful Stab+1"],"picked":"Tactician","floor":29},{"not_picked":["PiercingWail","Acrobatics+1"],"picked":"Well Laid Plans+1","floor":30},{"not_picked":["Doppelganger","Grand Finale+1"],"picked":"Corpse Explosion","floor":33},{"not_picked":["Dodge and Roll","Skewer+1"],"picked":"Calculated Gamble","floor":35},{"not_picked":["Choke+1","Outmaneuver"],"picked":"Acrobatics","floor":36},{"not_picked":["Dodge and Roll","Masterful Stab+1","Crippling Poison"],"picked":"SKIP","floor":37},{"not_picked":["Dodge and Roll","Masterful Stab+1","Crippling Poison"],"picked":"SKIP","floor":37},{"not_picked":["Concentrate","Prepared"],"picked":"Acrobatics+1","floor":40},{"not_picked":["Expertise+1","All Out Attack+1","Sucker Punch+1"],"picked":"Singing Bowl","floor":41},{"not_picked":["Backstab+1","Tools of the Trade"],"picked":"Reflex","floor":42},{"not_picked":["Outmaneuver","Flechettes+1","Eviscerate+1"],"picked":"Singing Bowl","floor":44},{"not_picked":["Noxious Fumes","Terror","Reflex"],"picked":"Singing Bowl","floor":46},{"not_picked":["Underhanded Strike+1","All Out Attack+1","Dagger Spray+1"],"picked":"Singing Bowl","floor":48},{"not_picked":["Noxious Fumes+1","Endless Agony+1","Dodge and Roll"],"picked":"Singing Bowl","floor":55}],"player_experience":4678815,"relics_obtained":[{"floor":9.0,"key":"Molten Egg 2"},{"floor":10.0,"key":"Darkstone Periapt"},{"floor":13.0,"key":"Blood Vial"},{"floor":21.0,"key":"Necronomicon"},{"floor":22.0,"key":"WingedGreaves"},{"floor":22.0,"key":"Meat on the Bone"},{"floor":27,"key":"Gremlin Horn"},{"floor":29,"key":"Bottled Flame"},{"floor":40,"key":"Singing Bowl"},{"floor":41,"key":"Art of War"},{"floor":42,"key":"Blue Candle"},{"floor":43,"key":"Shuriken"},{"floor":44,"key":"FossilizedHelix"},{"floor":46,"key":"Frozen Egg 2"},{"floor":55,"key":"Strawberry"}],"event_choices":[{"damage_healed":0.0,"max_hp_gain":0.0,"max_hp_loss":0.0,"gold_gain":0.0,"cards_transformed":["Strike_G"],"event_name":"Transmorgrifier","player_choice":"Transformed","floor":4.0,"gold_loss":0.0,"damage_taken":0.0,"cards_obtained":["Skewer"]},{"damage_healed":0.0,"max_hp_gain":0.0,"max_hp_loss":0.0,"gold_gain":0.0,"cards_transformed":["Strike_G"],"event_name":"Living Wall","player_choice":"Change","floor":7.0,"gold_loss":0.0,"damage_taken":0.0,"cards_obtained":["Concentrate"]},{"damage_healed":0.0,"max_hp_gain":0.0,"max_hp_loss":0.0,"gold_gain":0.0,"event_name":"Addict","player_choice":"Obtained Relic","floor":19.0,"gold_loss":85.0,"damage_taken":0.0,"relics_obtained":["Old Coin"]},{"damage_healed":0.0,"max_hp_gain":0.0,"max_hp_loss":0.0,"gold_gain":0.0,"event_name":"Ghosts","player_choice":"Ignored","floor":20.0,"gold_loss":0.0,"damage_taken":0.0},{"damage_healed":0.0,"max_hp_gain":0.0,"max_hp_loss":0.0,"gold_gain":0.0,"event_name":"Cursed Tome","player_choice":"Obtained Book","floor":21.0,"gold_loss":0.0,"damage_taken":21.0},{"damage_healed":0.0,"max_hp_gain":0.0,"max_hp_loss":0.0,"gold_gain":0.0,"event_name":"Colosseum","player_choice":"Fight","floor":22.0,"gold_loss":0.0,"damage_taken":0.0},{"damage_healed":0.0,"max_hp_gain":0.0,"max_hp_loss":0.0,"gold_gain":0.0,"event_name":"Colosseum","player_choice":"Fought Nobs","floor":22.0,"gold_loss":0.0,"damage_taken":0.0},{"damage_healed":0,"gold_gain":0,"player_choice":"Ignored","damage_taken":0,"max_hp_gain":0,"max_hp_loss":0,"event_name":"Tomb of Lord Red Mask","floor":38,"gold_loss":0},{"damage_healed":0,"gold_gain":0,"player_choice":"Fight","damage_taken":0,"max_hp_gain":0,"max_hp_loss":0,"event_name":"MindBloom","floor":44,"gold_loss":0},{"cards_removed":["Dagger Spray"],"damage_healed":0,"gold_gain":0,"player_choice":"Removed Attack","damage_taken":0,"max_hp_gain":0,"max_hp_loss":0,"event_name":"Falling","floor":47,"gold_loss":0}],"is_beta":false,"boss_relics":[{"not_picked":["Snecko Eye","Black Star"],"picked":"Sozu"},{"not_picked":["Runic Pyramid","Busted Crown"],"picked":"Empty Cage"}],"items_purged_floors":[24,31,54],"is_endless":false,"potions_floor_spawned":[2,10,12,14,22,29,30,36,37,48,55],"killed_by":"The Heart","ascension_level":20}