{"gold_per_floor":[113,188,200,200,219,219,249,268,293,23,53,53,53,63,63,63],"floor_reached":16,"playtime":420,"items_purged":["Defend_B"],"score":90,"play_id":"aa741c66-f059-4955-8923-641e25468068","local_time":"20190717210713","is_ascension_mode":false,"campfire_choices":[{"floor":6,"key":"REST"},{"data":"Streamline","floor":13,"key":"SMITH"},{"data":"Zap","floor":15,"key":"SMITH"}],"neow_cost":"NONE","seed_source_timestamp":616119692810500,"circlet_count":0,"master_deck":["Strike_B","Strike_B","Strike_B+1","Strike_B","Defend_B","Defend_B","Defend_B","Zap+1","Dualcast+1","Darkness","Rebound","Streamline+1","Rebound","Loop"],"relics":["Busted Crown","Odd Mushroom","Strawberry","Runic Capacitor","Centennial Puzzle"],"potions_floor_usage":[16,16],"damage_taken":[{"damage":1,"enemies":"2 Louse","floor":1,"turns":3},{"damage":2,"enemies":"Small Slimes","floor":3,"turns":4},{"damage":0,"enemies":"Cultist","floor":5,"turns":2},{"damage":21,"enemies":"The Mushroom Lair","floor":7,"turns":5},{"damage":12,"enemies":"2 Fungi Beasts","floor":8,"turns":3},{"damage":0,"enemies":"Exordium Wildlife","floor":14,"turns":2},{"damage":47,"enemies":"The Guardian","floor":16,"turns":5}],"seed_played":"-3898694336985272153","potions_obtained":[{"floor":1,"key":"Swift Potion"},{"floor":3,"key":"PowerPotion"},{"floor":7,"key":"Poison Potion"}],"is_trial":false,"path_per_floor":["M","?","M","?","M","R","?","M","T","$","?","$","R","M","R","B"],"character_chosen":"DEFECT","items_purchased":["Runic Capacitor"],"campfire_rested":1,"item_purchase_floors":[10],"current_hp_per_floor":[74,63,61,46,46,68,47,35,42,42,42,42,42,42,42,0],"gold":63,"neow_bonus":"BOSS_RELIC","is_prod":false,"is_daily":false,"chose_seed":false,"campfire_upgraded":2,"win_rate":0.0,"timestamp":1563415633,"path_taken":["M","?","M","?","M","R","?","M","T","$","?","?","R","M","R","BOSS"],"build_version":"2019-07-05","purchased_purges":1,"victory":false,"max_hp_per_floor":[75,75,75,75,75,75,75,75,82,82,82,82,82,82,82,82],"card_choices":[{"not_picked":[],"picked":"Darkness","floor":1},{"not_picked":[],"picked":"Rebound","floor":3},{"not_picked":["Blizzard"],"picked":"SKIP","floor":5},{"not_picked":[],"picked":"Streamline","floor":7},{"not_picked":[],"picked":"Rebound","floor":8},{"not_picked":[],"picked":"Loop","floor":14}],"player_experience":80874,"relics_obtained":[{"floor":7,"key":"Odd Mushroom"},{"floor":9,"key":"Strawberry"}],"event_choices":[{"damage_healed":0,"gold_gain":75,"player_choice":"Gather Gold","damage_taken":11,"max_hp_gain":0,"max_hp_loss":0,"event_name":"World of Goop","floor":2,"gold_loss":0},{"damage_healed":0,"gold_gain":0,"player_choice":"Entered Light","damage_taken":15,"max_hp_gain":0,"max_hp_loss":0,"event_name":"Shining Light","floor":4,"gold_loss":0,"cards_upgraded":["Strike_B","Dualcast"]},{"damage_healed":0,"gold_gain":0,"player_choice":"Fought Mushrooms","damage_taken":0,"max_hp_gain":0,"max_hp_loss":0,"event_name":"Mushrooms","floor":7,"gold_loss":0},{"damage_healed":0,"gold_gain":30,"player_choice":"Searched \u00272\u0027 times","damage_taken":0,"relics_obtained":["Centennial Puzzle"],"max_hp_gain":0,"max_hp_loss":0,"event_name":"Dead Adventurer","floor":11,"gold_loss":0}],"is_beta":false,"boss_relics":[],"items_purged_floors":[10],"is_endless":false,"potions_floor_spawned":[1,3,7,8],"killed_by":"The Guardian","ascension_level":0}