{"gold_per_floor":[119,138,154,166,178,178,203,219,295,306,306,317,351,363,363,435,435,454,634,647,328,345,345,345,345,345,370,389,420,470,495,495,495],"floor_reached":33,"playtime":2771,"items_purged":["Normality"],"score":642,"play_id":"75bf0874-17e7-45c9-8d47-076ca6f6563f","local_time":"20190723000431","is_ascension_mode":true,"campfire_choices":[{"data":"Defragment","floor":6.0,"key":"SMITH"},{"floor":11.0,"key":"REST"},{"data":"Consume","floor":15.0,"key":"SMITH"},{"floor":23.0,"key":"REST"},{"data":"Fission","floor":25.0,"key":"SMITH"},{"floor":32.0,"key":"REST"}],"neow_cost":"NONE","seed_source_timestamp":176561272726900,"circlet_count":0,"master_deck":["AscendersBane","Strike_B","Strike_B","Strike_B","Strike_B","Defend_B","Defend_B","Defend_B","Defend_B","Zap","Dualcast","Streamline","Sweeping Beam","Go for the Eyes","Defragment+1","Self Repair","Chill","Consume+1","Coolheaded","Seek","Electrodynamics","Conserve Battery","Fission+1","Force Field","Hologram","White Noise"],"special_seed":0,"relics":["Cracked Core","Centennial Puzzle","PreservedInsect","Question Card","Emotion Chip","Calling Bell","Art of War","Molten Egg 2","Bird Faced Urn","Bag of Preparation","Gambling Chip","Girya","Boot","Ornamental Fan"],"potions_floor_usage":[33],"damage_taken":[{"damage":0.0,"enemies":"Small Slimes","floor":1.0,"turns":4.0},{"damage":1.0,"enemies":"Cultist","floor":2.0,"turns":3.0},{"damage":4.0,"enemies":"2 Louse","floor":3.0,"turns":2.0},{"damage":11.0,"enemies":"Lots of Slimes","floor":4.0,"turns":4.0},{"damage":10.0,"enemies":"Large Slime","floor":5.0,"turns":4.0},{"damage":22.0,"enemies":"3 Sentries","floor":7.0,"turns":6.0},{"damage":7.0,"enemies":"Exordium Wildlife","floor":8.0,"turns":2.0},{"damage":16.0,"enemies":"Red Slaver","floor":10.0,"turns":4.0},{"damage":13.0,"enemies":"Blue Slaver","floor":12.0,"turns":4.0},{"damage":6.0,"enemies":"Gremlin Nob","floor":13.0,"turns":3.0},{"damage":4.0,"enemies":"Exordium Thugs","floor":14.0,"turns":5.0},{"damage":20.0,"enemies":"The Guardian","floor":16.0,"turns":13.0},{"damage":19.0,"enemies":"Spheric Guardian","floor":18.0,"turns":6.0},{"damage":8.0,"enemies":"Chosen","floor":20.0,"turns":5.0},{"damage":22.0,"enemies":"Snecko","floor":22.0,"turns":5.0},{"damage":7.0,"enemies":"Gremlin Leader","floor":27.0,"turns":5.0},{"damage":12.0,"enemies":"Shelled Parasite and Fungi","floor":28.0,"turns":6.0},{"damage":45.0,"enemies":"Book of Stabbing","floor":29.0,"turns":5.0},{"damage":29.0,"enemies":"Slavers","floor":31.0,"turns":2.0},{"damage":53,"enemies":"Collector","floor":33,"turns":14}],"seed_played":"-3586675251409439880","potions_obtained":[{"floor":2.0,"key":"Ancient Potion"},{"floor":3.0,"key":"EssenceOfSteel"},{"floor":8.0,"key":"Fruit Juice"},{"floor":10.0,"key":"Fruit Juice"},{"floor":14.0,"key":"Regen Potion"},{"floor":18.0,"key":"AttackPotion"},{"floor":22.0,"key":"Swift Potion"},{"floor":29.0,"key":"EssenceOfSteel"}],"is_trial":false,"path_per_floor":["M","M","M","M","M","R","E","M","T","M","R","M","E","M","R","B",null,"M","?","M","$","M","R","?","R","T","E","M","E","?","E","R","B"],"character_chosen":"DEFECT","items_purchased":["Bag of Preparation","Regen Potion"],"campfire_rested":3,"item_purchase_floors":[21,21],"current_hp_per_floor":[64,63,59,48,38,38,16,21,21,17,41,35,36,32,32,34,69,63,39,44,44,40,64,64,64,64,70,71,39,39,21,45,0],"gold":495,"neow_bonus":"RANDOM_COMMON_RELIC","is_prod":false,"is_daily":false,"chose_seed":false,"campfire_upgraded":3,"win_rate":0,"timestamp":1563807871,"path_taken":["M","M","M","M","M","R","E","M","T","M","R","M","E","M","R","BOSS","M","?","M","$","?","R","?","R","T","E","?","E","?","E","R","BOSS"],"build_version":"2019-07-17","purchased_purges":1,"victory":false,"max_hp_per_floor":[71,71,71,71,71,71,71,76,76,81,81,81,81,81,81,81,81,81,81,81,81,81,81,81,81,81,81,81,81,81,81,81,81],"card_choices":[{"not_picked":["Barrage","Coolheaded"],"picked":"Streamline","floor":1.0},{"not_picked":["Steam","Redo"],"picked":"Sweeping Beam","floor":3.0},{"not_picked":["Coolheaded","Barrage"],"picked":"Go for the Eyes","floor":4.0},{"not_picked":["Static Discharge","Tempest"],"picked":"Defragment","floor":5.0},{"not_picked":["Gash","Leap"],"picked":"Self Repair","floor":7.0},{"not_picked":["Go for the Eyes","Self Repair"],"picked":"Chill","floor":8.0},{"not_picked":["Barrage","Aggregate","Compile Driver"],"picked":"Consume","floor":10.0},{"not_picked":["Recycle","Rebound","Streamline"],"picked":"Coolheaded","floor":12.0},{"not_picked":["Cold Snap","Barrage","Rainbow"],"picked":"Seek","floor":13.0},{"not_picked":["Consume","Doom and Gloom","Force Field","Reprogram"],"picked":"SKIP","floor":14.0},{"not_picked":["Rainbow","Creative AI","Amplify"],"picked":"Electrodynamics","floor":16.0},{"not_picked":["Double Energy","Streamline+1","Tempest"],"picked":"Conserve Battery","floor":18.0},{"not_picked":["Go for the Eyes+1","Hello World","Gash+1"],"picked":"Fission","floor":22.0},{"not_picked":["Static Discharge","Coolheaded","Sunder+1"],"picked":"Force Field","floor":27.0},{"not_picked":["Scrape+1","Auto Shields","Machine Learning"],"picked":"Hologram","floor":29.0},{"not_picked":["Rebound+1","Cold Snap+1","Stack"],"picked":"White Noise","floor":31.0}],"player_experience":5778827,"relics_obtained":[{"floor":7.0,"key":"PreservedInsect"},{"floor":9.0,"key":"Question Card"},{"floor":13.0,"key":"Emotion Chip"},{"floor":17.0,"key":"Art of War"},{"floor":17.0,"key":"Molten Egg 2"},{"floor":17.0,"key":"Bird Faced Urn"},{"floor":26.0,"key":"Gambling Chip"},{"floor":27.0,"key":"Girya"},{"floor":29.0,"key":"Boot"},{"floor":31.0,"key":"Ornamental Fan"}],"event_choices":[{"damage_healed":0.0,"max_hp_gain":0.0,"max_hp_loss":0.0,"gold_gain":180.0,"event_name":"Knowing Skull","player_choice":"GOLD GOLD ","floor":19.0,"potions_obtained":[],"gold_loss":0.0,"damage_taken":24.0,"cards_obtained":[]},{"cards_removed":["Writhe","Clumsy"],"damage_healed":0.0,"max_hp_gain":0.0,"max_hp_loss":0.0,"gold_gain":0.0,"event_name":"Fountain of Cleansing","player_choice":"Removed Curses","floor":24.0,"gold_loss":0.0,"damage_taken":0.0},{"damage_healed":0.0,"max_hp_gain":0.0,"max_hp_loss":0.0,"gold_gain":50.0,"event_name":"Nest","player_choice":"Stole From Cult","floor":30.0,"gold_loss":0.0,"damage_taken":0.0}],"is_beta":false,"boss_relics":[{"not_picked":["Fusion Hammer","Ectoplasm"],"picked":"Calling Bell"}],"items_purged_floors":[21],"is_endless":false,"potions_floor_spawned":[2,3,8,10,14,18,22,29],"killed_by":"Collector","ascension_level":20}