{"gold_per_floor":[16,16,36,60,60,101,121,140,163,206,222,222,258,272,272,395,395,413,427,427,427,448,487,500,68,68,111,124,124,124,124,124,244,244,265,284,54,75,35,35,50,50,50,20,20,41,3,19,19,19],"floor_reached":51,"playtime":8460,"items_purged":["Strike_R"],"score":805,"play_id":"e9f03a8f-87b6-401f-be8c-e2d758e2e642","local_time":"20190713231610","is_ascension_mode":true,"campfire_choices":[{"data":"Dark Embrace","floor":12.0,"key":"SMITH"},{"data":"Sever Soul","floor":15.0,"key":"SMITH"},{"data":"Feel No Pain","floor":29,"key":"SMITH"},{"floor":32,"key":"DIG"},{"floor":40,"key":"DIG"},{"floor":42,"key":"DIG"},{"floor":45,"key":"DIG"},{"floor":49,"key":"DIG"}],"neow_cost":"NO_GOLD","seed_source_timestamp":0,"circlet_count":0,"master_deck":["Strike_R","Defend_R","Defend_R","Defend_R","Bash","Dark Embrace+1","Immolate","Corruption+1","Pummel","Uppercut","Sword Boomerang","Shrug It Off+1","Body Slam+1","Armaments","Uppercut","Sever Soul+1","Offering","Warcry","Flex+1","Feel No Pain+1","Evolve","RitualDagger","Feel No Pain","Second Wind","Warcry+1","Metallicize","Dual Wield+1","Impervious","Headbutt+1","True Grit+1","Inflame+1","Spot Weakness","Shrug It Off+1"],"special_seed":0,"relics":["Burning Blood","Golden Idol","Pantograph","Regal Pillow","Omamori","Juzu Bracelet","Eternal Feather","Question Card","Lee\u0027s Waffle","Sundial","Molten Egg 2","Bird Faced Urn","Shovel","War Paint","Cursed Key","Vajra","Centennial Puzzle","Mummified Hand","Ice Cream","Mango","Bottled Flame"],"potions_floor_usage":[27,50,50,50],"damage_taken":[{"damage":4.0,"enemies":"2 Louse","floor":1.0,"turns":2.0},{"damage":0.0,"enemies":"Cultist","floor":3.0,"turns":2.0},{"damage":7.0,"enemies":"Small Slimes","floor":4.0,"turns":3.0},{"damage":28.0,"enemies":"3 Sentries","floor":6.0,"turns":5.0},{"damage":7.0,"enemies":"Blue Slaver","floor":7.0,"turns":3.0},{"damage":6.0,"enemies":"Looter","floor":8.0,"turns":3.0},{"damage":13.0,"enemies":"Lagavulin","floor":10.0,"turns":7.0},{"damage":7.0,"enemies":"Gremlin Gang","floor":11.0,"turns":4.0},{"damage":29.0,"enemies":"Gremlin Nob","floor":13.0,"turns":5.0},{"damage":7.0,"enemies":"Red Slaver","floor":14.0,"turns":4.0},{"damage":29.0,"enemies":"Slime Boss","floor":16.0,"turns":9.0},{"damage":27.0,"enemies":"Shell Parasite","floor":18.0,"turns":5.0},{"damage":19.0,"enemies":"Chosen","floor":19.0,"turns":5.0},{"damage":32.0,"enemies":"3 Cultists","floor":22.0,"turns":5.0},{"damage":18.0,"enemies":"Gremlin Leader","floor":23.0,"turns":6.0},{"damage":14.0,"enemies":"Cultist and Chosen","floor":24.0,"turns":8.0},{"damage":36,"enemies":"Book of Stabbing","floor":27,"turns":6},{"damage":33,"enemies":"Snake Plant","floor":28,"turns":5},{"damage":21,"enemies":"Collector","floor":33,"turns":5},{"damage":6,"enemies":"Orb Walker","floor":35,"turns":3},{"damage":44,"enemies":"3 Darklings","floor":36,"turns":4},{"damage":17,"enemies":"4 Shapes","floor":38,"turns":4},{"damage":27,"enemies":"Jaw Worm Horde","floor":41,"turns":4},{"damage":62,"enemies":"Writhing Mass","floor":46,"turns":5},{"damage":14,"enemies":"Maw","floor":48,"turns":5},{"damage":16,"enemies":"Donu and Deca","floor":50,"turns":5}],"seed_played":"-4294812036082595346","potions_obtained":[{"floor":1.0,"key":"LiquidBronze"},{"floor":7.0,"key":"Swift Potion"},{"floor":10.0,"key":"Ancient Potion"},{"floor":13.0,"key":"SpeedPotion"},{"floor":16.0,"key":"Strength Potion"},{"floor":19.0,"key":"Weak Potion"},{"floor":22.0,"key":"Regen Potion"},{"floor":24.0,"key":"EssenceOfSteel"},{"floor":38,"key":"Energy Potion"},{"floor":44,"key":"SkillPotion"},{"floor":44,"key":"SpeedPotion"},{"floor":48,"key":"Strength Potion"}],"is_trial":false,"path_per_floor":["M","?","M","M","?","E","M","M","T","E","M","R","E","M","R","B",null,"M","M","?","?","M","E","M","$","T","E","M","R","?","?","R","B",null,"M","M","$","M","?","R","M","R","T","?","R","M","$","M","R","B",null],"character_chosen":"IRONCLAD","items_purchased":["Lee\u0027s Waffle","Sundial","Vajra","Spot Weakness"],"campfire_rested":0,"item_purchase_floors":[25,25,37,47],"current_hp_per_floor":[80,60,66,65,65,43,42,42,42,35,34,34,11,10,10,12,80,59,46,46,40,14,17,9,87,87,57,40,55,55,97,97,88,97,97,67,67,66,66,84,69,87,87,87,111,63,63,67,85,111],"gold":19,"neow_bonus":"TRANSFORM_TWO_CARDS","is_prod":false,"is_daily":false,"chose_seed":false,"campfire_upgraded":3,"win_rate":0,"timestamp":1563084970,"path_taken":["M","?","M","M","?","E","M","?","T","E","M","R","E","M","R","BOSS","M","M","?","?","M","E","M","$","T","E","M","R","?","?","R","BOSS","M","M","$","M","?","R","M","R","T","?","R","M","?","M","R","BOSS"],"build_version":"2019-07-05","purchased_purges":1,"victory":true,"max_hp_per_floor":[80,80,80,80,80,80,80,80,80,80,80,80,80,80,80,80,80,80,80,80,80,80,80,80,87,87,87,87,87,87,97,97,97,97,97,97,97,97,97,97,97,97,97,97,111,111,111,111,111,111],"card_choices":[{"not_picked":["Thunderclap","Spot Weakness"],"picked":"Corruption","floor":1.0},{"not_picked":["Cleave","Twin Strike"],"picked":"Pummel","floor":3.0},{"not_picked":["Perfected Strike","Headbutt"],"picked":"Uppercut","floor":4.0},{"not_picked":["Rupture","Entrench"],"picked":"Sword Boomerang","floor":6.0},{"not_picked":["Flame Barrier","Body Slam"],"picked":"Shrug It Off","floor":7.0},{"not_picked":["Corruption","Wild Strike"],"picked":"Body Slam","floor":8.0},{"not_picked":["Heavy Blade","Limit Break"],"picked":"Armaments","floor":10.0},{"not_picked":["Cleave","Iron Wave"],"picked":"Uppercut","floor":11.0},{"not_picked":["True Grit","Warcry"],"picked":"Sever Soul","floor":13.0},{"not_picked":["Dropkick","Heavy Blade"],"picked":"Brutality","floor":14.0},{"not_picked":["Barricade","Feed"],"picked":"Offering","floor":16.0},{"not_picked":["Headbutt","Shrug It Off"],"picked":"Warcry","floor":18.0},{"not_picked":["Pommel Strike","Clash"],"picked":"Flex+1","floor":19.0},{"not_picked":["Entrench","Iron Wave"],"picked":"Feel No Pain","floor":22.0},{"not_picked":["Power Through","Berserk"],"picked":"Second Wind","floor":23.0},{"not_picked":["Rampage","Wild Strike","Uppercut"],"picked":"Warcry+1","floor":24.0},{"not_picked":["Whirlwind+1","Shrug It Off+1","Armaments"],"picked":"Metallicize","floor":27},{"not_picked":["Perfected Strike+1","Carnage+1","Cleave+1"],"picked":"Dual Wield","floor":28},{"not_picked":["Berserk","Reaper+1","Immolate+1"],"picked":"Impervious","floor":33},{"not_picked":["Cleave+1","Iron Wave+1","Rupture"],"picked":"Headbutt+1","floor":35},{"not_picked":["Clash+1","Heavy Blade+1","Twin Strike+1"],"picked":"True Grit+1","floor":36},{"not_picked":["Cleave+1","Flame Barrier","Rage","Heavy Blade+1"],"picked":"SKIP","floor":38},{"not_picked":["Armaments+1","Thunderclap+1","Shrug It Off","Iron Wave+1"],"picked":"SKIP","floor":41},{"not_picked":["Pommel Strike+1","Seeing Red","Dual Wield+1"],"picked":"Inflame+1","floor":46},{"not_picked":["Limit Break","Dropkick+1","Perfected Strike+1"],"picked":"Shrug It Off+1","floor":48}],"player_experience":35876,"relics_obtained":[{"floor":6.0,"key":"Pantograph"},{"floor":9.0,"key":"Regal Pillow"},{"floor":10.0,"key":"Omamori"},{"floor":13.0,"key":"Juzu Bracelet"},{"floor":23.0,"key":"Question Card"},{"floor":26,"key":"Molten Egg 2"},{"floor":27,"key":"Bird Faced Urn"},{"floor":32,"key":"War Paint"},{"floor":40,"key":"Centennial Puzzle"},{"floor":42,"key":"Mummified Hand"},{"floor":43,"key":"Ice Cream"},{"floor":45,"key":"Mango"},{"floor":49,"key":"Bottled Flame"}],"event_choices":[{"damage_healed":0.0,"max_hp_gain":0.0,"max_hp_loss":0.0,"gold_gain":0.0,"event_name":"Golden Idol","player_choice":"Take Damage","floor":2.0,"gold_loss":0.0,"damage_taken":20.0,"relics_obtained":["Golden Idol"]},{"damage_healed":0.0,"max_hp_gain":0.0,"max_hp_loss":0.0,"gold_gain":0.0,"event_name":"Upgrade Shrine","player_choice":"Upgraded","floor":5.0,"gold_loss":0.0,"damage_taken":0.0,"cards_upgraded":["Corruption"]},{"damage_healed":0.0,"max_hp_gain":0.0,"max_hp_loss":0.0,"gold_gain":0.0,"cards_transformed":["Strike_R","Strike_R"],"event_name":"Drug Dealer","player_choice":"Became Test Subject","floor":20.0,"gold_loss":0.0,"damage_taken":0.0,"cards_obtained":["Feel No Pain","Evolve"]},{"damage_healed":0.0,"max_hp_gain":0.0,"max_hp_loss":0.0,"gold_gain":0.0,"event_name":"Nest","player_choice":"Joined the Cult","floor":21.0,"gold_loss":0.0,"damage_taken":6.0,"cards_obtained":["RitualDagger"]},{"damage_healed":0,"gold_gain":0,"player_choice":"Stole Relic","damage_taken":0,"relics_obtained":["Shovel"],"max_hp_gain":0,"max_hp_loss":0,"event_name":"Addict","floor":30,"gold_loss":0,"cards_obtained":["Shame"]},{"cards_removed":["Brutality"],"damage_healed":32,"gold_gain":0,"player_choice":"Offered Rare","damage_taken":0,"max_hp_gain":10,"max_hp_loss":0,"event_name":"Bonfire Elementals","floor":31,"gold_loss":0},{"damage_healed":0,"gold_gain":0,"player_choice":"Upgrade","damage_taken":0,"max_hp_gain":0,"max_hp_loss":0,"event_name":"Designer","floor":39,"gold_loss":40,"cards_upgraded":["Body Slam"]},{"damage_healed":0,"gold_gain":0,"player_choice":"Bought 2 Potions","damage_taken":0,"max_hp_gain":0,"max_hp_loss":0,"event_name":"The Woman in Blue","floor":44,"gold_loss":0}],"is_beta":false,"boss_relics":[{"not_picked":["Orrery","Black Blood"],"picked":"Eternal Feather"},{"not_picked":["Philosopher\u0027s Stone","Coffee Dripper"],"picked":"Cursed Key"}],"items_purged_floors":[37],"is_endless":false,"potions_floor_spawned":[1,7,10,13,16,19,22,24,38,48],"ascension_level":2}