{"gold_per_floor":[119,119,134,152,0,16,42,7,33,50,50,80,92,122,122,122],"floor_reached":16,"playtime":269,"items_purged":["Pain"],"score":204,"play_id":"d8f64e31-c9c4-4456-992a-8f2ae690a177","local_time":"20190515051714","is_ascension_mode":true,"campfire_choices":[{"floor":11,"key":"REST"},{"data":"Poisoned Stab","floor":15,"key":"SMITH"}],"neow_cost":"NONE","seed_source_timestamp":818249534695700,"circlet_count":0,"master_deck":["AscendersBane","Defend_G","Defend_G","Defend_G","Defend_G","Defend_G","Strike_G","Strike_G","Strike_G","Strike_G","Strike_G","Survivor","Neutralize","Poisoned Stab+1","Flying Knee","Dagger Throw","Die Die Die","Dagger Spray","Cloak And Dagger","Tactician","Deflect","Backstab"],"relics":["Ring of the Snake","NeowsBlessing","WarpedTongs","Centennial Puzzle","Potion Belt","Odd Mushroom"],"potions_floor_usage":[6,14],"damage_taken":[{"damage":0,"enemies":"Cultist","floor":1,"turns":1},{"damage":2,"enemies":"Small Slimes","floor":3,"turns":1},{"damage":0,"enemies":"2 Louse","floor":4,"turns":1},{"damage":18,"enemies":"Exordium Thugs","floor":6,"turns":3},{"damage":25,"enemies":"Lagavulin","floor":7,"turns":6},{"damage":14,"enemies":"Lots of Slimes","floor":10,"turns":3},{"damage":8,"enemies":"The Mushroom Lair","floor":12,"turns":3},{"damage":0,"enemies":"Large Slime","floor":13,"turns":4},{"damage":0,"enemies":"Lagavulin Event","floor":14,"turns":2},{"damage":30,"enemies":"Hexaghost","floor":16,"turns":7}],"seed_played":"6942023926526998116","potions_obtained":[{"floor":4,"key":"Block Potion"},{"floor":10,"key":"SmokeBomb"},{"floor":12,"key":"Explosive Potion"},{"floor":13,"key":"Swift Potion"}],"is_trial":false,"path_per_floor":["M","?","M","M","$","M","E","?","T","M","R","?","M","?","R","B"],"character_chosen":"THE_SILENT","items_purchased":["Die Die Die"],"campfire_rested":1,"item_purchase_floors":[5],"current_hp_per_floor":[59,59,57,57,57,39,14,30,30,16,35,27,27,27,27,0],"gold":122,"neow_bonus":"THREE_ENEMY_KILL","is_prod":false,"is_daily":false,"chose_seed":false,"campfire_upgraded":1,"win_rate":0,"timestamp":1557865034,"path_taken":["M","?","?","M","$","M","E","?","T","M","R","?","M","?","R","BOSS"],"build_version":"2019-01-23","purchased_purges":1,"victory":false,"max_hp_per_floor":[66,66,66,66,66,66,66,66,66,66,66,66,66,66,66,66],"card_choices":[{"not_picked":["Heel Hook","Cloak And Dagger"],"picked":"Poisoned Stab","floor":1},{"not_picked":["PiercingWail","Expertise"],"picked":"Flying Knee","floor":3},{"not_picked":["Expertise","Caltrops"],"picked":"Dagger Throw","floor":4},{"not_picked":["Deflect","Calculated Gamble"],"picked":"Dagger Spray","floor":6},{"not_picked":["Sucker Punch","Flechettes"],"picked":"Cloak And Dagger","floor":7},{"not_picked":["Prepared","Dagger Spray"],"picked":"Tactician","floor":10},{"not_picked":["Masterful Stab","Poisoned Stab"],"picked":"Deflect","floor":12},{"not_picked":["Dash","Heel Hook"],"picked":"Backstab","floor":13}],"player_experience":5034448,"relics_obtained":[{"floor":7,"key":"Centennial Puzzle"},{"floor":9,"key":"Potion Belt"},{"floor":12,"key":"Odd Mushroom"}],"event_choices":[{"damage_healed":0,"gold_gain":0,"player_choice":"Rummage","damage_taken":0,"relics_obtained":["WarpedTongs"],"max_hp_gain":0,"max_hp_loss":0,"event_name":"Accursed Blacksmith","floor":2,"gold_loss":0,"cards_obtained":["Pain"]},{"damage_healed":16,"gold_gain":0,"player_choice":"Healed","damage_taken":0,"max_hp_gain":0,"max_hp_loss":0,"event_name":"The Cleric","floor":8,"gold_loss":35},{"damage_healed":0,"gold_gain":0,"player_choice":"Fought Mushrooms","damage_taken":0,"max_hp_gain":0,"max_hp_loss":0,"event_name":"Mushrooms","floor":12,"gold_loss":0},{"damage_healed":0,"gold_gain":30,"player_choice":"Searched \u00272\u0027 times","damage_taken":0,"max_hp_gain":0,"max_hp_loss":0,"event_name":"Dead Adventurer","floor":14,"gold_loss":0}],"is_beta":false,"boss_relics":[],"items_purged_floors":[5],"is_endless":false,"potions_floor_spawned":[4,10,12,13],"killed_by":"Hexaghost","ascension_level":20}