{"gold_per_floor":[118,118,118,130,6,35,60,60,114,114,130,160,170,198,198,274,274,287,297,308,308,320,320,353,403,429,478,496,496,292,68,68,147,147,160,209,221,241,252,277,294,322,322,353,353,353,371,386,386,386,386,386,386,31,60,60],"floor_reached":57,"playtime":3314,"items_purged":["Twin Strike"],"score":2939,"play_id":"41648b92-5f0b-4994-9b11-71aee1104811","local_time":"20190519015643","is_ascension_mode":true,"campfire_choices":[{"floor":8,"key":"REST"},{"data":"Armaments","floor":10,"key":"SMITH"},{"data":"Heavy Blade","floor":15,"key":"SMITH"},{"data":"Battle Trance","floor":23,"key":"SMITH"},{"data":"Evolve","floor":29,"key":"SMITH"},{"floor":32,"key":"RECALL"},{"data":"Corruption","floor":45,"key":"SMITH"},{"floor":49,"key":"REST"},{"data":"Dual Wield","floor":53,"key":"SMITH"}],"neow_cost":"","seed_source_timestamp":15155059560400,"circlet_count":0,"master_deck":["Spot Weakness","Spot Weakness","Spot Weakness+1","Defend_R","Defend_R","Defend_R+1","Defend_R+1","Bash","Corruption+1","Sentinel","Evolve+1","Armaments+1","Battle Trance+1","Reaper","Dual Wield+1","Heavy Blade+1","Double Tap","Flex+1","Offering+1","Shrug It Off","Headbutt+1","Second Wind","Ghostly Armor","Sentinel","Battle Trance","Feel No Pain","Offering","Offering+1","Feel No Pain","Flex+1","Feel No Pain","Reckless Charge+1","Flame Barrier","Armaments+1","Offering","Sentinel+1","Dual Wield"],"relics":["Burning Blood","Strawberry","Odd Mushroom","Bronze Scales","Champion Belt","Meat on the Bone","Astrolabe","Lantern","Art of War","TheAbacus","Lizard Tail","Turnip","Omamori","War Paint","Prayer Wheel","Darkstone Periapt","WarpedTongs","OrangePellets","Vajra"],"potions_floor_usage":[6,12,16,24,36,55,56],"damage_taken":[{"damage":10,"enemies":"2 Louse","floor":1,"turns":4},{"damage":0,"enemies":"Small Slimes","floor":4,"turns":3},{"damage":13,"enemies":"3 Sentries","floor":6,"turns":6},{"damage":10,"enemies":"The Mushroom Lair","floor":7,"turns":5},{"damage":12,"enemies":"Jaw Worm","floor":11,"turns":4},{"damage":12,"enemies":"Lagavulin","floor":12,"turns":6},{"damage":6,"enemies":"Looter","floor":13,"turns":5},{"damage":34,"enemies":"3 Sentries","floor":14,"turns":7},{"damage":29,"enemies":"Hexaghost","floor":16,"turns":9},{"damage":22,"enemies":"Spheric Guardian","floor":18,"turns":5},{"damage":14,"enemies":"Chosen","floor":19,"turns":4},{"damage":18,"enemies":"Centurion and Healer","floor":20,"turns":4},{"damage":8,"enemies":"Snecko","floor":22,"turns":5},{"damage":9,"enemies":"Book of Stabbing","floor":24,"turns":4},{"damage":6,"enemies":"Shelled Parasite and Fungi","floor":28,"turns":2},{"damage":41,"enemies":"Champ","floor":33,"turns":7},{"damage":22,"enemies":"3 Shapes","floor":35,"turns":6},{"damage":36,"enemies":"2 Orb Walkers","floor":36,"turns":5},{"damage":18,"enemies":"Orb Walker","floor":37,"turns":5},{"damage":18,"enemies":"Sphere and 2 Shapes","floor":38,"turns":8},{"damage":64,"enemies":"3 Darklings","floor":39,"turns":4},{"damage":18,"enemies":"Nemesis","floor":40,"turns":7},{"damage":31,"enemies":"Writhing Mass","floor":41,"turns":5},{"damage":35,"enemies":"Giant Head","floor":42,"turns":9},{"damage":18,"enemies":"Nemesis","floor":44,"turns":7},{"damage":12,"enemies":"Maw","floor":47,"turns":9},{"damage":80,"enemies":"Transient","floor":48,"turns":6},{"damage":41,"enemies":"Time Eater","floor":50,"turns":10},{"damage":33,"enemies":"Donu and Deca","floor":51,"turns":8},{"damage":60,"enemies":"Shield and Spear","floor":55,"turns":6},{"damage":36,"enemies":"The Heart","floor":56,"turns":8}],"seed_played":"4635631503985809896","potions_obtained":[{"floor":4,"key":"SkillPotion"},{"floor":6,"key":"Explosive Potion"},{"floor":11,"key":"Poison Potion"},{"floor":12,"key":"Weak Potion"},{"floor":22,"key":"Swift Potion"},{"floor":24,"key":"Ancient Potion"},{"floor":33,"key":"Swift Potion"},{"floor":36,"key":"Poison Potion"},{"floor":41,"key":"Dexterity Potion"}],"is_trial":true,"path_per_floor":["M","?","?","M","$","E","?","R","T","R","M","E","M","E","R","B",null,"M","M","M","?","M","R","E","?","T","T","M","R","$","$","R","B",null,"M","?","M","M","M","E","M","E","T","E","R","?","M","M","R","B","B",null,"R","$","E","B",null],"character_chosen":"IRONCLAD","items_purchased":["Sentinel","Evolve","Feel No Pain","Offering","TheAbacus","OrangePellets","Dexterity Potion"],"campfire_rested":2,"item_purchase_floors":[5,5,30,30,31,54,54],"current_hp_per_floor":[64,64,41,47,47,47,43,67,67,67,61,55,62,70,70,70,79,63,55,71,71,69,69,74,74,74,74,82,82,82,82,82,65,78,82,74,82,82,82,82,82,82,82,82,82,82,82,48,72,70,82,82,82,82,60,82],"gold":60,"neow_bonus":"","is_prod":false,"is_daily":false,"chose_seed":false,"campfire_upgraded":6,"win_rate":0,"timestamp":1558198603,"path_taken":["M","?","?","M","?","E","?","R","T","R","M","E","?","E","R","BOSS","M","M","M","?","M","R","E","?","T","?","M","R","?","$","R","BOSS","M","?","M","M","M","E","M","E","T","E","R","?","?","M","R","BOSS","BOSS","R","$","E","BOSS"],"build_version":"2019-01-23","purchased_purges":1,"victory":true,"max_hp_per_floor":[75,75,75,75,75,82,82,82,82,82,82,82,82,82,82,82,82,82,82,82,82,82,82,82,82,82,82,82,82,82,82,82,82,82,82,82,82,82,82,82,82,82,82,82,82,82,82,82,82,82,82,82,82,82,82,82],"card_choices":[{"not_picked":["Clash","Uppercut"],"picked":"Twin Strike","floor":1},{"not_picked":["Wild Strike","True Grit"],"picked":"Corruption","floor":4},{"not_picked":["Headbutt","Thunderclap"],"picked":"Armaments","floor":6},{"not_picked":["True Grit","Flame Barrier"],"picked":"Battle Trance","floor":7},{"not_picked":["Body Slam","Bloodletting","Armaments"],"picked":"SKIP","floor":11},{"not_picked":["Twin Strike","Evolve"],"picked":"Reaper","floor":12},{"not_picked":["Whirlwind","Armaments"],"picked":"Dual Wield","floor":13},{"not_picked":["Ghostly Armor","Iron Wave"],"picked":"Heavy Blade","floor":14},{"not_picked":["Exhume","Berserk"],"picked":"Double Tap","floor":16},{"not_picked":["Headbutt","Twin Strike"],"picked":"Shrug It Off","floor":18},{"not_picked":["Reckless Charge","Twin Strike","Headbutt+1"],"picked":"SKIP","floor":19},{"not_picked":["Reckless Charge","Twin Strike"],"picked":"Headbutt+1","floor":19},{"not_picked":["Rupture","Headbutt"],"picked":"Second Wind","floor":20},{"not_picked":["Rampage","True Grit","Pommel Strike"],"picked":"SKIP","floor":22},{"not_picked":["Body Slam","Infernal Blade"],"picked":"Battle Trance","floor":24},{"not_picked":["Twin Strike","Clothesline","Corruption"],"picked":"SKIP","floor":28},{"not_picked":["Demon Form","Feed"],"picked":"Offering","floor":33},{"not_picked":["Twin Strike","Combust","Warcry"],"picked":"SKIP","floor":35},{"not_picked":["Cleave","Body Slam+1"],"picked":"Feel No Pain","floor":37},{"not_picked":["True Grit","Armaments"],"picked":"Flex+1","floor":38},{"not_picked":["Metallicize","Dual Wield"],"picked":"Feel No Pain","floor":39},{"not_picked":["Immolate","Clothesline"],"picked":"Reckless Charge+1","floor":40},{"not_picked":["Rage","Intimidate"],"picked":"Flame Barrier","floor":41},{"not_picked":["Evolve+1","Battle Trance+1"],"picked":"Armaments+1","floor":42},{"not_picked":["Headbutt+1","Thunderclap","Iron Wave"],"picked":"SKIP","floor":44},{"not_picked":["Thunderclap+1","Wild Strike"],"picked":"Offering","floor":47},{"not_picked":["Armaments+1","True Grit"],"picked":"Sentinel+1","floor":47},{"not_picked":["Havoc+1","True Grit","Wild Strike+1"],"picked":"SKIP","floor":48},{"not_picked":["Fiend Fire","Pommel Strike","Cleave"],"picked":"SKIP","floor":48},{"not_picked":["Thunderclap+1","Burning Pact"],"picked":"Dual Wield","floor":55}],"player_experience":5070329,"relics_obtained":[{"floor":6,"key":"Strawberry"},{"floor":7,"key":"Odd Mushroom"},{"floor":9,"key":"Bronze Scales"},{"floor":12,"key":"Champion Belt"},{"floor":14,"key":"Meat on the Bone"},{"floor":24,"key":"Lantern"},{"floor":26,"key":"Art of War"},{"floor":36,"key":"Turnip"},{"floor":40,"key":"Omamori"},{"floor":42,"key":"War Paint"},{"floor":43,"key":"Prayer Wheel"},{"floor":44,"key":"Darkstone Periapt"},{"floor":55,"key":"Vajra"}],"event_choices":[{"cards_removed":["Strike_R"],"damage_healed":0,"gold_gain":0,"player_choice":"Forget","damage_taken":0,"max_hp_gain":0,"max_hp_loss":0,"event_name":"Living Wall","floor":2,"gold_loss":0},{"damage_healed":0,"gold_gain":0,"player_choice":"Entered Light","damage_taken":23,"max_hp_gain":0,"max_hp_loss":0,"event_name":"Shining Light","floor":3,"gold_loss":0,"cards_upgraded":["Defend_R","Defend_R"]},{"damage_healed":0,"gold_gain":0,"player_choice":"Fought Mushrooms","damage_taken":0,"max_hp_gain":0,"max_hp_loss":0,"event_name":"Mushrooms","floor":7,"gold_loss":0},{"damage_healed":0,"gold_gain":0,"cards_transformed":["Strike_R","Clash"],"player_choice":"Became Test Subject","damage_taken":0,"max_hp_gain":0,"max_hp_loss":0,"event_name":"Drug Dealer","floor":21,"gold_loss":0,"cards_obtained":["Ghostly Armor","Sentinel"]},{"damage_healed":0,"gold_gain":50,"player_choice":"Stole From Cult","damage_taken":0,"max_hp_gain":0,"max_hp_loss":0,"event_name":"Nest","floor":25,"gold_loss":0},{"damage_healed":0,"gold_gain":0,"player_choice":"Fight","damage_taken":0,"max_hp_gain":0,"max_hp_loss":0,"event_name":"Mysterious Sphere","floor":36,"gold_loss":0},{"damage_healed":0,"gold_gain":0,"player_choice":"Rummage","damage_taken":0,"relics_obtained":["WarpedTongs"],"max_hp_gain":0,"max_hp_loss":0,"event_name":"Accursed Blacksmith","floor":46,"gold_loss":0,"cards_obtained":["Pain"]}],"is_beta":false,"boss_relics":[{"not_picked":["Fusion Hammer","Tiny House"],"picked":"Astrolabe"},{"not_picked":["Black Blood","Mark of Pain"],"picked":"Lizard Tail"}],"items_purged_floors":[54],"is_endless":false,"potions_floor_spawned":[4,6,11,12,22,24,33,35,36,41,42,47,48],"ascension_level":20}