{"gold_per_floor":[99,99,99,99,99,99,99,99,99,99,99,99,99,99,99,99,99,99,99,49,49,49,49,49,49,49,49,49,49,49,49,49,49,49,49,49,49,49,49,49,49,49,49,49,49,49,49,49,49,49,49,49,49,13,13,13],"floor_reached":57,"playtime":1705,"items_purged":[],"score":3386,"play_id":"ed17625a-b116-409a-8fbe-eaad034af16b","local_time":"20190624042034","is_ascension_mode":true,"campfire_choices":[{"floor":13.0,"key":"RECALL"}],"neow_cost":"","seed_source_timestamp":460428343418200,"circlet_count":0,"master_deck":["Flash of Steel","Swift Strike","RitualDagger","Bite","Shiv","Dramatic Entrance","Mind Blast","HandOfGreed","J.A.X.","Ghostly","Purity","Panacea","Finesse","Good Instincts","Jack Of All Trades","Enlightenment","Forethought","Deep Breath","Bandage Up","Blind","Madness","Dark Shackles","PanicButton","Trip","Impatience","Discovery","Transmutation","Thinking Ahead","Master of Strategy","Secret Weapon","Apotheosis","Chrysalis","Metamorphosis","Secret Technique","Violence","The Bomb","Panache+1","Sadistic Nature","Magnetism","Mayhem","Wraith Form v2","A Thousand Cuts","Envenom","After Image","Tools of the Trade","Footwork","Accuracy","Infinite Blades","Noxious Fumes","Caltrops","Well Laid Plans","Bullet Time","Night Terror","Storm of Steel","Phantasmal Killer","Doppelganger","Adrenaline","Venomology","Burst","Corpse Explosion","Malaise","Crippling Poison","Leg Sweep","Bouncing Flask","Catalyst","Distraction","Terror","Setup","Blur","Expertise","Calculated Gamble","Escape Plan","Concentrate","Tactician","Reflex","Backflip","Acrobatics","Blade Dance","Deadly Poison","Cloak And Dagger","Outmaneuver","PiercingWail","Dodge and Roll","Deflect","Prepared","Die Die Die","Unload","Glass Knife","Defend_G","Survivor","Grand Finale","Eviscerate","Choke","Riddle With Holes","Dash","All Out Attack","Flechettes","Heel Hook","Finisher","Predator","Endless Agony","Backstab","Masterful Stab","Skewer","Underhanded Strike","Quick Slash","Poisoned Stab","Dagger Throw","Bane","Dagger Spray","Sucker Punch","Flying Knee","Slice","Strike_G","Neutralize","Strike_R","Bash","Clash","Anger","Sword Boomerang","Thunderclap","Pommel Strike","Twin Strike","Headbutt","Wild Strike","Body Slam","Iron Wave","Cleave","Perfected Strike","Heavy Blade","Rampage","Dropkick","Reckless Charge","Whirlwind","Clothesline","Pummel","Hemokinesis","Uppercut","Carnage","Searing Blow+1","Reaper","Fiend Fire","Feed","Blood for Blood","Sever Soul","Immolate","Bludgeon","Defend_R","Flex","Warcry","Bloodletting","True Grit","Shrug It Off","Armaments","Havoc","Battle Trance","Rage","Intimidate","Ghostly Armor","Second Wind","Infernal Blade","Burning Pact","Seeing Red","Disarm","Sentinel","Dual Wield","Power Through","Spot Weakness","Entrench","Shockwave","Exhume","Limit Break","Double Tap","Offering","Impervious","Evolve","Fire Breathing","Rupture","Feel No Pain","Berserk","Corruption","Inflame","Metallicize","Combust","Brutality","Dark Embrace","Juggernaut","Demon Form","Barricade","Machine Learning","Electrodynamics","Buffer","Echo Form+1","Creative AI","Biased Cognition","Storm","Hello World","Self Repair","Loop","Rainbow","Defragment","Capacitor","Heatsinks","Static Discharge","Amplify","Fission","Reboot","Seek","Multi-Cast","Force Field","Glacier","Consume","Fusion","Undo","Genetic Algorithm","Aggregate","Chaos","Darkness","Double Energy","Auto Shields","Recycle","Skim","White Noise","Steam Power","Chill","BootSequence","Reprogram","Tempest","Reinforced Body","Redo","Stack","Coolheaded","Conserve Battery","Hologram","Leap","Turbo","Steam","Zap","Defend_B","Dualcast","Meteor Strike","Thunder Strike","All For One","Hyperbeam","Core Surge","Sunder","Doom and Gloom","Blizzard","Melter","Rip and Tear","Lockon","Scrape","FTL","Streamline","Ball Lightning","Compile Driver","Barrage","Rebound","Sweeping Beam","Cold Snap","Go for the Eyes","Gash","Beam Cell","Strike_B","Wild Strike","Auto Shields","Hologram","Dagger Throw","Dagger Spray","Trip","Clumsy","Heatsinks","Flex","Juggernaut","Thunderclap","Body Slam","Dagger Throw","Perfected Strike","Sword Boomerang","Cleave+1","Doubt","Pain","Reaper","Dagger Throw","Multi-Cast","Deadly Poison","Skewer","Chaos","A Thousand Cuts","Acrobatics","Decay","Rip and Tear","Writhe","Corruption","Forethought"],"special_seed":0,"relics":["Burning Blood","Ancient Tea Set","Mark of Pain","Gremlin Horn","Dodecahedron","Runic Dome","Busted Crown","Sozu","Ice Cream","Nunchaku","Ectoplasm","Cursed Key","Lantern","Coffee Dripper","Nuclear Battery","Sundial","Fusion Hammer","Philosopher\u0027s Stone","Happy Flower","Art of War","PrismaticShard","Anchor","Vajra","Centennial Puzzle","MawBank","The Courier","Snecko Eye","Potion Belt","Darkstone Periapt","WarpedTongs","Regal Pillow","Fusion Hammer","Oddly Smooth Stone","Juzu Bracelet","Bottled Tornado"],"potions_floor_usage":[],"damage_taken":[{"damage":0.0,"enemies":"Cultist","floor":1.0,"turns":1.0},{"damage":0.0,"enemies":"2 Louse","floor":3.0,"turns":1.0},{"damage":0.0,"enemies":"Small Slimes","floor":4.0,"turns":1.0},{"damage":0.0,"enemies":"2 Fungi Beasts","floor":5.0,"turns":1.0},{"damage":0.0,"enemies":"Lagavulin","floor":6.0,"turns":1.0},{"damage":0.0,"enemies":"Gremlin Nob","floor":8.0,"turns":1.0},{"damage":0.0,"enemies":"3 Sentries","floor":10.0,"turns":2.0},{"damage":0.0,"enemies":"Gremlin Nob","floor":12.0,"turns":1.0},{"damage":0.0,"enemies":"The Guardian","floor":16.0,"turns":1.0},{"damage":0.0,"enemies":"3 Byrds","floor":18.0,"turns":3.0},{"damage":0.0,"enemies":"Chosen","floor":19.0,"turns":1.0},{"damage":0.0,"enemies":"Snake Plant","floor":22.0,"turns":1.0},{"damage":0.0,"enemies":"Centurion and Healer","floor":23.0,"turns":2.0},{"damage":7.0,"enemies":"Cultist and Chosen","floor":24.0,"turns":4.0},{"damage":0.0,"enemies":"Book of Stabbing","floor":25.0,"turns":3.0},{"damage":7.0,"enemies":"Slavers","floor":30.0,"turns":2.0},{"damage":12.0,"enemies":"Sentry and Sphere","floor":31.0,"turns":4.0},{"damage":13.0,"enemies":"Automaton","floor":33.0,"turns":6.0},{"damage":0.0,"enemies":"Orb Walker","floor":35.0,"turns":2.0},{"damage":9.0,"enemies":"3 Shapes","floor":37.0,"turns":5.0},{"damage":13.0,"enemies":"Transient","floor":38.0,"turns":6.0},{"damage":1.0,"enemies":"Giant Head","floor":40.0,"turns":4.0},{"damage":16.0,"enemies":"3 Darklings","floor":41.0,"turns":2.0},{"damage":12.0,"enemies":"Reptomancer","floor":44.0,"turns":3.0},{"damage":3.0,"enemies":"Time Eater","floor":50.0,"turns":3.0},{"damage":19.0,"enemies":"Donu and Deca","floor":51.0,"turns":4.0},{"damage":0.0,"enemies":"Shield and Spear","floor":55.0,"turns":2.0},{"damage":92,"enemies":"The Heart","floor":56,"turns":6}],"seed_played":"-9123462342972970579","potions_obtained":[],"is_trial":true,"path_per_floor":["M","$","M","M","M","E","$","?","T","E","$","E","R","?","R","B",null,"M","M","?","$","M","M","M","E","T","?","$","R","E","M","R","B",null,"M","$","M","M","?","E","M","R","T","E","?","R","?","?","R","B","B",null,"R","$","E","B",null],"character_chosen":"IRONCLAD","items_purchased":["Corruption"],"campfire_rested":0,"item_purchase_floors":[54],"current_hp_per_floor":[74,74,75,75,75,75,75,75,75,75,75,75,75,52,52,58,71,75,75,75,75,75,75,74,75,75,81,81,81,80,78,78,71,81,84,84,81,81,81,84,81,81,87,81,81,81,81,96,96,96,83,93,93,93,96,22],"gold":13,"neow_bonus":"","is_prod":false,"is_daily":false,"chose_seed":false,"campfire_upgraded":0,"win_rate":0,"timestamp":1561317634,"path_taken":["M","$","M","?","M","E","$","?","T","E","$","E","R","?","R","BOSS","M","M","?","$","M","?","?","E","T","?","?","R","E","M","R","BOSS","M","$","M","M","?","E","M","R","T","E","?","R","?","?","R","BOSS","BOSS","R","$","E","BOSS"],"build_version":"2019-01-23","purchased_purges":0,"victory":true,"max_hp_per_floor":[75,75,75,75,75,75,75,75,75,75,75,75,75,75,75,75,75,75,75,75,75,75,75,75,75,75,81,81,81,81,84,84,84,84,84,84,84,84,84,84,84,84,90,90,90,90,90,96,96,96,96,96,96,96,96,96],"card_choices":[{"not_picked":[],"picked":"Wild Strike","floor":1.0},{"not_picked":[],"picked":"Auto Shields","floor":3.0},{"not_picked":[],"picked":"Hologram","floor":4.0},{"not_picked":[],"picked":"Dagger Throw","floor":5.0},{"not_picked":[],"picked":"Dagger Spray","floor":6.0},{"not_picked":[],"picked":"Trip","floor":8.0},{"not_picked":[],"picked":"Heatsinks","floor":10.0},{"not_picked":[],"picked":"Flex","floor":12.0},{"not_picked":[],"picked":"Juggernaut","floor":16.0},{"not_picked":[],"picked":"Thunderclap","floor":18.0},{"not_picked":[],"picked":"Body Slam","floor":19.0},{"not_picked":[],"picked":"Dagger Throw","floor":22.0},{"not_picked":[],"picked":"Perfected Strike","floor":23.0},{"not_picked":[],"picked":"Sword Boomerang","floor":24.0},{"not_picked":[],"picked":"Cleave+1","floor":25.0},{"not_picked":[],"picked":"Reaper","floor":30.0},{"not_picked":[],"picked":"Dagger Throw","floor":31.0},{"not_picked":[],"picked":"Multi-Cast","floor":33.0},{"not_picked":[],"picked":"Deadly Poison","floor":35.0},{"not_picked":[],"picked":"Skewer","floor":37.0},{"not_picked":[],"picked":"Chaos","floor":38.0},{"not_picked":[],"picked":"A Thousand Cuts","floor":40.0},{"not_picked":[],"picked":"Acrobatics","floor":41.0},{"not_picked":[],"picked":"Rip and Tear","floor":44.0},{"not_picked":[],"picked":"Forethought","floor":55.0}],"player_experience":5476164,"relics_obtained":[{"floor":6.0,"key":"Anchor"},{"floor":8.0,"key":"Vajra"},{"floor":9.0,"key":"Centennial Puzzle"},{"floor":10.0,"key":"MawBank"},{"floor":12.0,"key":"The Courier"},{"floor":25.0,"key":"Potion Belt"},{"floor":26.0,"key":"Darkstone Periapt"},{"floor":30.0,"key":"Regal Pillow"},{"floor":40.0,"key":"Oddly Smooth Stone"},{"floor":44.0,"key":"Juzu Bracelet"},{"floor":55.0,"key":"Bottled Tornado"}],"event_choices":[{"damage_healed":0.0,"max_hp_gain":0.0,"max_hp_loss":0.0,"gold_gain":0.0,"event_name":"Dead Adventurer","player_choice":"Searched \u00271\u0027 times","floor":8.0,"gold_loss":0.0,"damage_taken":0.0},{"damage_healed":0.0,"max_hp_gain":0.0,"max_hp_loss":0.0,"gold_gain":0.0,"event_name":"Shining Light","player_choice":"Entered Light","floor":14.0,"gold_loss":0.0,"damage_taken":23.0,"cards_upgraded":["Searing Blow","Panache"]},{"damage_healed":0.0,"max_hp_gain":0.0,"max_hp_loss":0.0,"gold_gain":0.0,"event_name":"The Joust","player_choice":"Bet on Murderer","floor":20.0,"gold_loss":50.0,"damage_taken":0.0},{"damage_healed":0.0,"max_hp_gain":0.0,"max_hp_loss":0.0,"gold_gain":0.0,"event_name":"Accursed Blacksmith","player_choice":"Rummage","floor":27.0,"gold_loss":0.0,"damage_taken":0.0,"relics_obtained":["WarpedTongs"],"cards_obtained":["Pain"]},{"damage_healed":0.0,"max_hp_gain":0.0,"max_hp_loss":0.0,"gold_gain":0.0,"event_name":"Lab","player_choice":"Got Potions","floor":39.0,"gold_loss":0.0,"damage_taken":0.0},{"cards_removed":["Flame Barrier"],"damage_healed":0.0,"max_hp_gain":0.0,"max_hp_loss":0.0,"gold_gain":0.0,"event_name":"Falling","player_choice":"Removed Skill","floor":45.0,"gold_loss":0.0,"damage_taken":0.0},{"damage_healed":0.0,"max_hp_gain":0.0,"max_hp_loss":0.0,"gold_gain":300.0,"event_name":"Wheel of Change","player_choice":"Gold","floor":47.0,"gold_loss":0.0,"damage_taken":0.0},{"damage_healed":18.0,"max_hp_gain":0.0,"max_hp_loss":0.0,"gold_gain":0.0,"event_name":"Winding Halls","player_choice":"Writhe","floor":48.0,"gold_loss":0.0,"damage_taken":0.0,"cards_obtained":["Writhe"]}],"is_beta":false,"boss_relics":[{"not_picked":["Black Star","Busted Crown"],"picked":"Snecko Eye"},{"not_picked":["Mark of Pain","Cursed Key"],"picked":"Fusion Hammer"}],"items_purged_floors":[],"is_endless":false,"potions_floor_spawned":[3,5,10,18,19,22,35,37,55],"ascension_level":20}