{"gold_per_floor":[116,116,16,35,45,45,58,4,31,41,58,74,107,107,107,185,185,205,205,224,36,46,46,0,0],"floor_reached":25,"playtime":533,"items_purged":["Pain"],"score":410,"play_id":"e3ac8211-78bc-4f29-b723-8db8d1ea61d7","local_time":"20190409012651","is_ascension_mode":true,"campfire_choices":[{"data":"Inflame","floor":6.0,"key":"SMITH"},{"data":"Havoc","floor":15.0,"key":"SMITH"},{"data":"Apotheosis","floor":23.0,"key":"SMITH"}],"neow_cost":"NONE","seed_source_timestamp":543544516242500,"circlet_count":0,"master_deck":["AscendersBane","Strike_R","Strike_R","Strike_R","Strike_R+1","Strike_R","Defend_R","Defend_R","Defend_R","Defend_R","Bash","Ghostly Armor","Headbutt","Twin Strike","Inflame+1","Body Slam+1","Havoc+1","Burning Pact","Searing Blow","Barricade","Impervious","Feel No Pain","Apotheosis+1","Shrug It Off"],"special_seed":0,"relics":["Burning Blood","NeowsBlessing","WarpedTongs","Dream Catcher","Whetstone","FossilizedHelix","Philosopher\u0027s Stone"],"potions_floor_usage":[],"damage_taken":[{"damage":0.0,"enemies":"2 Louse","floor":1.0,"turns":1.0},{"damage":0.0,"enemies":"Cultist","floor":4.0,"turns":1.0},{"damage":0.0,"enemies":"Small Slimes","floor":5.0,"turns":1.0},{"damage":5.0,"enemies":"Red Slaver","floor":7.0,"turns":5.0},{"damage":3.0,"enemies":"Blue Slaver","floor":10.0,"turns":3.0},{"damage":2.0,"enemies":"3 Louse","floor":11.0,"turns":6.0},{"damage":6.0,"enemies":"Looter","floor":12.0,"turns":3.0},{"damage":35.0,"enemies":"Lagavulin","floor":13.0,"turns":5.0},{"damage":38.0,"enemies":"Hexaghost","floor":16.0,"turns":9.0},{"damage":19.0,"enemies":"2 Thieves","floor":18.0,"turns":4.0},{"damage":0.0,"enemies":"Chosen","floor":20.0,"turns":4.0},{"damage":10.0,"enemies":"Centurion and Healer","floor":22.0,"turns":6.0},{"damage":60,"enemies":"Slavers","floor":25,"turns":4}],"seed_played":"-7254858700963218220","potions_obtained":[{"floor":4.0,"key":"Dexterity Potion"},{"floor":10.0,"key":"Energy Potion"},{"floor":12.0,"key":"PowerPotion"},{"floor":16.0,"key":"Fire Potion"},{"floor":18.0,"key":"Strength Potion"}],"is_trial":false,"path_per_floor":["M","?","$","M","M","R","M","$","T","M","M","M","E","?","R","B",null,"M","T","M","$","M","R","?","E"],"character_chosen":"IRONCLAD","items_purchased":["Headbutt","Havoc","Apotheosis"],"campfire_rested":0,"item_purchase_floors":[3,8,21],"current_hp_per_floor":[74,74,74,75,75,75,75,75,75,75,75,75,46,46,46,14,60,47,47,53,53,49,49,49,0],"gold":0,"neow_bonus":"THREE_ENEMY_KILL","is_prod":false,"is_daily":false,"chose_seed":false,"campfire_upgraded":3,"win_rate":0,"timestamp":1554740811,"path_taken":["M","?","$","M","M","R","M","?","T","M","M","M","E","?","R","BOSS","M","?","?","$","M","R","?","E"],"build_version":"2019-01-23","purchased_purges":1,"victory":false,"max_hp_per_floor":[75,75,75,75,75,75,75,75,75,75,75,75,75,75,75,75,75,75,75,75,75,75,75,75,75],"card_choices":[{"not_picked":["Armaments","Burning Pact"],"picked":"Ghostly Armor","floor":1.0},{"not_picked":["True Grit","Thunderclap"],"picked":"Twin Strike","floor":4.0},{"not_picked":["Heavy Blade","Reckless Charge"],"picked":"Inflame","floor":5.0},{"not_picked":["Corruption","Havoc"],"picked":"Body Slam","floor":7.0},{"not_picked":["Pommel Strike","Body Slam","Havoc"],"picked":"SKIP","floor":10.0},{"not_picked":["Rupture","Headbutt"],"picked":"Burning Pact","floor":11.0},{"not_picked":["Havoc","Searing Blow","Armaments"],"picked":"SKIP","floor":12.0},{"not_picked":["Havoc","Armaments"],"picked":"Searing Blow","floor":12.0},{"not_picked":["Flex","Burning Pact"],"picked":"Barricade","floor":13.0},{"not_picked":["Double Tap","Feed"],"picked":"Impervious","floor":16.0},{"not_picked":["Perfected Strike","Heavy Blade","Carnage"],"picked":"SKIP","floor":18.0},{"not_picked":["Anger","Body Slam"],"picked":"Feel No Pain","floor":20.0},{"not_picked":["Havoc","Heavy Blade"],"picked":"Shrug It Off","floor":22.0}],"player_experience":4730791,"relics_obtained":[{"floor":9.0,"key":"Dream Catcher"},{"floor":13.0,"key":"Whetstone"}],"event_choices":[{"damage_healed":0.0,"max_hp_gain":0.0,"max_hp_loss":0.0,"gold_gain":0.0,"event_name":"Accursed Blacksmith","player_choice":"Rummage","floor":2.0,"gold_loss":0.0,"damage_taken":0.0,"relics_obtained":["WarpedTongs"],"cards_obtained":["Pain"]},{"damage_healed":0.0,"max_hp_gain":0.0,"max_hp_loss":0.0,"gold_gain":0.0,"event_name":"WeMeetAgain","player_choice":"Gave Potion","floor":14.0,"gold_loss":0.0,"damage_taken":0.0,"relics_obtained":["FossilizedHelix"]},{"damage_healed":0,"gold_gain":0,"player_choice":"Paid Fearfully","damage_taken":0,"max_hp_gain":0,"max_hp_loss":0,"event_name":"Masked Bandits","floor":24,"gold_loss":46}],"is_beta":false,"boss_relics":[{"not_picked":["Velvet Choker","Cursed Key"],"picked":"Philosopher\u0027s Stone"}],"items_purged_floors":[3],"is_endless":false,"potions_floor_spawned":[4,10,12,13,16,18],"killed_by":"Slavers","ascension_level":20}