{"gold_per_floor":[110,122,139,139,150,150,180,180,210,239,258,272,347,367,367,441,441,460,475,475,492,492],"floor_reached":22,"playtime":758,"items_purged":[],"score":396,"play_id":"079b21be-ed19-45ee-a209-4fa61e326721","local_time":"20190420014751","is_ascension_mode":true,"campfire_choices":[{"data":"Dagger Spray","floor":6.0,"key":"SMITH"},{"floor":8.0,"key":"REST"},{"floor":15,"key":"REST"}],"neow_cost":"NONE","seed_source_timestamp":264765666344699,"circlet_count":0,"master_deck":["AscendersBane","Defend_G","Defend_G","Defend_G","Defend_G","Defend_G","Strike_G","Strike_G","Strike_G","Strike_G","Strike_G","Survivor","Neutralize","Venomology","Dagger Throw","Dagger Spray+1","Flying Knee","Backstab","Predator","Well Laid Plans","Footwork","Crippling Poison","Burst","Grand Finale","Backflip","Underhanded Strike+1","Backstab","Noxious Fumes"],"special_seed":0,"relics":["Ring of the Snake","Happy Flower","Tiny Chest","Bottled Flame","Odd Mushroom","Black Star"],"potions_floor_usage":[16,16,19,19,21,21,21,22,22],"damage_taken":[{"damage":8.0,"enemies":"Small Slimes","floor":1.0,"turns":5.0},{"damage":6.0,"enemies":"Cultist","floor":2.0,"turns":5.0},{"damage":3.0,"enemies":"2 Louse","floor":3.0,"turns":3.0},{"damage":4.0,"enemies":"Blue Slaver","floor":5.0,"turns":7.0},{"damage":32.0,"enemies":"Lagavulin","floor":7.0,"turns":8.0},{"damage":4.0,"enemies":"3 Sentries","floor":10.0,"turns":7.0},{"damage":0,"enemies":"Lots of Slimes","floor":11,"turns":1},{"damage":4,"enemies":"Exordium Thugs","floor":12,"turns":4},{"damage":3,"enemies":"The Mushroom Lair","floor":14,"turns":3},{"damage":6,"enemies":"Slime Boss","floor":16,"turns":6},{"damage":13,"enemies":"Chosen","floor":18,"turns":4},{"damage":22,"enemies":"Shell Parasite","floor":19,"turns":7},{"damage":21,"enemies":"Shelled Parasite and Fungi","floor":21,"turns":6},{"damage":19,"enemies":"Centurion and Healer","floor":22,"turns":4}],"seed_played":"-4772415460408893300","potions_obtained":[{"floor":3.0,"key":"SpeedPotion"},{"floor":4.0,"key":"Regen Potion"},{"floor":4.0,"key":"LiquidBronze"},{"floor":7.0,"key":"FearPotion"},{"floor":10,"key":"AttackPotion"},{"floor":19,"key":"GhostInAJar"},{"floor":21,"key":"Regen Potion"}],"is_trial":false,"path_per_floor":["M","M","M","?","M","R","E","R","T","E","M","M","?","?","R","B",null,"M","M","?","M","M"],"character_chosen":"THE_SILENT","items_purchased":[],"campfire_rested":2,"item_purchase_floors":[],"current_hp_per_floor":[51,45,42,42,53,53,21,40,40,36,36,32,21,18,37,31,57,44,22,22,1,0],"gold":492,"neow_bonus":"ONE_RANDOM_RARE_CARD","is_prod":false,"is_daily":false,"chose_seed":false,"campfire_upgraded":1,"win_rate":0,"timestamp":1555692471,"path_taken":["M","M","M","?","?","R","E","R","T","E","M","M","?","?","R","BOSS","M","M","?","?","M"],"build_version":"2019-01-23","purchased_purges":0,"victory":false,"max_hp_per_floor":[66,66,66,66,66,66,66,66,66,66,66,66,66,66,66,66,66,66,66,66,66,66],"card_choices":[{"not_picked":["Dodge and Roll","Accuracy"],"picked":"Dagger Throw","floor":1.0},{"not_picked":["Bane","Catalyst"],"picked":"Dagger Spray","floor":2.0},{"not_picked":["Slice","Prepared"],"picked":"Flying Knee","floor":3.0},{"not_picked":["PiercingWail","Expertise"],"picked":"Backstab","floor":5.0},{"not_picked":["Riddle With Holes","Blade Dance"],"picked":"Predator","floor":7.0},{"not_picked":["Calculated Gamble","Dodge and Roll"],"picked":"Well Laid Plans","floor":10},{"not_picked":["Slice","Endless Agony"],"picked":"Footwork","floor":11},{"not_picked":["Blur","Setup"],"picked":"Crippling Poison","floor":12},{"not_picked":["Underhanded Strike","Outmaneuver"],"picked":"Burst","floor":14},{"not_picked":["Venomology","A Thousand Cuts"],"picked":"Grand Finale","floor":16},{"not_picked":["Flying Knee","Flechettes"],"picked":"Backflip","floor":18},{"not_picked":["Blur","Riddle With Holes"],"picked":"Underhanded Strike+1","floor":19},{"not_picked":["Finisher","All Out Attack"],"picked":"Noxious Fumes","floor":21}],"player_experience":4844849,"relics_obtained":[{"floor":7.0,"key":"Happy Flower"},{"floor":9.0,"key":"Tiny Chest"},{"floor":10,"key":"Bottled Flame"},{"floor":14,"key":"Odd Mushroom"}],"event_choices":[{"damage_healed":0.0,"max_hp_gain":0.0,"max_hp_loss":0.0,"gold_gain":0.0,"event_name":"Lab","player_choice":"Got Potions","floor":4.0,"gold_loss":0.0,"damage_taken":0.0},{"damage_healed":0,"gold_gain":75,"player_choice":"Gather Gold","damage_taken":11,"max_hp_gain":0,"max_hp_loss":0,"event_name":"World of Goop","floor":13,"gold_loss":0},{"damage_healed":0,"gold_gain":0,"player_choice":"Fought Mushrooms","damage_taken":0,"max_hp_gain":0,"max_hp_loss":0,"event_name":"Mushrooms","floor":14,"gold_loss":0},{"damage_healed":0,"gold_gain":0,"player_choice":"Copied","damage_taken":0,"max_hp_gain":0,"max_hp_loss":0,"event_name":"Duplicator","floor":20,"gold_loss":0,"cards_obtained":["Backstab"]}],"is_beta":false,"boss_relics":[{"not_picked":["Fusion Hammer","Ectoplasm"],"picked":"Black Star"}],"items_purged_floors":[],"is_endless":false,"potions_floor_spawned":[3,7,10,14,19,21],"killed_by":"Centurion and Healer","ascension_level":20}