{"gold_per_floor":[117,136,152,152,77,77,77,77,77,77,110,129,139,25,25,104,104,119,119,219,134,153,153,179,206,232,232,57,69,69,87,87,165,215,231,247,247,22,35,35,47,47,126,126],"floor_reached":44,"playtime":1875,"items_purged":["Strike_G","Strike_G","Defend_G"],"score":902,"play_id":"047edcef-3479-40ff-a547-b68ec7923d1a","local_time":"20190523014136","is_ascension_mode":true,"campfire_choices":[{"data":"Choke","floor":6.0,"key":"SMITH"},{"data":"Tools of the Trade","floor":7.0,"key":"SMITH"},{"data":"Reflex","floor":8.0,"key":"SMITH"},{"data":"Bouncing Flask","floor":15.0,"key":"SMITH"},{"floor":23.0,"key":"REST"},{"floor":27.0,"key":"REST"},{"floor":32.0,"key":"REST"},{"data":"Footwork","floor":40.0,"key":"SMITH"},{"data":"Neutralize","floor":42.0,"key":"SMITH"}],"neow_cost":"NONE","seed_source_timestamp":5421530587300,"circlet_count":0,"master_deck":["AscendersBane","Defend_G","Defend_G","Defend_G","Defend_G","Strike_G","Strike_G","Survivor+1","Neutralize+1","Tools of the Trade+1","Reflex+1","Choke+1","Flying Knee","PiercingWail","Bouncing Flask+1","All Out Attack","Riddle With Holes","Malaise","RitualDagger","Skewer+1","Crippling Poison","Tactician","Tactician","Corpse Explosion","Backflip","Burst","Outmaneuver+1","Footwork+1","Backflip","Blur","Eviscerate+1"],"special_seed":0,"relics":["Ring of the Snake","WingedGreaves","Pocketwatch","Orichalcum","HoveringKite","Tingsha","Gremlin Horn","Lantern","Dream Catcher","Ancient Tea Set","Bag of Marbles","Question Card","Tiny House","Paper Crane"],"potions_floor_usage":[44,44],"damage_taken":[{"damage":6.0,"enemies":"Cultist","floor":1.0,"turns":5.0},{"damage":12.0,"enemies":"Small Slimes","floor":2.0,"turns":5.0},{"damage":2.0,"enemies":"Jaw Worm","floor":3.0,"turns":5.0},{"damage":22.0,"enemies":"3 Sentries","floor":11.0,"turns":8.0},{"damage":0.0,"enemies":"Large Slime","floor":12.0,"turns":6.0},{"damage":6.0,"enemies":"Exordium Wildlife","floor":13.0,"turns":3.0},{"damage":7.0,"enemies":"Hexaghost","floor":16.0,"turns":8.0},{"damage":4.0,"enemies":"2 Thieves","floor":18.0,"turns":3.0},{"damage":17.0,"enemies":"Colosseum Slavers","floor":20.0,"turns":5.0},{"damage":21.0,"enemies":"Colosseum Nobs","floor":20.0,"turns":5.0},{"damage":0.0,"enemies":"3 Byrds","floor":22.0,"turns":3.0},{"damage":10.0,"enemies":"Book of Stabbing","floor":25.0,"turns":4.0},{"damage":0.0,"enemies":"Snecko","floor":29.0,"turns":2.0},{"damage":3.0,"enemies":"Snake Plant","floor":31.0,"turns":4.0},{"damage":22.0,"enemies":"Automaton","floor":33.0,"turns":9.0},{"damage":1.0,"enemies":"3 Darklings","floor":35.0,"turns":4.0},{"damage":0.0,"enemies":"Orb Walker","floor":36.0,"turns":2.0},{"damage":0.0,"enemies":"Spire Growth","floor":39.0,"turns":5.0},{"damage":0.0,"enemies":"Sphere and 2 Shapes","floor":41.0,"turns":6.0},{"damage":117,"enemies":"Giant Head","floor":44,"turns":10}],"seed_played":"2794372292970236219","potions_obtained":[{"floor":1.0,"key":"FearPotion"},{"floor":12.0,"key":"Strength Potion"},{"floor":13.0,"key":"Weak Potion"},{"floor":20.0,"key":"Strength Potion"},{"floor":22.0,"key":"EssenceOfSteel"},{"floor":25.0,"key":"Ancient Potion"},{"floor":34.0,"key":"Explosive Potion"},{"floor":36.0,"key":"SpeedPotion"},{"floor":39.0,"key":"Block Potion"}],"is_trial":false,"path_per_floor":["M","M","M","?","?","R","R","R","T","?","E","M","M","$","R","B",null,"M","?","?","?","M","R","T","E","T","R","$","M","T","M","R","B",null,"M","M","?","$","M","R","M","R","T","E"],"character_chosen":"THE_SILENT","items_purchased":["Riddle With Holes","Tactician","Footwork","Backflip"],"campfire_rested":3,"item_purchase_floors":[14,28,38,38],"current_hp_per_floor":[53,41,39,34,34,34,34,34,34,56,34,34,28,28,28,21,55,51,45,7,7,7,26,26,16,16,35,35,35,35,32,51,29,62,61,61,61,61,61,61,61,61,61,0],"gold":126,"neow_bonus":"ONE_RANDOM_RARE_CARD","is_prod":false,"is_daily":false,"chose_seed":false,"campfire_upgraded":6,"win_rate":0,"timestamp":1558543296,"path_taken":["M","M","M","?","?","R","R","R","T","?","E","M","M","$","R","BOSS","M","?","?","?","?","R","?","E","T","R","?","?","?","?","R","BOSS","M","M","?","$","M","R","M","R","T","E"],"build_version":"2019-01-23","purchased_purges":3,"victory":false,"max_hp_per_floor":[66,66,66,66,66,66,66,66,66,66,66,66,66,66,66,66,66,66,66,66,66,66,66,66,66,66,66,66,66,66,66,66,66,71,71,71,67,67,67,67,67,67,67,67],"card_choices":[{"not_picked":["Skewer","Poisoned Stab"],"picked":"Reflex","floor":1.0},{"not_picked":["Riddle With Holes","Acrobatics"],"picked":"Choke","floor":2.0},{"not_picked":["Dagger Spray","Poisoned Stab"],"picked":"Flying Knee","floor":3.0},{"not_picked":["Burst","Prepared"],"picked":"PiercingWail","floor":11.0},{"not_picked":["Dagger Spray","Dodge and Roll"],"picked":"Bouncing Flask","floor":12.0},{"not_picked":["Choke","Predator"],"picked":"All Out Attack","floor":13.0},{"not_picked":["Unload","Phantasmal Killer"],"picked":"Malaise","floor":16.0},{"not_picked":["Finisher","Acrobatics","Dagger Throw"],"picked":"SKIP","floor":18.0},{"not_picked":["Bouncing Flask","Accuracy+1"],"picked":"Skewer+1","floor":22.0},{"not_picked":["Dagger Spray","Distraction"],"picked":"Crippling Poison","floor":25.0},{"not_picked":["Blade Dance","Bane"],"picked":"Tactician","floor":29.0},{"not_picked":["PiercingWail","Outmaneuver","Flechettes"],"picked":"Corpse Explosion","floor":31.0},{"not_picked":["Poisoned Stab","Blur","Deadly Poison"],"picked":"Backflip","floor":32.0},{"not_picked":["Bullet Time","Venomology","Envenom"],"picked":"Burst","floor":33.0},{"not_picked":["Sucker Punch+1","Accuracy","Dagger Throw+1"],"picked":"Outmaneuver+1","floor":35.0},{"not_picked":["Blade Dance","Underhanded Strike","Acrobatics","Bane"],"picked":"SKIP","floor":36.0},{"not_picked":["Dagger Throw","Blade Dance","Flying Knee+1"],"picked":"Blur","floor":39.0},{"not_picked":["Choke+1","Riddle With Holes","Outmaneuver"],"picked":"Eviscerate+1","floor":41.0}],"player_experience":5111583,"relics_obtained":[{"floor":9.0,"key":"Pocketwatch"},{"floor":11.0,"key":"Orichalcum"},{"floor":20.0,"key":"Tingsha"},{"floor":20.0,"key":"Gremlin Horn"},{"floor":24.0,"key":"Dream Catcher"},{"floor":25.0,"key":"Ancient Tea Set"},{"floor":26.0,"key":"Bag of Marbles"},{"floor":30.0,"key":"Question Card"},{"floor":43.0,"key":"Paper Crane"}],"event_choices":[{"damage_healed":0.0,"max_hp_gain":0.0,"max_hp_loss":0.0,"gold_gain":0.0,"event_name":"Scrap Ooze","player_choice":"Success","floor":4.0,"gold_loss":0.0,"damage_taken":5.0,"relics_obtained":["WingedGreaves"]},{"cards_removed":["Strike_G"],"damage_healed":0.0,"max_hp_gain":0.0,"max_hp_loss":0.0,"gold_gain":0.0,"event_name":"The Cleric","player_choice":"Card Removal","floor":5.0,"gold_loss":75.0,"damage_taken":0.0},{"damage_healed":22.0,"max_hp_gain":0.0,"max_hp_loss":0.0,"gold_gain":0.0,"event_name":"Big Fish","player_choice":"Banana","floor":10.0,"gold_loss":0.0,"damage_taken":0.0},{"damage_healed":0.0,"max_hp_gain":0.0,"max_hp_loss":0.0,"gold_gain":0.0,"event_name":"Nest","player_choice":"Joined the Cult","floor":19.0,"gold_loss":0.0,"damage_taken":6.0,"cards_obtained":["RitualDagger"]},{"damage_healed":0.0,"max_hp_gain":0.0,"max_hp_loss":0.0,"gold_gain":0.0,"event_name":"Colosseum","player_choice":"Fight","floor":20.0,"gold_loss":0.0,"damage_taken":0.0},{"damage_healed":0.0,"max_hp_gain":0.0,"max_hp_loss":0.0,"gold_gain":0.0,"event_name":"Colosseum","player_choice":"Fought Nobs","floor":20.0,"gold_loss":0.0,"damage_taken":0.0},{"damage_healed":0.0,"max_hp_gain":0.0,"max_hp_loss":0.0,"gold_gain":0.0,"event_name":"Addict","player_choice":"Obtained Relic","floor":21.0,"gold_loss":85.0,"damage_taken":0.0,"relics_obtained":["Lantern"]},{"damage_healed":0.0,"max_hp_gain":0.0,"max_hp_loss":4.0,"gold_gain":0.0,"event_name":"Winding Halls","player_choice":"Max HP","floor":37.0,"gold_loss":0.0,"damage_taken":0.0}],"is_beta":false,"boss_relics":[{"not_picked":["Pandora\u0027s Box","White Beast Statue"],"picked":"HoveringKite"},{"not_picked":["WristBlade","Runic Dome"],"picked":"Tiny House"}],"items_purged_floors":[14,28,38],"is_endless":false,"potions_floor_spawned":[1,12,13,20,22,25,36,39],"killed_by":"Giant Head","ascension_level":20}