{"gold_per_floor":[115,1,16,34,45,45,57,57,57,57,88,102,129,29,29,107,107,107],"floor_reached":18,"playtime":598,"items_purged":["Strike_R","Strike_R"],"score":344,"play_id":"25cc02a8-5d01-497c-8b53-8b2d39b6a43e","local_time":"20190514005737","is_ascension_mode":true,"campfire_choices":[{"data":"Dual Wield","floor":6.0,"key":"SMITH"},{"data":"Pommel Strike","floor":8.0,"key":"SMITH"},{"floor":15.0,"key":"REST"}],"neow_cost":"NONE","seed_source_timestamp":715882427148500,"circlet_count":0,"master_deck":["AscendersBane","Strike_R","Strike_R","Strike_R","Defend_R","Defend_R","Defend_R","Defend_R","Bash","Pommel Strike+1","Dropkick","Fiend Fire","Dual Wield+1","Metallicize","Shockwave","Rage","Dark Embrace","Battle Trance","Battle Trance"],"special_seed":0,"relics":["Burning Blood","Omamori","Regal Pillow","Question Card","Orrery"],"potions_floor_usage":[18],"damage_taken":[{"damage":13.0,"enemies":"Cultist","floor":1.0,"turns":5.0},{"damage":4.0,"enemies":"Jaw Worm","floor":3.0,"turns":4.0},{"damage":4.0,"enemies":"Small Slimes","floor":4.0,"turns":3.0},{"damage":0.0,"enemies":"Exordium Thugs","floor":5.0,"turns":2.0},{"damage":21.0,"enemies":"Lots of Slimes","floor":7.0,"turns":6.0},{"damage":12.0,"enemies":"Lagavulin","floor":11.0,"turns":4.0},{"damage":21.0,"enemies":"Exordium Wildlife","floor":12.0,"turns":4.0},{"damage":19.0,"enemies":"Gremlin Nob","floor":13.0,"turns":4.0},{"damage":28,"enemies":"Slime Boss","floor":16,"turns":9},{"damage":75,"enemies":"3 Byrds","floor":18,"turns":9}],"seed_played":"2336190165918726308","potions_obtained":[{"floor":3.0,"key":"Fire Potion"},{"floor":7.0,"key":"Explosive Potion"},{"floor":12.0,"key":"EssenceOfSteel"},{"floor":13.0,"key":"SpeedPotion"},{"floor":16,"key":"Swift Potion"}],"is_trial":false,"path_per_floor":["M","$","M","M","M","R","M","R","T","?","E","M","E","$","R","B",null,"M"],"character_chosen":"IRONCLAD","items_purchased":["Dropkick"],"campfire_rested":1,"item_purchase_floors":[2],"current_hp_per_floor":[68,68,70,72,78,78,63,63,63,63,57,42,29,29,68,46,73,0],"gold":107,"neow_bonus":"TEN_PERCENT_HP_BONUS","is_prod":false,"is_daily":false,"chose_seed":false,"campfire_upgraded":2,"win_rate":0,"timestamp":1557763057,"path_taken":["M","?","M","M","M","R","M","R","T","?","E","M","E","$","R","BOSS","M"],"build_version":"2019-01-23","purchased_purges":2,"victory":false,"max_hp_per_floor":[82,82,82,82,82,82,82,82,82,82,82,82,82,82,82,82,82,82],"card_choices":[{"not_picked":["Clash","Iron Wave"],"picked":"Pommel Strike","floor":1.0},{"not_picked":["Twin Strike","Battle Trance"],"picked":"Fiend Fire","floor":3.0},{"not_picked":["Corruption","Inflame"],"picked":"Dual Wield","floor":4.0},{"not_picked":["Iron Wave","Disarm"],"picked":"Metallicize","floor":5.0},{"not_picked":["True Grit","Shrug It Off"],"picked":"Shockwave","floor":7.0},{"not_picked":["Pummel","Flex","Heavy Blade"],"picked":"SKIP","floor":11.0},{"not_picked":["Double Tap","Flex"],"picked":"Rage","floor":12.0},{"not_picked":["Armaments","Fire Breathing","Sword Boomerang"],"picked":"SKIP","floor":13.0},{"not_picked":["Juggernaut","Immolate","Feed"],"picked":"Dark Embrace","floor":16},{"not_picked":["Entrench","Clothesline","Heavy Blade"],"picked":"Battle Trance","floor":17},{"not_picked":["Havoc","Clash","Entrench"],"picked":"Battle Trance","floor":17}],"player_experience":5012881,"relics_obtained":[{"floor":9.0,"key":"Omamori"},{"floor":11.0,"key":"Regal Pillow"},{"floor":13.0,"key":"Question Card"}],"event_choices":[{"damage_healed":0.0,"max_hp_gain":0.0,"max_hp_loss":0.0,"gold_gain":0.0,"event_name":"The Cleric","player_choice":"Leave","floor":10.0,"gold_loss":0.0,"damage_taken":0.0}],"is_beta":false,"boss_relics":[{"not_picked":["Black Blood","Sozu"],"picked":"Orrery"}],"items_purged_floors":[2,14],"is_endless":false,"potions_floor_spawned":[3,7,12,13,16],"killed_by":"3 Byrds","ascension_level":20}