{"gold_per_floor":[110,122,136,53,18,18,47,47,74,74,87,99,99,110,110,184,184,201,218,238,255,267,267,267,284,284,284,313,76,76,76],"floor_reached":31,"playtime":969,"items_purged":[],"score":750,"play_id":"fa31087f-1966-42ad-a7ba-13344efd01e2","local_time":"20190719204017","is_ascension_mode":true,"campfire_choices":[{"data":"Apotheosis","floor":6,"key":"SMITH"},{"floor":8,"key":"REST"},{"data":"Bash","floor":10,"key":"SMITH"},{"data":"Shockwave","floor":13,"key":"SMITH"},{"data":"Shrug It Off","floor":15,"key":"SMITH"},{"floor":23,"key":"RECALL"},{"data":"1","floor":27,"key":"LIFT"}],"neow_cost":"","seed_source_timestamp":2443041384851580,"circlet_count":0,"master_deck":["AscendersBane","Strike_R","Strike_R","Strike_R","Strike_R","Strike_R","Defend_R","Defend_R","Defend_R","Defend_R","Bash+1","Apotheosis+1","Dropkick","Clothesline","Iron Wave","Twin Strike","Pommel Strike","Dropkick","Shockwave+1","Pommel Strike","Cleave","Shrug It Off+1","Reaper","Offering","Twin Strike","Shrug It Off","Rupture","Pommel Strike","Perfected Strike","Spot Weakness","Wild Strike","True Grit","Rage","Pommel Strike","Feel No Pain+1","Pommel Strike","Uppercut"],"relics":["Burning Blood","Prayer Wheel","Pen Nib","Vajra","Mark of Pain","Girya","Bottled Flame","Membership Card"],"potions_floor_usage":[16,28],"damage_taken":[{"damage":4,"enemies":"Cultist","floor":1,"turns":4},{"damage":12,"enemies":"Jaw Worm","floor":2,"turns":4},{"damage":5,"enemies":"2 Louse","floor":3,"turns":2},{"damage":26,"enemies":"3 Sentries","floor":7,"turns":8},{"damage":0,"enemies":"2 Fungi Beasts","floor":11,"turns":3},{"damage":3,"enemies":"Looter","floor":12,"turns":3},{"damage":0,"enemies":"Large Slime","floor":14,"turns":3},{"damage":31,"enemies":"Hexaghost","floor":16,"turns":7},{"damage":14,"enemies":"2 Thieves","floor":18,"turns":3},{"damage":9,"enemies":"Shell Parasite","floor":19,"turns":2},{"damage":21,"enemies":"Centurion and Healer","floor":20,"turns":5},{"damage":24,"enemies":"Snake Plant","floor":21,"turns":2},{"damage":27,"enemies":"Shelled Parasite and Fungi","floor":22,"turns":4},{"damage":5,"enemies":"Centurion and Healer","floor":25,"turns":4},{"damage":48,"enemies":"Slavers","floor":28,"turns":4},{"damage":22,"enemies":"Colosseum Slavers","floor":31,"turns":1}],"seed_played":"5264678713022707527","potions_obtained":[{"floor":11,"key":"Ancient Potion"},{"floor":12,"key":"Energy Potion"},{"floor":14,"key":"PowerPotion"},{"floor":18,"key":"GamblersBrew"},{"floor":19,"key":"Strength Potion"},{"floor":28,"key":"Ancient Potion"}],"is_trial":false,"path_per_floor":["M","M","M","$","?","R","E","R","T","R","M","M","R","M","R","B",null,"M","M","M","M","M","R","?","M","T","R","E","$","?","?"],"character_chosen":"IRONCLAD","items_purchased":["Apotheosis","Dropkick","Clothesline","Shockwave","Membership Card","Uppercut"],"campfire_rested":1,"item_purchase_floors":[0,0,0,4,29,29],"current_hp_per_floor":[45,39,40,40,58,58,38,60,60,60,66,69,69,75,75,75,75,67,64,69,51,45,45,45,46,46,46,20,20,20,0],"gold":76,"neow_bonus":"","is_prod":false,"is_daily":false,"chose_seed":false,"campfire_upgraded":4,"win_rate":0,"timestamp":1563561617,"path_taken":["M","?","?","$","?","R","E","R","T","R","M","M","R","M","R","BOSS","M","M","M","M","M","R","?","M","T","R","E","?","?","?"],"build_version":"2019-07-17","purchased_purges":0,"victory":false,"max_hp_per_floor":[75,75,75,75,75,75,75,75,75,75,75,75,75,75,75,75,75,75,75,75,75,75,75,75,75,75,75,75,75,75,75],"card_choices":[{"not_picked":["Armaments","Headbutt"],"picked":"Iron Wave","floor":1},{"not_picked":["Armaments","Iron Wave"],"picked":"Twin Strike","floor":1},{"not_picked":["Twin Strike","Anger"],"picked":"Pommel Strike","floor":2},{"not_picked":["Fiend Fire","Bloodletting","Headbutt"],"picked":"SKIP","floor":2},{"not_picked":["Twin Strike","Sword Boomerang"],"picked":"Dropkick","floor":3},{"not_picked":["Armaments","Heavy Blade","Flex"],"picked":"SKIP","floor":3},{"not_picked":["Carnage","Iron Wave"],"picked":"Pommel Strike","floor":7},{"not_picked":["Burning Pact","Armaments"],"picked":"Cleave","floor":11},{"not_picked":["Flex","Carnage"],"picked":"Shrug It Off","floor":11},{"not_picked":["Entrench","Sword Boomerang","Headbutt"],"picked":"SKIP","floor":12},{"not_picked":["Armaments","Headbutt","Clothesline"],"picked":"SKIP","floor":12},{"not_picked":["Pummel","Warcry"],"picked":"Reaper","floor":14},{"not_picked":["Pummel","Carnage","Flex"],"picked":"SKIP","floor":14},{"not_picked":["Immolate","Barricade"],"picked":"Offering","floor":16},{"not_picked":["True Grit","Anger"],"picked":"Twin Strike","floor":18},{"not_picked":["Clash+1","Heavy Blade"],"picked":"Shrug It Off","floor":18},{"not_picked":["Reckless Charge","Havoc"],"picked":"Rupture","floor":19},{"not_picked":["Reckless Charge+1","Pummel"],"picked":"Pommel Strike","floor":19},{"not_picked":["Twin Strike","Bludgeon"],"picked":"Perfected Strike","floor":20},{"not_picked":["Flex","Sentinel+1"],"picked":"Spot Weakness","floor":20},{"not_picked":["Anger","Iron Wave"],"picked":"Wild Strike","floor":21},{"not_picked":["Havoc+1","Armaments+1"],"picked":"True Grit","floor":21},{"not_picked":["Evolve","Hemokinesis+1"],"picked":"Rage","floor":22},{"not_picked":["Impervious","Rage"],"picked":"Pommel Strike","floor":22},{"not_picked":["Corruption","Rage"],"picked":"Feel No Pain+1","floor":25},{"not_picked":["Shrug It Off","Disarm"],"picked":"Pommel Strike","floor":25},{"not_picked":["Havoc","Inflame","Clothesline"],"picked":"SKIP","floor":28}],"player_experience":487316,"relics_obtained":[{"floor":7,"key":"Pen Nib"},{"floor":9,"key":"Vajra"},{"floor":26,"key":"Girya"},{"floor":28,"key":"Bottled Flame"}],"event_choices":[{"damage_healed":18,"gold_gain":0,"player_choice":"Healed","damage_taken":0,"max_hp_gain":0,"max_hp_loss":0,"event_name":"The Cleric","floor":5,"gold_loss":35},{"damage_healed":0,"gold_gain":0,"player_choice":"Ignored","damage_taken":0,"max_hp_gain":0,"max_hp_loss":0,"event_name":"Purifier","floor":24,"gold_loss":0},{"damage_healed":0,"gold_gain":0,"player_choice":"Fight","damage_taken":0,"max_hp_gain":0,"max_hp_loss":0,"event_name":"Colosseum","floor":31,"gold_loss":0}],"is_beta":false,"boss_relics":[{"not_picked":["Calling Bell","White Beast Statue"],"picked":"Mark of Pain"}],"items_purged_floors":[],"is_endless":false,"potions_floor_spawned":[11,12,14,18,19,20,28],"killed_by":"Colosseum Slavers","ascension_level":19}