{"gold_per_floor":[114,125,143,158,168,168,202,218,218,243,257,257,288,310,310,384,384,401,413,123,123],"floor_reached":21,"playtime":666,"items_purged":["Defend_R"],"score":406,"play_id":"f06e7fd7-4e8f-4beb-82db-d93fc9f32d6a","local_time":"20190322012011","is_ascension_mode":true,"campfire_choices":[{"data":"Inflame","floor":6,"key":"SMITH"},{"floor":12,"key":"REST"},{"data":"Uppercut","floor":15,"key":"SMITH"}],"neow_cost":"NONE","seed_source_timestamp":696389305508000,"circlet_count":0,"master_deck":["AscendersBane","Strike_R","Strike_R","Strike_R","Defend_R","Defend_R","Defend_R","Bash+1","Wild Strike","Carnage","Headbutt","Inflame+1","Clash","Bloodletting","Shrug It Off","Battle Trance","Whirlwind","Uppercut+1","Reaper","True Grit"],"special_seed":0,"relics":["Burning Blood","Ginger","Ornamental Fan","Regal Pillow","Bottled Tornado","Odd Mushroom","Empty Cage","Toy Ornithopter"],"potions_floor_usage":[7,10,16,16,21],"damage_taken":[{"damage":10.0,"enemies":"Small Slimes","floor":1.0,"turns":4.0},{"damage":6.0,"enemies":"2 Louse","floor":2.0,"turns":4.0},{"damage":2,"enemies":"Jaw Worm","floor":3,"turns":3},{"damage":8,"enemies":"3 Louse","floor":4,"turns":3},{"damage":12,"enemies":"Looter","floor":5,"turns":3},{"damage":8,"enemies":"Gremlin Nob","floor":7,"turns":3},{"damage":26,"enemies":"Large Slime","floor":8,"turns":4},{"damage":25,"enemies":"3 Sentries","floor":10,"turns":6},{"damage":1,"enemies":"3 Louse","floor":11,"turns":2},{"damage":28,"enemies":"Gremlin Nob","floor":13,"turns":4},{"damage":7,"enemies":"The Mushroom Lair","floor":14,"turns":2},{"damage":17,"enemies":"Hexaghost","floor":16,"turns":6},{"damage":21,"enemies":"2 Thieves","floor":18,"turns":5},{"damage":55,"enemies":"3 Byrds","floor":19,"turns":8},{"damage":22,"enemies":"Colosseum Slavers","floor":21,"turns":1}],"seed_played":"5854822171117126443","potions_obtained":[{"floor":3,"key":"AttackPotion"},{"floor":5,"key":"Energy Potion"},{"floor":8,"key":"PowerPotion"},{"floor":11,"key":"Strength Potion"},{"floor":16,"key":"Dexterity Potion"},{"floor":19,"key":"LiquidBronze"}],"is_trial":false,"path_per_floor":["M","M","M","M","M","R","E","M","T","E","M","R","E","?","R","B",null,"M","M","$","?"],"character_chosen":"IRONCLAD","items_purchased":["Toy Ornithopter"],"campfire_rested":1,"item_purchase_floors":[20],"current_hp_per_floor":[64,64,68,66,60,60,58,38,38,19,24,61,39,38,38,27,63,48,8,8,0],"gold":123,"neow_bonus":"UPGRADE_CARD","is_prod":false,"is_daily":false,"chose_seed":false,"campfire_upgraded":2,"win_rate":0,"timestamp":1553185211,"path_taken":["M","M","M","M","M","R","E","M","T","E","M","R","E","?","R","BOSS","M","M","$","?"],"build_version":"2019-01-23","purchased_purges":1,"victory":false,"max_hp_per_floor":[75,75,75,75,75,75,75,75,75,75,75,75,75,75,75,75,75,75,75,75,75],"card_choices":[{"not_picked":["Armaments","Bloodletting"],"picked":"Wild Strike","floor":1.0},{"not_picked":["Twin Strike","Corruption"],"picked":"Carnage","floor":2.0},{"not_picked":["Body Slam","Blood for Blood"],"picked":"Headbutt","floor":3},{"not_picked":["Clash","Thunderclap"],"picked":"Inflame","floor":4},{"not_picked":["Flex","Warcry"],"picked":"Clash","floor":5},{"not_picked":["Wild Strike","Searing Blow","Perfected Strike"],"picked":"SKIP","floor":7},{"not_picked":["Inflame","Sentinel"],"picked":"Bloodletting","floor":8},{"not_picked":["Fire Breathing","Twin Strike"],"picked":"Shrug It Off","floor":10},{"not_picked":["Clothesline","Havoc"],"picked":"Battle Trance","floor":11},{"not_picked":["Battle Trance","Perfected Strike"],"picked":"Whirlwind","floor":13},{"not_picked":["Rampage","Wild Strike"],"picked":"Uppercut","floor":14},{"not_picked":["Berserk","Limit Break"],"picked":"Reaper","floor":16},{"not_picked":["Rampage","Clash","Uppercut"],"picked":"SKIP","floor":18},{"not_picked":["Wild Strike","Blood for Blood"],"picked":"True Grit","floor":19}],"player_experience":4583064,"relics_obtained":[{"floor":7,"key":"Ginger"},{"floor":9,"key":"Ornamental Fan"},{"floor":10,"key":"Regal Pillow"},{"floor":13,"key":"Bottled Tornado"},{"floor":14,"key":"Odd Mushroom"}],"event_choices":[{"damage_healed":0,"gold_gain":0,"player_choice":"Fought Mushrooms","damage_taken":0,"max_hp_gain":0,"max_hp_loss":0,"event_name":"Mushrooms","floor":14,"gold_loss":0},{"damage_healed":0,"gold_gain":0,"player_choice":"Fight","damage_taken":0,"max_hp_gain":0,"max_hp_loss":0,"event_name":"Colosseum","floor":21,"gold_loss":0}],"is_beta":false,"boss_relics":[{"not_picked":["Philosopher\u0027s Stone","Ectoplasm"],"picked":"Empty Cage"}],"items_purged_floors":[20],"is_endless":false,"potions_floor_spawned":[3,5,8,11,16,19],"killed_by":"Colosseum Slavers","ascension_level":20}