{"gold_per_floor":[114,130,141,141,316,316,341,359,359,371,139,139,139,166,166,267,317,330,161,161,161,141,141,141,141],"floor_reached":25,"playtime":1139,"items_purged":["Doubt","Strike_B"],"score":293,"play_id":"6d9605a7-36fc-407a-8793-3b38669ee1fe","local_time":"20190721143851","is_ascension_mode":true,"campfire_choices":[{"data":"Static Discharge","floor":6,"key":"SMITH"},{"floor":13,"key":"REST"},{"floor":15,"key":"REST"},{"data":"Trip","floor":23,"key":"SMITH"}],"neow_cost":"NONE","seed_source_timestamp":1813164485100,"circlet_count":0,"master_deck":["Defend_B","Defend_B","Defend_B","Zap","Dualcast","Trip+1","Consume","Go for the Eyes","Gash","Static Discharge+1","Hologram","Gash+1","Leap","All For One","Glacier","Buffer","Genetic Algorithm","BootSequence+1","Ball Lightning","Conserve Battery","Necronomicurse","Steam+1"],"relics":["Cracked Core","Boot","Bag of Marbles","Bottled Tornado","Tiny House","Necronomicon"],"potions_floor_usage":[10,14,22,25,25],"damage_taken":[{"damage":10,"enemies":"Small Slimes","floor":1,"turns":3},{"damage":5,"enemies":"2 Louse","floor":2,"turns":3},{"damage":1,"enemies":"Cultist","floor":3,"turns":3},{"damage":32,"enemies":"3 Sentries","floor":7,"turns":5},{"damage":8,"enemies":"Blue Slaver","floor":8,"turns":3},{"damage":1,"enemies":"Looter","floor":10,"turns":2},{"damage":20,"enemies":"Gremlin Nob","floor":14,"turns":4},{"damage":19,"enemies":"Hexaghost","floor":16,"turns":5},{"damage":5,"enemies":"3 Byrds","floor":18,"turns":1},{"damage":0,"enemies":"2 Thieves","floor":22,"turns":4},{"damage":49,"enemies":"Gremlin Leader","floor":25,"turns":6}],"seed_played":"2550912659279930288","potions_obtained":[{"floor":1,"key":"SkillPotion"},{"floor":2,"key":"SpeedPotion"},{"floor":10,"key":"Strength Potion"},{"floor":17,"key":"Block Potion"},{"floor":18,"key":"SkillPotion"},{"floor":22,"key":"Dexterity Potion"}],"is_trial":false,"path_per_floor":["M","M","M","?","?","R","E","M","T","M","$","?","R","E","R","B",null,"M","$","?","?","M","R","?","E"],"character_chosen":"DEFECT","items_purchased":["All For One","Glacier","Ball Lightning","Conserve Battery"],"campfire_rested":2,"item_purchase_floors":[11,11,19,19],"current_hp_per_floor":[58,53,52,52,52,52,20,12,12,11,11,4,26,6,28,9,64,59,59,59,43,43,43,43,0],"gold":141,"neow_bonus":"RANDOM_COLORLESS","is_prod":false,"is_daily":false,"chose_seed":false,"campfire_upgraded":2,"win_rate":0,"timestamp":1563734331,"path_taken":["M","M","M","?","?","R","E","M","T","M","$","?","R","E","R","BOSS","M","$","?","?","M","R","?","E"],"build_version":"2019-07-17","purchased_purges":2,"victory":false,"max_hp_per_floor":[75,75,75,75,75,75,75,75,75,75,75,75,75,75,75,75,80,80,80,80,80,80,80,80,80],"card_choices":[{"not_picked":["Hologram","Scrape"],"picked":"Consume","floor":1},{"not_picked":["Hologram","Consume"],"picked":"Go for the Eyes","floor":2},{"not_picked":["Auto Shields","BootSequence"],"picked":"Gash","floor":3},{"not_picked":["Thunder Strike","Streamline"],"picked":"Hologram","floor":7},{"not_picked":["Heatsinks","Turbo"],"picked":"Gash","floor":8},{"not_picked":["Streamline","Barrage"],"picked":"Leap","floor":10},{"not_picked":["Streamline","Blizzard","Static Discharge"],"picked":"SKIP","floor":14},{"not_picked":["Amplify","Hyperbeam"],"picked":"Buffer","floor":16},{"not_picked":["Streamline","Barrage"],"picked":"Genetic Algorithm","floor":17},{"not_picked":["Defragment","Recycle"],"picked":"BootSequence+1","floor":18},{"not_picked":["Beam Cell+1","Lockon"],"picked":"Steam+1","floor":22}],"player_experience":280083,"relics_obtained":[{"floor":7,"key":"Boot"},{"floor":9,"key":"Bag of Marbles"},{"floor":14,"key":"Bottled Tornado"},{"floor":21,"key":"Necronomicon"}],"event_choices":[{"damage_healed":0,"gold_gain":0,"cards_transformed":["Strike_B"],"player_choice":"Change","damage_taken":0,"max_hp_gain":0,"max_hp_loss":0,"event_name":"Living Wall","floor":4,"gold_loss":0,"cards_obtained":["Static Discharge"]},{"damage_healed":0,"gold_gain":175,"player_choice":"AGREE","damage_taken":0,"max_hp_gain":0,"max_hp_loss":0,"event_name":"Liars Game","floor":5,"gold_loss":0,"cards_obtained":["Doubt"]},{"cards_removed":["Strike_B"],"damage_healed":0,"gold_gain":0,"player_choice":"Card Removal","damage_taken":7,"max_hp_gain":0,"max_hp_loss":0,"event_name":"Golden Wing","floor":12,"gold_loss":0},{"cards_removed":["Strike_B"],"damage_healed":0,"gold_gain":0,"player_choice":"Elegance","damage_taken":0,"max_hp_gain":0,"max_hp_loss":0,"event_name":"Back to Basics","floor":20,"gold_loss":0},{"damage_healed":0,"gold_gain":0,"player_choice":"Obtained Book","damage_taken":16,"max_hp_gain":0,"max_hp_loss":0,"event_name":"Cursed Tome","floor":21,"gold_loss":0},{"cards_removed":["Defend_B"],"damage_healed":0,"gold_gain":0,"player_choice":"Purged","damage_taken":0,"max_hp_gain":0,"max_hp_loss":0,"event_name":"Purifier","floor":24,"gold_loss":0}],"is_beta":false,"boss_relics":[{"not_picked":["Calling Bell","Philosopher\u0027s Stone"],"picked":"Tiny House"}],"items_purged_floors":[11,19],"is_endless":false,"potions_floor_spawned":[1,2,10,18,22],"killed_by":"Gremlin Leader","ascension_level":8}