{"gold_per_floor":[118,0,18,36,55,88,117,117,167,167],"floor_reached":10,"playtime":374,"items_purged":["Strike_R"],"score":136,"play_id":"14908baf-be2d-44a7-a276-ada9b3279e71","local_time":"20190718011100","is_ascension_mode":true,"campfire_choices":[{"floor":8,"key":"REST"}],"neow_cost":"NONE","seed_source_timestamp":631502732113900,"circlet_count":0,"master_deck":["AscendersBane","Strike_R","Strike_R","Strike_R","Defend_R","Defend_R","Defend_R","Defend_R","Bash","Dropkick","Thunderclap","Carnage","Power Through","Corruption","Battle Trance","Inflame"],"relics":["Burning Blood","Mummified Hand","Odd Mushroom","Bag of Marbles"],"potions_floor_usage":[6],"damage_taken":[{"damage":3,"enemies":"2 Louse","floor":1,"turns":4},{"damage":1,"enemies":"Cultist","floor":3,"turns":3},{"damage":5,"enemies":"Small Slimes","floor":4,"turns":3},{"damage":4,"enemies":"3 Louse","floor":5,"turns":4},{"damage":37,"enemies":"Lagavulin","floor":6,"turns":7},{"damage":29,"enemies":"The Mushroom Lair","floor":7,"turns":6},{"damage":45,"enemies":"3 Sentries","floor":10,"turns":8}],"seed_played":"2897051527133284880","potions_obtained":[{"floor":3,"key":"SpeedPotion"},{"floor":4,"key":"AttackPotion"}],"is_trial":false,"path_per_floor":["M","$","M","M","M","E","?","R","T","E"],"character_chosen":"IRONCLAD","items_purchased":["Carnage"],"campfire_rested":1,"item_purchase_floors":[2],"current_hp_per_floor":[71,71,75,75,75,44,21,43,43,0],"gold":167,"neow_bonus":"TRANSFORM_CARD","is_prod":false,"is_daily":false,"chose_seed":false,"campfire_upgraded":0,"win_rate":0,"timestamp":1563379860,"path_taken":["M","$","M","M","M","E","?","R","T","E"],"build_version":"2019-07-05","purchased_purges":1,"victory":false,"max_hp_per_floor":[75,75,75,75,75,75,75,75,75,75],"card_choices":[{"not_picked":["Heavy Blade","Wild Strike"],"picked":"Thunderclap","floor":1},{"not_picked":["Rampage","Iron Wave","Heavy Blade"],"picked":"SKIP","floor":3},{"not_picked":["Warcry","Clothesline"],"picked":"Power Through","floor":4},{"not_picked":["Ghostly Armor","Spot Weakness"],"picked":"Corruption","floor":5},{"not_picked":["Hemokinesis","Metallicize"],"picked":"Battle Trance","floor":6},{"not_picked":["Iron Wave","Bloodletting"],"picked":"Inflame","floor":7}],"player_experience":5725331,"relics_obtained":[{"floor":6,"key":"Mummified Hand"},{"floor":7,"key":"Odd Mushroom"},{"floor":9,"key":"Bag of Marbles"}],"event_choices":[{"damage_healed":0,"gold_gain":0,"player_choice":"Fought Mushrooms","damage_taken":0,"max_hp_gain":0,"max_hp_loss":0,"event_name":"Mushrooms","floor":7,"gold_loss":0}],"is_beta":false,"boss_relics":[],"items_purged_floors":[2],"is_endless":false,"potions_floor_spawned":[3,4,5],"killed_by":"3 Sentries","ascension_level":20}