{"gold_per_floor":[117,136,150,164,175,203,203,230,230,230,230,264,275,290,290,364,364,375,391,76,93,110,135,181,193,259,296,308,332,377,401,413,496,508,531,561,583,72,72,102,52,52,52,86,86,86,138,171,171,171,171,171,171,58,84,84],"floor_reached":57,"playtime":2610,"items_purged":["Pain","Zap","Sweeping Beam","Conserve Battery"],"score":3384,"play_id":"def2a0ea-e634-4a4e-8c3d-e7e91cece874","local_time":"20190716035811","is_ascension_mode":true,"campfire_choices":[{"data":"Self Repair","floor":7,"key":"SMITH"},{"data":"Go for the Eyes","floor":11,"key":"SMITH"},{"data":"Amplify","floor":15,"key":"SMITH"},{"data":"Biased Cognition","floor":25,"key":"SMITH"},{"data":"Consume","floor":32,"key":"SMITH"},{"data":"Defragment","floor":42,"key":"SMITH"},{"floor":46,"key":"RECALL"},{"data":"Hologram","floor":49,"key":"SMITH"},{"data":"Seek","floor":53,"key":"SMITH"}],"neow_cost":"","seed_source_timestamp":464068776921400,"circlet_count":0,"master_deck":["AscendersBane","Dualcast","Self Repair+1","Ball Lightning","Go for the Eyes+1","Lockon","Undo","Turbo","Amplify+1","Biased Cognition+1","Static Discharge","Sunder+1","Consume+1","Chill","Double Energy","Conserve Battery","Self Repair","Darkness+1","Core Surge+1","FTL+1","Glacier","Blizzard+1","Core Surge+1","Capacitor","Cold Snap+1","Glacier","Hologram+1","Seek+1","Defragment+1","Coolheaded","Coolheaded"],"relics":["Cracked Core","Sling","WingedGreaves","PreservedInsect","Black Star","Strawberry","Calipers","Blood Vial","Pear","Bronze Scales","WarpedTongs","Incense Burner","Molten Egg 2","Pandora\u0027s Box","Omamori","MawBank","Anchor","Smiling Mask","Juzu Bracelet","Bag of Preparation","Mummified Hand","Potion Belt","Mercury Hourglass","Lantern","Black Star","Runic Capacitor","Cables","Centennial Puzzle","Bag of Marbles","Orichalcum","Vajra","The Courier","Pen Nib","Bottled Flame"],"potions_floor_usage":[6,23,24,56,56],"damage_taken":[{"damage":6,"enemies":"2 Louse","floor":1,"turns":3},{"damage":1,"enemies":"Cultist","floor":2,"turns":4},{"damage":9,"enemies":"Jaw Worm","floor":3,"turns":5},{"damage":21,"enemies":"Lots of Slimes","floor":4,"turns":4},{"damage":9,"enemies":"Red Slaver","floor":5,"turns":4},{"damage":3,"enemies":"Lagavulin","floor":6,"turns":3},{"damage":15,"enemies":"3 Sentries","floor":8,"turns":4},{"damage":3,"enemies":"Gremlin Nob","floor":12,"turns":2},{"damage":3,"enemies":"2 Fungi Beasts","floor":13,"turns":2},{"damage":12,"enemies":"Large Slime","floor":14,"turns":7},{"damage":23,"enemies":"Hexaghost","floor":16,"turns":4},{"damage":7,"enemies":"Chosen","floor":18,"turns":4},{"damage":16,"enemies":"2 Thieves","floor":19,"turns":4},{"damage":5,"enemies":"Snake Plant","floor":21,"turns":3},{"damage":14,"enemies":"Centurion and Healer","floor":22,"turns":10},{"damage":18,"enemies":"Book of Stabbing","floor":23,"turns":3},{"damage":34,"enemies":"Slavers","floor":24,"turns":3},{"damage":2,"enemies":"Book of Stabbing","floor":27,"turns":3},{"damage":0,"enemies":"3 Cultists","floor":29,"turns":3},{"damage":2,"enemies":"Slavers","floor":30,"turns":3},{"damage":4,"enemies":"Snake Plant","floor":31,"turns":3},{"damage":0,"enemies":"Champ","floor":33,"turns":8},{"damage":7,"enemies":"3 Darklings","floor":35,"turns":5},{"damage":26,"enemies":"Orb Walker","floor":36,"turns":3},{"damage":17,"enemies":"Writhing Mass","floor":37,"turns":10},{"damage":0,"enemies":"Nemesis","floor":40,"turns":9},{"damage":0,"enemies":"Reptomancer","floor":44,"turns":6},{"damage":2,"enemies":"2 Orb Walkers","floor":47,"turns":5},{"damage":0,"enemies":"Giant Head","floor":48,"turns":9},{"damage":0,"enemies":"Awakened One","floor":50,"turns":12},{"damage":16,"enemies":"Time Eater","floor":51,"turns":16},{"damage":41,"enemies":"Shield and Spear","floor":55,"turns":7},{"damage":25,"enemies":"The Heart","floor":56,"turns":10}],"seed_played":"-3168292093860666303","potions_obtained":[{"floor":2,"key":"GamblersBrew"},{"floor":4,"key":"Block Potion"},{"floor":6,"key":"Swift Potion"},{"floor":23,"key":"FocusPotion"},{"floor":24,"key":"Explosive Potion"},{"floor":33,"key":"SkillPotion"},{"floor":36,"key":"Explosive Potion"},{"floor":37,"key":"EssenceOfSteel"}],"is_trial":true,"path_per_floor":["M","M","M","M","M","E","R","E","T","?","R","E","M","M","R","B",null,"M","M","$","M","M","E","E","R","T","E","?","M","E","M","R","B",null,"M","M","M","$","?","E","$","R","T","E","?","R","?","E","R","B","B",null,"R","$","E","B",null],"character_chosen":"DEFECT","items_purchased":["Core Surge+1","FTL+1","Glacier","Runic Capacitor","Seek","Defragment","Ancient Potion"],"campfire_rested":0,"item_purchase_floors":[20,20,20,38,38,38,54],"current_hp_per_floor":[58,57,55,41,39,43,43,48,48,48,48,57,56,56,56,55,80,88,82,82,88,88,88,68,68,68,78,78,88,88,88,88,88,88,88,72,87,87,98,98,98,98,98,98,98,98,98,98,98,98,98,98,98,98,97,97],"gold":84,"neow_bonus":"","is_prod":false,"is_daily":false,"chose_seed":false,"campfire_upgraded":8,"win_rate":0,"timestamp":1563217091,"path_taken":["M","M","M","M","M","E","R","E","T","?","R","E","M","M","R","BOSS","M","M","$","M","?","E","E","R","T","E","?","M","E","M","R","BOSS","M","M","M","$","?","E","?","R","T","E","?","R","?","E","R","BOSS","BOSS","R","$","E","BOSS"],"build_version":"2019-07-05","purchased_purges":4,"victory":true,"max_hp_per_floor":[71,71,71,71,71,78,78,88,88,88,88,88,88,88,88,88,88,88,88,88,88,88,88,88,88,88,88,88,88,88,88,88,88,88,88,88,88,88,98,98,98,98,98,98,98,98,98,98,98,98,98,98,98,98,98,98],"card_choices":[{"not_picked":["Conserve Battery","Stack"],"picked":"Sweeping Beam","floor":1},{"not_picked":["Go for the Eyes","Beam Cell"],"picked":"Self Repair","floor":2},{"not_picked":["Redo","Reprogram"],"picked":"Ball Lightning","floor":3},{"not_picked":["Go for the Eyes","Sweeping Beam","Stack"],"picked":"SKIP","floor":4},{"not_picked":["Sweeping Beam","Stack"],"picked":"Go for the Eyes","floor":4},{"not_picked":["Capacitor","Stack"],"picked":"Lockon","floor":5},{"not_picked":["Chaos","Sweeping Beam"],"picked":"Undo","floor":6},{"not_picked":["Compile Driver","Undo"],"picked":"Turbo","floor":8},{"not_picked":["Skim","Rebound"],"picked":"Conserve Battery","floor":12},{"not_picked":["Sweeping Beam+1","Hologram"],"picked":"White Noise","floor":13},{"not_picked":["Hologram","Lockon+1"],"picked":"Amplify","floor":14},{"not_picked":["Fission","Core Surge+1"],"picked":"Biased Cognition","floor":16},{"not_picked":["Tempest","Ball Lightning+1"],"picked":"Darkness+1","floor":18},{"not_picked":["Rebound+1","Turbo","Stack"],"picked":"SKIP","floor":19},{"not_picked":["Streamline+1","Reinforced Body"],"picked":"Blizzard+1","floor":21},{"not_picked":["Darkness","Compile Driver+1"],"picked":"Core Surge+1","floor":23},{"not_picked":["Steam","Machine Learning","Ball Lightning+1"],"picked":"SKIP","floor":24},{"not_picked":["Rebound+1","Reboot"],"picked":"Capacitor","floor":27},{"not_picked":["Gash+1","Lockon+1","Stack"],"picked":"SKIP","floor":29},{"not_picked":["Hologram","Genetic Algorithm"],"picked":"Cold Snap+1","floor":30},{"not_picked":["Cold Snap+1","Turbo"],"picked":"Glacier","floor":31},{"not_picked":["Gash+1","Self Repair","Stack+1"],"picked":"SKIP","floor":35},{"not_picked":["White Noise","Gash+1"],"picked":"Hologram","floor":36},{"not_picked":["Stack","Force Field","Darkness"],"picked":"SKIP","floor":37},{"not_picked":["Stack","Machine Learning","Cold Snap+1"],"picked":"SKIP","floor":40},{"not_picked":["Lockon+1","Chaos","White Noise"],"picked":"SKIP","floor":44},{"not_picked":["Go for the Eyes+1","Beam Cell+1"],"picked":"Coolheaded","floor":47},{"not_picked":["Aggregate","Turbo"],"picked":"Coolheaded","floor":48},{"not_picked":["Coolheaded","Hologram+1","Conserve Battery"],"picked":"SKIP","floor":55}],"player_experience":5707844,"relics_obtained":[{"floor":6,"key":"Strawberry"},{"floor":6,"key":"Calipers"},{"floor":8,"key":"Blood Vial"},{"floor":8,"key":"Pear"},{"floor":9,"key":"Bronze Scales"},{"floor":12,"key":"Incense Burner"},{"floor":12,"key":"Molten Egg 2"},{"floor":23,"key":"Omamori"},{"floor":23,"key":"MawBank"},{"floor":24,"key":"Anchor"},{"floor":24,"key":"Smiling Mask"},{"floor":26,"key":"Juzu Bracelet"},{"floor":27,"key":"Bag of Preparation"},{"floor":27,"key":"Mummified Hand"},{"floor":30,"key":"Mercury Hourglass"},{"floor":30,"key":"Lantern"},{"floor":40,"key":"Cables"},{"floor":40,"key":"Centennial Puzzle"},{"floor":44,"key":"Bag of Marbles"},{"floor":44,"key":"Orichalcum"},{"floor":48,"key":"Vajra"},{"floor":48,"key":"The Courier"},{"floor":55,"key":"Pen Nib"},{"floor":55,"key":"Bottled Flame"}],"event_choices":[{"damage_healed":0,"gold_gain":0,"player_choice":"Rummage","damage_taken":0,"relics_obtained":["WarpedTongs"],"max_hp_gain":0,"max_hp_loss":0,"event_name":"Accursed Blacksmith","floor":10,"gold_loss":0,"cards_obtained":["Pain"]},{"damage_healed":0,"gold_gain":0,"player_choice":"Gave Potion","damage_taken":0,"relics_obtained":["Potion Belt"],"max_hp_gain":0,"max_hp_loss":0,"event_name":"WeMeetAgain","floor":28,"gold_loss":0},{"cards_removed":["Hyperbeam"],"damage_healed":1,"gold_gain":0,"player_choice":"Offered Rare","damage_taken":0,"max_hp_gain":10,"max_hp_loss":0,"event_name":"Bonfire Elementals","floor":39,"gold_loss":0},{"cards_removed":["White Noise"],"damage_healed":0,"gold_gain":0,"player_choice":"Removed Skill","damage_taken":0,"max_hp_gain":0,"max_hp_loss":0,"event_name":"Falling","floor":45,"gold_loss":0},{"damage_healed":0,"gold_gain":0,"player_choice":"Fight","damage_taken":0,"max_hp_gain":0,"max_hp_loss":0,"event_name":"Mysterious Sphere","floor":47,"gold_loss":0}],"is_beta":false,"boss_relics":[{"not_picked":["Cursed Key","Coffee Dripper"],"picked":"Pandora\u0027s Box"},{"not_picked":["Lizard Tail","Tiny House"],"picked":"Black Star"}],"items_purged_floors":[20,38,41,54],"is_endless":false,"potions_floor_spawned":[2,4,6,8,16,22,23,24,33,36,37,47,48],"ascension_level":20}