{"gold_per_floor":[20,20,20,31,31,71,71,71,143,166,166,187,29,49,49,138,138,161,61,82,7,0,0,16,16],"floor_reached":25,"playtime":722,"items_purged":["Strike_R","Bloodletting"],"score":402,"play_id":"e7087393-91f7-4a18-bcf0-896651ba3ef0","local_time":"20190514011031","is_ascension_mode":true,"campfire_choices":[{"data":"Inflame","floor":8,"key":"SMITH"},{"floor":11,"key":"RECALL"},{"data":"Feel No Pain","floor":15,"key":"SMITH"},{"data":"Battle Trance","floor":23,"key":"SMITH"}],"neow_cost":"NO_GOLD","seed_source_timestamp":716590522495400,"circlet_count":0,"master_deck":["AscendersBane","Defend_R","Defend_R","Defend_R","Bash","Wild Strike","Anger","Inflame+1","Feel No Pain+1","Power Through","Inflame","Sever Soul","Limit Break","Battle Trance+1"],"relics":["Burning Blood","Golden Idol","Meat on the Bone","Coffee Dripper"],"potions_floor_usage":[6,16,16,20],"damage_taken":[{"damage":3,"enemies":"2 Louse","floor":1,"turns":4},{"damage":3,"enemies":"Cultist","floor":4,"turns":3},{"damage":32,"enemies":"Gremlin Nob","floor":6,"turns":4},{"damage":5,"enemies":"Small Slimes","floor":10,"turns":3},{"damage":3,"enemies":"Blue Slaver","floor":12,"turns":3},{"damage":2,"enemies":"Exordium Wildlife","floor":14,"turns":3},{"damage":20,"enemies":"The Guardian","floor":16,"turns":10},{"damage":28,"enemies":"Spheric Guardian","floor":18,"turns":6},{"damage":5,"enemies":"Shell Parasite","floor":20,"turns":4},{"damage":21,"enemies":"Sentry and Sphere","floor":24,"turns":7},{"damage":47,"enemies":"Slavers","floor":25,"turns":3}],"seed_played":"4358549078538726337","potions_obtained":[{"floor":4,"key":"Strength Potion"},{"floor":10,"key":"SkillPotion"},{"floor":12,"key":"SkillPotion"},{"floor":14,"key":"Strength Potion"},{"floor":18,"key":"Weak Potion"}],"is_trial":false,"path_per_floor":["M","?","?","M","?","E","?","R","T","M","R","M","$","M","R","B",null,"M","$","M","?","?","R","M","E"],"character_chosen":"IRONCLAD","items_purchased":["Sever Soul"],"campfire_rested":0,"item_purchase_floors":[13],"current_hp_per_floor":[71,71,71,74,48,22,22,22,22,35,35,50,50,54,54,52,69,47,47,48,48,48,48,45,0],"gold":16,"neow_bonus":"REMOVE_TWO","is_prod":false,"is_daily":false,"chose_seed":false,"campfire_upgraded":3,"win_rate":0,"timestamp":1557763831,"path_taken":["M","?","?","?","?","E","?","R","T","M","R","M","$","M","R","BOSS","M","$","M","?","?","R","M","E"],"build_version":"2019-01-23","purchased_purges":2,"victory":false,"max_hp_per_floor":[75,75,75,75,75,75,75,75,75,75,75,75,75,75,75,75,75,75,75,75,75,75,75,75,75],"card_choices":[{"not_picked":["Flex","Searing Blow"],"picked":"Wild Strike","floor":1},{"not_picked":["Pommel Strike","Clothesline"],"picked":"Inflame","floor":4},{"not_picked":["Thunderclap","Warcry"],"picked":"Feel No Pain","floor":6},{"not_picked":["Disarm","Shrug It Off"],"picked":"Power Through","floor":10},{"not_picked":["Power Through","Sentinel"],"picked":"Inflame","floor":12},{"not_picked":["Havoc","Anger","Combust"],"picked":"SKIP","floor":14},{"not_picked":["Double Tap","Bludgeon"],"picked":"Limit Break","floor":16},{"not_picked":["Sentinel","Clash","Rage"],"picked":"SKIP","floor":18},{"not_picked":["Flex+1","Pommel Strike"],"picked":"Battle Trance","floor":20},{"not_picked":["Clash","Body Slam","Cleave"],"picked":"SKIP","floor":24}],"player_experience":5013479,"relics_obtained":[{"floor":6,"key":"Meat on the Bone"}],"event_choices":[{"damage_healed":0,"gold_gain":0,"cards_transformed":["Strike_R"],"player_choice":"Change","damage_taken":0,"max_hp_gain":0,"max_hp_loss":0,"event_name":"Living Wall","floor":2,"gold_loss":0,"cards_obtained":["Anger"]},{"damage_healed":0,"gold_gain":0,"cards_transformed":["Strike_R"],"player_choice":"Transformed","damage_taken":0,"max_hp_gain":0,"max_hp_loss":0,"event_name":"Transmorgrifier","floor":3,"gold_loss":0,"cards_obtained":["Bloodletting"]},{"damage_healed":0,"gold_gain":0,"player_choice":"Take Damage","damage_taken":26,"relics_obtained":["Golden Idol"],"max_hp_gain":0,"max_hp_loss":0,"event_name":"Golden Idol","floor":5,"gold_loss":0},{"damage_healed":0,"gold_gain":0,"player_choice":"Searched \u00270\u0027 times","damage_taken":0,"max_hp_gain":0,"max_hp_loss":0,"event_name":"Dead Adventurer","floor":7,"gold_loss":0},{"cards_removed":["Defend_R"],"damage_healed":0,"gold_gain":0,"player_choice":"Gave Gold","damage_taken":0,"max_hp_gain":0,"max_hp_loss":0,"event_name":"Beggar","floor":21,"gold_loss":75},{"damage_healed":0,"gold_gain":0,"player_choice":"Paid Fearfully","damage_taken":0,"max_hp_gain":0,"max_hp_loss":0,"event_name":"Masked Bandits","floor":22,"gold_loss":7}],"is_beta":false,"boss_relics":[{"not_picked":["Fusion Hammer","Empty Cage"],"picked":"Coffee Dripper"}],"items_purged_floors":[13,19],"is_endless":false,"potions_floor_spawned":[4,10,12,14,18],"killed_by":"Slavers","ascension_level":20}