{"gold_per_floor":[212,283,283,299,24,24,40,40,40,40,51,51,51,65,65,168,168,187,33,44,69,79,79,109,109,135,158,215,88,88,106,106,201,201,214,17,37,37,54,54,276,307,358,358,369,398,398,398,398,398],"floor_reached":51,"playtime":1384,"items_purged":["Strike_R"],"score":983,"play_id":"41d48d81-e7db-4f0f-a07e-b826027c5e3c","local_time":"20190706195654","is_ascension_mode":true,"campfire_choices":[{"data":"Bash","floor":6,"key":"SMITH"},{"data":"Inflame","floor":8,"key":"SMITH"},{"data":"Shrug It Off","floor":10,"key":"SMITH"},{"data":"Whirlwind","floor":12,"key":"SMITH"},{"data":"Spot Weakness","floor":15,"key":"SMITH"},{"data":"Limit Break","floor":23,"key":"SMITH"},{"data":"Limit Break","floor":25,"key":"SMITH"},{"floor":30,"key":"REST"},{"floor":32,"key":"REST"},{"data":"Heavy Blade","floor":40,"key":"SMITH"},{"data":"Sword Boomerang","floor":44,"key":"SMITH"},{"floor":47,"key":"REST"},{"floor":49,"key":"REST"}],"neow_cost":"NONE","seed_source_timestamp":1320400601755663,"circlet_count":0,"master_deck":["Strike_R","Strike_R","Strike_R","Defend_R","Defend_R","Defend_R","Defend_R","Bash+1","Inflame+1","Dropkick","Shrug It Off+1","Whirlwind+1","Spot Weakness+1","Limit Break+1","Seeing Red+1","Limit Break+1","Heavy Blade+1","Sword Boomerang+1","Shrug It Off","Power Through+1","Feed","True Grit+1","Flame Barrier+1","Battle Trance+1","Inflame+1","Heavy Blade+1","True Grit+1","Finesse"],"relics":["Burning Blood","Mummified Hand","Question Card","Omamori","Sozu","Orichalcum","Red Mask","Ornamental Fan","Oddly Smooth Stone","Bag of Preparation","Tiny Chest","Mark of Pain","Lee\u0027s Waffle","Molten Egg 2","Smiling Mask","Regal Pillow"],"potions_floor_usage":[16,16],"damage_taken":[{"damage":6,"enemies":"Cultist","floor":1,"turns":4},{"damage":7,"enemies":"Small Slimes","floor":4,"turns":3},{"damage":4,"enemies":"Jaw Worm","floor":7,"turns":3},{"damage":13,"enemies":"Large Slime","floor":11,"turns":4},{"damage":0,"enemies":"3 Louse","floor":14,"turns":2},{"damage":68,"enemies":"Hexaghost","floor":16,"turns":11},{"damage":11,"enemies":"2 Thieves","floor":18,"turns":2},{"damage":0,"enemies":"Chosen","floor":20,"turns":3},{"damage":1,"enemies":"Masked Bandits","floor":21,"turns":2},{"damage":18,"enemies":"Centurion and Healer","floor":22,"turns":4},{"damage":29,"enemies":"Slavers","floor":24,"turns":4},{"damage":18,"enemies":"Gremlin Leader","floor":28,"turns":5},{"damage":8,"enemies":"3 Cultists","floor":31,"turns":3},{"damage":32,"enemies":"Automaton","floor":33,"turns":8},{"damage":21,"enemies":"Orb Walker","floor":35,"turns":5},{"damage":14,"enemies":"3 Shapes","floor":37,"turns":4},{"damage":10,"enemies":"3 Darklings","floor":39,"turns":3},{"damage":20,"enemies":"Nemesis","floor":42,"turns":5},{"damage":47,"enemies":"4 Shapes","floor":45,"turns":9},{"damage":1,"enemies":"Giant Head","floor":46,"turns":5},{"damage":54,"enemies":"Time Eater","floor":50,"turns":6}],"seed_played":"-1621117291677577117","potions_obtained":[{"floor":1,"key":"Regen Potion"},{"floor":7,"key":"Block Potion"}],"is_trial":false,"path_per_floor":["M","T","?","M","$","R","M","R","T","R","M","R","$","M","R","B",null,"M","$","M","?","M","R","E","R","T","T","E","$","R","M","R","B",null,"M","$","M","$","M","R","?","E","T","R","M","E","R","?","R","B",null],"character_chosen":"IRONCLAD","items_purchased":["Question Card","Dropkick","Orichalcum","Shrug It Off","Lee\u0027s Waffle"],"campfire_rested":4,"item_purchase_floors":[5,5,19,29,36],"current_hp_per_floor":[80,80,80,79,79,79,80,80,80,80,73,73,73,79,79,22,66,61,61,67,72,60,60,37,37,37,37,25,25,49,47,71,45,71,59,90,85,85,84,84,84,70,70,70,29,34,77,77,96,48],"gold":398,"neow_bonus":"HUNDRED_GOLD","is_prod":false,"is_daily":false,"chose_seed":false,"campfire_upgraded":9,"win_rate":0,"timestamp":1562439414,"path_taken":["M","?","?","?","?","R","?","R","T","R","M","R","$","M","R","BOSS","M","$","M","?","M","R","E","R","T","?","E","$","R","M","R","BOSS","M","$","M","$","M","R","?","E","T","R","M","E","R","?","R","BOSS"],"build_version":"2019-07-05","purchased_purges":1,"victory":true,"max_hp_per_floor":[80,80,80,80,80,80,80,80,80,80,80,80,80,80,80,80,80,80,80,80,80,80,80,80,80,80,80,80,80,80,80,80,80,80,83,90,93,93,96,96,96,96,96,96,96,96,96,96,96,96],"card_choices":[{"not_picked":["Sever Soul","Rupture"],"picked":"Inflame","floor":1},{"not_picked":["Body Slam","Headbutt","Feel No Pain"],"picked":"SKIP","floor":4},{"not_picked":["Thunderclap","Flex","Armaments"],"picked":"Shrug It Off","floor":7},{"not_picked":["Warcry","Seeing Red","Heavy Blade"],"picked":"Whirlwind","floor":11},{"not_picked":["Flex","Heavy Blade","Perfected Strike"],"picked":"Spot Weakness","floor":14},{"not_picked":["Berserk","Immolate","Impervious"],"picked":"Limit Break","floor":16},{"not_picked":["Clash+1","Iron Wave","Sentinel+1","Anger"],"picked":"SKIP","floor":18},{"not_picked":["Battle Trance+1","Headbutt","Armaments"],"picked":"Seeing Red+1","floor":20},{"not_picked":["Infernal Blade","Anger+1","Dual Wield"],"picked":"Limit Break","floor":21},{"not_picked":["Armaments","Inflame","Entrench"],"picked":"Heavy Blade","floor":22},{"not_picked":["Headbutt","Hemokinesis","Disarm"],"picked":"Sword Boomerang","floor":24},{"not_picked":["Searing Blow","Warcry+1","Sever Soul","Cleave"],"picked":"SKIP","floor":28},{"not_picked":["Iron Wave","Cleave","Uppercut+1"],"picked":"Power Through+1","floor":31},{"not_picked":["Offering","Berserk","Barricade"],"picked":"Feed","floor":33},{"not_picked":["Warcry","Sword Boomerang+1","Burning Pact+1"],"picked":"True Grit+1","floor":35},{"not_picked":["Cleave","Sword Boomerang+1","Sever Soul"],"picked":"Flame Barrier+1","floor":37},{"not_picked":["Clothesline+1","Cleave","Power Through+1"],"picked":"Battle Trance+1","floor":39},{"not_picked":["Thunderclap+1","Anger","Armaments+1"],"picked":"Inflame+1","floor":42},{"not_picked":["Hemokinesis+1","Entrench+1","Seeing Red+1"],"picked":"Heavy Blade+1","floor":45},{"not_picked":["Demon Form","Entrench+1","Havoc"],"picked":"True Grit+1","floor":46},{"not_picked":["Good Instincts","Secret Weapon","Magnetism"],"picked":"Finesse","floor":48}],"player_experience":199470,"relics_obtained":[{"floor":2,"key":"Mummified Hand"},{"floor":9,"key":"Omamori"},{"floor":21,"key":"Red Mask"},{"floor":24,"key":"Ornamental Fan"},{"floor":26,"key":"Oddly Smooth Stone"},{"floor":27,"key":"Bag of Preparation"},{"floor":28,"key":"Tiny Chest"},{"floor":42,"key":"Molten Egg 2"},{"floor":43,"key":"Smiling Mask"},{"floor":46,"key":"Regal Pillow"}],"event_choices":[{"cards_removed":["Strike_R"],"damage_healed":0,"gold_gain":0,"player_choice":"Purged","damage_taken":0,"max_hp_gain":0,"max_hp_loss":0,"event_name":"Purifier","floor":3,"gold_loss":0},{"damage_healed":0,"gold_gain":0,"player_choice":"Fought Bandits","damage_taken":0,"max_hp_gain":0,"max_hp_loss":0,"event_name":"Masked Bandits","floor":21,"gold_loss":0},{"damage_healed":0,"gold_gain":222,"player_choice":"Wore Mask","damage_taken":0,"max_hp_gain":0,"max_hp_loss":0,"event_name":"Tomb of Lord Red Mask","floor":41,"gold_loss":0},{"damage_healed":0,"gold_gain":0,"player_choice":"Memory 1","damage_taken":0,"max_hp_gain":0,"max_hp_loss":0,"event_name":"SensoryStone","floor":48,"gold_loss":0}],"is_beta":false,"boss_relics":[{"not_picked":["Runic Cube","Orrery"],"picked":"Sozu"},{"not_picked":["Pandora\u0027s Box","Empty Cage"],"picked":"Mark of Pain"}],"items_purged_floors":[29],"is_endless":false,"potions_floor_spawned":[1,7,20,21,22,39,46],"ascension_level":5}