{"gold_per_floor":[109,125,125,137,137,137,154,169,169,196,196,207,241,304,304,409,409,420,420,420,430,355,383,383,417,442,455,484,484,518,118,118,222,222,239,339,351,351,362,395,395,430,430,464,12,12,31,46,46,46],"floor_reached":50,"playtime":3593,"items_purged":["Strike_R"],"score":726,"play_id":"4c0b4e69-f1d4-43a6-8b1d-70f29760e268","local_time":"20190723201714","is_ascension_mode":true,"campfire_choices":[{"floor":6,"key":"RECALL"},{"data":"Uppercut","floor":11,"key":"SMITH"},{"floor":15,"key":"REST"},{"data":"Rage","floor":24,"key":"SMITH"},{"floor":29,"key":"REST"},{"floor":32,"key":"REST"},{"floor":41,"key":"REST"},{"floor":49,"key":"REST"}],"neow_cost":"NONE","seed_source_timestamp":1128347618431300,"circlet_count":0,"master_deck":["Strike_R","Strike_R","Strike_R+1","Defend_R","Defend_R","Defend_R","Bash+1","Headbutt","Iron Wave","Twin Strike","Pommel Strike","Cleave","Uppercut+1","Armaments","Thunderclap","Rage+1","Impervious","Feed","Cleave","Warcry","Twin Strike","Clash","Body Slam","Rupture","Infernal Blade","Combust","Dark Embrace","Iron Wave","Clothesline+1","Pommel Strike+1","Feel No Pain+1","Armaments+1","Dual Wield+1","Parasite","Pummel+1","Disarm+1"],"relics":["Busted Crown","Kunai","Bottled Flame","Turnip","Red Skull","Orrery","Paper Frog","Bag of Marbles","Blood Vial","Self Forming Clay","Gremlin Horn","Bottled Lightning","Lizard Tail","Du-Vu Doll","Oddly Smooth Stone","Boot","Torii","StoneCalendar","FossilizedHelix","Ancient Tea Set"],"potions_floor_usage":[10,13,14,16,23,27,33,44,44,44,50,50],"damage_taken":[{"damage":1,"enemies":"Jaw Worm","floor":1,"turns":3},{"damage":0,"enemies":"Small Slimes","floor":2,"turns":3},{"damage":0,"enemies":"2 Louse","floor":4,"turns":2},{"damage":0,"enemies":"Large Slime","floor":7,"turns":5},{"damage":14,"enemies":"2 Fungi Beasts","floor":8,"turns":3},{"damage":8,"enemies":"Gremlin Nob","floor":10,"turns":4},{"damage":5,"enemies":"Looter","floor":12,"turns":2},{"damage":3,"enemies":"Lagavulin","floor":13,"turns":7},{"damage":10,"enemies":"Gremlin Nob","floor":14,"turns":3},{"damage":20,"enemies":"The Guardian","floor":16,"turns":7},{"damage":1,"enemies":"Chosen","floor":18,"turns":4},{"damage":25,"enemies":"Shell Parasite","floor":21,"turns":5},{"damage":23,"enemies":"Book of Stabbing","floor":23,"turns":6},{"damage":0,"enemies":"Gremlin Leader","floor":25,"turns":4},{"damage":0,"enemies":"Snecko","floor":27,"turns":2},{"damage":20,"enemies":"Slavers","floor":28,"turns":2},{"damage":16,"enemies":"Book of Stabbing","floor":30,"turns":3},{"damage":60,"enemies":"Champ","floor":33,"turns":10},{"damage":27,"enemies":"3 Shapes","floor":35,"turns":5},{"damage":27,"enemies":"Mind Bloom Boss Battle","floor":36,"turns":6},{"damage":0,"enemies":"Orb Walker","floor":37,"turns":2},{"damage":7,"enemies":"4 Shapes","floor":39,"turns":2},{"damage":23,"enemies":"Reptomancer","floor":40,"turns":4},{"damage":32,"enemies":"Giant Head","floor":42,"turns":7},{"damage":0,"enemies":"Reptomancer","floor":44,"turns":2},{"damage":24,"enemies":"Writhing Mass","floor":47,"turns":7},{"damage":0,"enemies":"Spire Growth","floor":48,"turns":3},{"damage":67,"enemies":"Awakened One","floor":50,"turns":8}],"seed_played":"-6010655683245824135","potions_obtained":[{"floor":4,"key":"Dexterity Potion"},{"floor":10,"key":"EssenceOfSteel"},{"floor":13,"key":"PowerPotion"},{"floor":14,"key":"AttackPotion"},{"floor":16,"key":"FairyPotion"},{"floor":18,"key":"Block Potion"},{"floor":25,"key":"Poison Potion"},{"floor":27,"key":"SneckoOil"},{"floor":36,"key":"SkillPotion"},{"floor":40,"key":"Dexterity Potion"},{"floor":42,"key":"SteroidPotion"},{"floor":47,"key":"Weak Potion"},{"floor":48,"key":"Fire Potion"}],"is_trial":false,"path_per_floor":["M","M","?","M","T","R","M","M","T","E","R","M","E","?","R","B",null,"M","?","?","M","?","E","R","E","T","M","E","R","E","$","R","B",null,"M","?","M","?","M","E","R","E","T","E","$","?","M","M","R","B"],"character_chosen":"IRONCLAD","items_purchased":["Combust","Bottled Lightning","FossilizedHelix","Ancient Tea Set"],"campfire_rested":5,"item_purchase_floors":[31,31,45,45],"current_hp_per_floor":[79,79,63,63,63,63,63,49,49,41,41,36,33,23,47,27,80,79,79,79,58,58,35,35,35,35,37,19,44,30,30,55,8,84,57,32,34,34,32,11,37,7,7,9,9,9,31,33,57,0],"gold":46,"neow_bonus":"BOSS_RELIC","is_prod":false,"is_daily":false,"chose_seed":false,"campfire_upgraded":2,"win_rate":0,"timestamp":1563931034,"path_taken":["M","M","?","M","?","R","M","M","T","E","R","M","E","?","R","BOSS","M","?","?","M","?","E","R","E","T","M","E","R","E","?","R","BOSS","M","?","M","?","M","E","R","E","T","E","?","?","M","?","R","BOSS"],"build_version":"2019-07-17","purchased_purges":1,"victory":false,"max_hp_per_floor":[80,80,80,80,80,80,80,80,80,80,80,80,80,80,80,80,80,80,80,80,84,84,84,84,84,84,84,84,84,84,84,84,84,84,84,84,84,84,87,87,87,87,87,87,87,83,83,83,83,83],"card_choices":[{"not_picked":[],"picked":"Headbutt","floor":1},{"not_picked":[],"picked":"Iron Wave","floor":2},{"not_picked":[],"picked":"Twin Strike","floor":4},{"not_picked":[],"picked":"Pommel Strike","floor":7},{"not_picked":[],"picked":"Cleave","floor":8},{"not_picked":[],"picked":"Uppercut","floor":10},{"not_picked":[],"picked":"Armaments","floor":12},{"not_picked":[],"picked":"Thunderclap","floor":13},{"not_picked":[],"picked":"Rage","floor":14},{"not_picked":[],"picked":"Impervious","floor":16},{"not_picked":[],"picked":"Feed","floor":17},{"not_picked":[],"picked":"Cleave","floor":17},{"not_picked":["Pommel Strike"],"picked":"SKIP","floor":18},{"not_picked":[],"picked":"Warcry","floor":21},{"not_picked":[],"picked":"Twin Strike","floor":23},{"not_picked":[],"picked":"Clash","floor":25},{"not_picked":[],"picked":"Body Slam","floor":27},{"not_picked":[],"picked":"Rupture","floor":28},{"not_picked":[],"picked":"Infernal Blade","floor":30},{"not_picked":[],"picked":"Dark Embrace","floor":33},{"not_picked":[],"picked":"Iron Wave","floor":35},{"not_picked":[],"picked":"Clothesline+1","floor":36},{"not_picked":["Warcry"],"picked":"SKIP","floor":37},{"not_picked":[],"picked":"Pommel Strike+1","floor":39},{"not_picked":[],"picked":"Feel No Pain+1","floor":40},{"not_picked":[],"picked":"Armaments+1","floor":42},{"not_picked":[],"picked":"Dual Wield+1","floor":44},{"not_picked":[],"picked":"Pummel+1","floor":47},{"not_picked":[],"picked":"Disarm+1","floor":48}],"player_experience":145732,"relics_obtained":[{"floor":9,"key":"Kunai"},{"floor":10,"key":"Bottled Flame"},{"floor":13,"key":"Turnip"},{"floor":14,"key":"Red Skull"},{"floor":23,"key":"Paper Frog"},{"floor":25,"key":"Bag of Marbles"},{"floor":26,"key":"Blood Vial"},{"floor":28,"key":"Self Forming Clay"},{"floor":30,"key":"Gremlin Horn"},{"floor":36,"key":"Du-Vu Doll"},{"floor":40,"key":"Oddly Smooth Stone"},{"floor":42,"key":"Boot"},{"floor":43,"key":"Torii"},{"floor":44,"key":"StoneCalendar"}],"event_choices":[{"damage_healed":0,"gold_gain":0,"player_choice":"Entered Light","damage_taken":16,"max_hp_gain":0,"max_hp_loss":0,"event_name":"Shining Light","floor":3,"gold_loss":0,"cards_upgraded":["Bash","Strike_R"]},{"damage_healed":0,"gold_gain":30,"player_choice":"Searched \u00272\u0027 times","damage_taken":0,"max_hp_gain":0,"max_hp_loss":0,"event_name":"Dead Adventurer","floor":14,"gold_loss":0},{"cards_removed":["Strike_R"],"damage_healed":0,"gold_gain":0,"player_choice":"Elegance","damage_taken":0,"max_hp_gain":0,"max_hp_loss":0,"event_name":"Back to Basics","floor":19,"gold_loss":0},{"damage_healed":0,"gold_gain":0,"player_choice":"Ignored","damage_taken":0,"max_hp_gain":0,"max_hp_loss":0,"event_name":"Ghosts","floor":20,"gold_loss":0},{"cards_removed":["Defend_R"],"damage_healed":0,"gold_gain":0,"player_choice":"Gave Gold","damage_taken":0,"max_hp_gain":0,"max_hp_loss":0,"event_name":"Beggar","floor":22,"gold_loss":75},{"damage_healed":0,"gold_gain":0,"player_choice":"Fight","damage_taken":0,"max_hp_gain":0,"max_hp_loss":0,"event_name":"MindBloom","floor":36,"gold_loss":0},{"damage_healed":0,"gold_gain":0,"player_choice":"Ignored","damage_taken":0,"max_hp_gain":0,"max_hp_loss":0,"event_name":"Tomb of Lord Red Mask","floor":38,"gold_loss":0},{"damage_healed":0,"gold_gain":0,"player_choice":"Max HP","damage_taken":0,"max_hp_gain":0,"max_hp_loss":4,"event_name":"Winding Halls","floor":46,"gold_loss":0}],"is_beta":false,"boss_relics":[{"not_picked":["Eternal Feather","White Beast Statue"],"picked":"Orrery"},{"not_picked":["Black Star","Fusion Hammer"],"picked":"Lizard Tail"}],"items_purged_floors":[31],"is_endless":false,"potions_floor_spawned":[4,10,13,14,16,18,25,27,36,40,42,47,48],"killed_by":"Awakened One","ascension_level":1}