{"gold_per_floor":[115,126,143,155,155,155,181,106,106,106],"floor_reached":10,"playtime":200,"items_purged":[],"score":136,"play_id":"33c55e2f-4fc9-4ecf-aa83-d4eea0a9c6ec","local_time":"20190404004431","is_ascension_mode":true,"campfire_choices":[{"data":"Choke","floor":6,"key":"SMITH"}],"neow_cost":"NONE","seed_source_timestamp":109388115023800,"circlet_count":0,"master_deck":["AscendersBane","Defend_G","Defend_G","Defend_G","Defend_G","Strike_G","Strike_G","Strike_G","Strike_G","Survivor","Neutralize","Blur","Skewer","Deadly Poison","Choke+1","Endless Agony"],"relics":["Ring of the Snake","NeowsBlessing","Omamori","Blood Vial"],"potions_floor_usage":[7,7],"damage_taken":[{"damage":0,"enemies":"Cultist","floor":1,"turns":1},{"damage":0,"enemies":"Small Slimes","floor":2,"turns":1},{"damage":0,"enemies":"2 Louse","floor":3,"turns":1},{"damage":20,"enemies":"Large Slime","floor":4,"turns":8},{"damage":15,"enemies":"Lagavulin","floor":7,"turns":4},{"damage":32,"enemies":"Gremlin Nob","floor":10,"turns":3}],"seed_played":"8041529782889758351","potions_obtained":[{"floor":2,"key":"SteroidPotion"},{"floor":3,"key":"Poison Potion"},{"floor":4,"key":"AttackPotion"}],"is_trial":false,"path_per_floor":["M","M","M","M","?","R","E","?","T","E"],"character_chosen":"THE_SILENT","items_purchased":[],"campfire_rested":0,"item_purchase_floors":[],"current_hp_per_floor":[59,59,59,39,32,32,17,17,17,0],"gold":106,"neow_bonus":"THREE_ENEMY_KILL","is_prod":false,"is_daily":false,"chose_seed":false,"campfire_upgraded":1,"win_rate":0,"timestamp":1554306271,"path_taken":["M","?","?","M","?","R","E","?","T","E"],"build_version":"2019-01-23","purchased_purges":0,"victory":false,"max_hp_per_floor":[66,66,66,66,66,66,66,66,66,66],"card_choices":[{"not_picked":["Outmaneuver","Prepared"],"picked":"Blur","floor":1},{"not_picked":["Infinite Blades","PiercingWail"],"picked":"Skewer","floor":2},{"not_picked":["Bane","Dodge and Roll"],"picked":"Deadly Poison","floor":3},{"not_picked":["Blade Dance","Escape Plan"],"picked":"Choke","floor":4},{"not_picked":["Concentrate","Leg Sweep"],"picked":"Endless Agony","floor":7}],"player_experience":4698949,"relics_obtained":[{"floor":7,"key":"Omamori"},{"floor":9,"key":"Blood Vial"}],"event_choices":[{"cards_removed":["Strike_G"],"damage_healed":0,"gold_gain":0,"player_choice":"Card Removal","damage_taken":7,"max_hp_gain":0,"max_hp_loss":0,"event_name":"Golden Wing","floor":5,"gold_loss":0},{"cards_removed":["Defend_G"],"damage_healed":0,"gold_gain":0,"player_choice":"Card Removal","damage_taken":0,"max_hp_gain":0,"max_hp_loss":0,"event_name":"The Cleric","floor":8,"gold_loss":75}],"is_beta":false,"boss_relics":[],"items_purged_floors":[],"is_endless":false,"potions_floor_spawned":[2,3,4],"killed_by":"Gremlin Nob","ascension_level":20}