{"gold_per_floor":[133,168,208,208,267,312,312,14,40,73,127,127,172,249,249,351,351,367,402,41,191,231,282,282,337,391,418,458,518,554,606,606,708,708,774,774,774,1773,1334,1334,1380,1434,1458,1514,1530,1324,1383,1402,1402,1427,1427,1427,1427,1427,1484,1509],"floor_reached":57,"playtime":3112,"items_purged":["Strike_R","Strike_R","Normality","Normality"],"score":3305,"play_id":"35fbac93-f18b-4c71-8805-a0102ab2e5ae","local_time":"20190519031817","is_ascension_mode":true,"campfire_choices":[{"data":"Inflame","floor":7.0,"key":"SMITH"},{"data":"HandOfGreed","floor":12.0,"key":"SMITH"},{"data":"Limit Break","floor":15.0,"key":"SMITH"},{"data":"Apotheosis","floor":24.0,"key":"SMITH"},{"floor":32,"key":"RECALL"},{"data":"Barricade","floor":40,"key":"SMITH"},{"data":"Dual Wield","floor":49,"key":"SMITH"},{"data":"Evolve","floor":53,"key":"SMITH"}],"neow_cost":"","seed_source_timestamp":21457239251200,"circlet_count":0,"master_deck":["HandOfGreed+1","Defend_R","Defend_R+1","Defend_R","Defend_R+1","Bash+1","Strike_R","Strike_R","Shrug It Off","Pummel","Anger+1","Reckless Charge","Inflame+1","Flame Barrier","Feed","Limit Break+1","Armaments","Impervious","Warcry+1","Flex","Apotheosis+1","Headbutt","Shockwave","Reaper","Inflame","Metallicize","Pummel","Flame Barrier","Barricade+1","Evolve+1","Sword Boomerang","Burning Pact","Flame Barrier","Dual Wield+1"],"special_seed":0,"relics":["Burning Blood","Membership Card","The Courier","Whetstone","Bronze Scales","War Paint","Anchor","Art of War","Red Skull","Sozu","Pocketwatch","Sundial","Thread and Needle","Pear","Orichalcum","Dream Catcher","Bottled Lightning","Bag of Preparation","Coffee Dripper","Lantern","Pantograph","Vajra","Bag of Marbles","Pen Nib","Mango","Juzu Bracelet","Oddly Smooth Stone","Dodecahedron","Incense Burner","PreservedInsect","Paper Frog"],"potions_floor_usage":[],"damage_taken":[{"damage":8.0,"enemies":"2 Louse","floor":1.0,"turns":3.0},{"damage":1.0,"enemies":"Cultist","floor":2.0,"turns":3.0},{"damage":4.0,"enemies":"Jaw Worm","floor":3.0,"turns":3.0},{"damage":7.0,"enemies":"Large Slime","floor":5.0,"turns":5.0},{"damage":35.0,"enemies":"Lagavulin","floor":6.0,"turns":6.0},{"damage":8.0,"enemies":"Gremlin Nob","floor":10.0,"turns":3.0},{"damage":6.0,"enemies":"3 Louse","floor":11.0,"turns":4.0},{"damage":5.0,"enemies":"Blue Slaver","floor":13.0,"turns":3.0},{"damage":14.0,"enemies":"3 Sentries","floor":14.0,"turns":9.0},{"damage":17.0,"enemies":"Hexaghost","floor":16.0,"turns":6.0},{"damage":0.0,"enemies":"Chosen","floor":18.0,"turns":4.0},{"damage":6.0,"enemies":"2 Thieves","floor":19.0,"turns":3.0},{"damage":6.0,"enemies":"Colosseum Slavers","floor":21.0,"turns":4.0},{"damage":7.0,"enemies":"Colosseum Nobs","floor":21.0,"turns":5.0},{"damage":0.0,"enemies":"Sentry and Sphere","floor":22.0,"turns":5.0},{"damage":0.0,"enemies":"Book of Stabbing","floor":23.0,"turns":6.0},{"damage":15.0,"enemies":"Gremlin Leader","floor":25.0,"turns":6.0},{"damage":3,"enemies":"Book of Stabbing","floor":27,"turns":4},{"damage":0,"enemies":"Snecko","floor":28,"turns":5},{"damage":0,"enemies":"Centurion and Healer","floor":29,"turns":6},{"damage":4,"enemies":"Snake Plant","floor":30,"turns":5},{"damage":5,"enemies":"Gremlin Leader","floor":31,"turns":5},{"damage":9,"enemies":"Collector","floor":33,"turns":9},{"damage":5,"enemies":"3 Shapes","floor":35,"turns":7},{"damage":7,"enemies":"2 Orb Walkers","floor":41,"turns":3},{"damage":0,"enemies":"Nemesis","floor":42,"turns":11},{"damage":0,"enemies":"Giant Head","floor":44,"turns":7},{"damage":0,"enemies":"Orb Walker","floor":45,"turns":3},{"damage":28,"enemies":"Reptomancer","floor":47,"turns":8},{"damage":17,"enemies":"3 Darklings","floor":48,"turns":5},{"damage":6,"enemies":"Donu and Deca","floor":50,"turns":9},{"damage":0,"enemies":"Time Eater","floor":51,"turns":17},{"damage":0,"enemies":"Shield and Spear","floor":55,"turns":12},{"damage":19,"enemies":"The Heart","floor":56,"turns":9}],"seed_played":"6201775081026886490","potions_obtained":[{"floor":2.0,"key":"Regen Potion"},{"floor":3.0,"key":"Energy Potion"},{"floor":5.0,"key":"Poison Potion"},{"floor":11.0,"key":"Energy Potion"},{"floor":14.0,"key":"Regen Potion"},{"floor":16.0,"key":"Weak Potion"}],"is_trial":true,"path_per_floor":["M","M","M","?","M","E","R","$","T","E","M","R","M","E","R","B",null,"M","M","$","?","M","E","R","E","T","E","M","M","M","E","R","B",null,"M","?","?","?","$","R","?","E","T","E","M","$","E","M","R","B","B",null,"R","$","E","B",null],"character_chosen":"IRONCLAD","items_purchased":["Flame Barrier","Feed","Limit Break","Bronze Scales","War Paint","Pocketwatch","Apotheosis","Sundial","Lantern","Pantograph","Vajra","Bag of Marbles","Sword Boomerang","Pen Nib","Incense Burner"],"campfire_rested":0,"item_purchase_floors":[8,8,8,8,8,20,20,20,39,39,39,39,39,39,46],"current_hp_per_floor":[66,71,73,73,72,52,52,52,52,50,53,53,54,49,49,38,70,79,82,82,99,109,109,109,100,100,109,109,109,109,109,109,106,108,109,104,104,104,104,104,117,118,118,118,122,122,122,122,122,126,130,130,130,130,130,117],"gold":1509,"neow_bonus":"","is_prod":false,"is_daily":false,"chose_seed":false,"campfire_upgraded":7,"win_rate":0,"timestamp":1558203497,"path_taken":["M","M","M","?","M","E","R","$","T","E","M","R","M","E","R","BOSS","M","M","$","?","M","E","R","E","T","E","M","M","M","E","R","BOSS","M","?","?","?","?","R","?","E","T","E","M","?","E","M","R","BOSS","BOSS","R","$","E","BOSS"],"build_version":"2019-01-23","purchased_purges":4,"victory":true,"max_hp_per_floor":[75,75,75,75,75,75,75,75,75,75,78,78,78,81,81,81,81,84,87,87,105,109,109,109,109,109,109,109,109,109,109,109,109,109,109,104,104,104,104,104,118,118,118,118,122,122,122,122,122,126,130,130,130,130,130,130],"card_choices":[{"not_picked":["Wild Strike","Armaments"],"picked":"Shrug It Off","floor":1.0},{"not_picked":["Warcry","Pommel Strike"],"picked":"Pummel","floor":2.0},{"not_picked":["Headbutt","Rage"],"picked":"Anger","floor":3.0},{"not_picked":["Body Slam","Rupture"],"picked":"Reckless Charge","floor":5.0},{"not_picked":["Shrug It Off","Combust"],"picked":"Inflame","floor":6.0},{"not_picked":["Rupture","Feel No Pain","Infernal Blade"],"picked":"SKIP","floor":10.0},{"not_picked":["Wild Strike","Cleave","Berserk"],"picked":"SKIP","floor":11.0},{"not_picked":["Wild Strike","Anger","Havoc"],"picked":"SKIP","floor":13.0},{"not_picked":["Anger","Double Tap"],"picked":"Armaments","floor":14.0},{"not_picked":["Double Tap","Exhume"],"picked":"Impervious","floor":16.0},{"not_picked":["Burning Pact","Havoc"],"picked":"Warcry+1","floor":18.0},{"not_picked":["Iron Wave","Seeing Red+1"],"picked":"Flex","floor":19.0},{"not_picked":["Hemokinesis","Ghostly Armor"],"picked":"Headbutt","floor":21.0},{"not_picked":["Pummel","Iron Wave"],"picked":"Shockwave","floor":22.0},{"not_picked":["Clothesline","Hemokinesis"],"picked":"Reaper","floor":23.0},{"not_picked":["Reckless Charge","Twin Strike","Flex"],"picked":"SKIP","floor":25.0},{"not_picked":["Flame Barrier","Pommel Strike"],"picked":"Inflame","floor":27},{"not_picked":["Twin Strike","Rage"],"picked":"Metallicize","floor":28},{"not_picked":["Cleave+1","Clothesline","Armaments"],"picked":"SKIP","floor":29},{"not_picked":["Cleave","Carnage"],"picked":"Pummel","floor":30},{"not_picked":["Headbutt+1","Anger+1"],"picked":"Flame Barrier","floor":31},{"not_picked":["Double Tap","Demon Form"],"picked":"Barricade","floor":33},{"not_picked":["Thunderclap","Sword Boomerang+1"],"picked":"Evolve","floor":35},{"not_picked":["Pommel Strike","Armaments"],"picked":"Burning Pact","floor":41},{"not_picked":["Warcry","Pummel+1","Double Tap"],"picked":"SKIP","floor":42},{"not_picked":["Warcry","Anger","Twin Strike+1"],"picked":"SKIP","floor":44},{"not_picked":["Inflame","Clash"],"picked":"Flame Barrier","floor":45},{"not_picked":["Wild Strike+1","Thunderclap"],"picked":"Dual Wield","floor":47},{"not_picked":["Headbutt+1","Clothesline+1","Blood for Blood"],"picked":"SKIP","floor":48},{"not_picked":["Armaments+1","Pommel Strike","Corruption"],"picked":"SKIP","floor":55}],"player_experience":5075175,"relics_obtained":[{"floor":6.0,"key":"Whetstone"},{"floor":9.0,"key":"Anchor"},{"floor":10.0,"key":"Art of War"},{"floor":14.0,"key":"Red Skull"},{"floor":21.0,"key":"Thread and Needle"},{"floor":21.0,"key":"Pear"},{"floor":23.0,"key":"Orichalcum"},{"floor":25.0,"key":"Dream Catcher"},{"floor":27,"key":"Bottled Lightning"},{"floor":31,"key":"Bag of Preparation"},{"floor":41,"key":"Mango"},{"floor":42,"key":"Juzu Bracelet"},{"floor":43,"key":"Oddly Smooth Stone"},{"floor":44,"key":"Dodecahedron"},{"floor":47,"key":"PreservedInsect"},{"floor":55,"key":"Paper Frog"}],"event_choices":[{"cards_removed":["Strike_R"],"damage_healed":0.0,"max_hp_gain":0.0,"max_hp_loss":0.0,"gold_gain":0.0,"event_name":"Bonfire Elementals","player_choice":"Offered Basic","floor":4.0,"gold_loss":0.0,"damage_taken":0.0},{"damage_healed":0.0,"max_hp_gain":0.0,"max_hp_loss":0.0,"gold_gain":0.0,"event_name":"Colosseum","player_choice":"Fight","floor":21.0,"gold_loss":0.0,"damage_taken":0.0},{"damage_healed":0.0,"max_hp_gain":0.0,"max_hp_loss":0.0,"gold_gain":0.0,"event_name":"Colosseum","player_choice":"Fought Nobs","floor":21.0,"gold_loss":0.0,"damage_taken":0.0},{"damage_healed":0,"gold_gain":0,"player_choice":"Max HP","damage_taken":0,"max_hp_gain":0,"max_hp_loss":5,"event_name":"Winding Halls","floor":36,"gold_loss":0},{"damage_healed":0,"gold_gain":0,"player_choice":"Ignored","damage_taken":0,"max_hp_gain":0,"max_hp_loss":0,"event_name":"Tomb of Lord Red Mask","floor":37,"gold_loss":0},{"damage_healed":0,"gold_gain":999,"player_choice":"Gold","damage_taken":0,"max_hp_gain":0,"max_hp_loss":0,"event_name":"MindBloom","floor":38,"gold_loss":0,"cards_obtained":["Normality","Normality"]},{"damage_healed":0,"gold_gain":0,"player_choice":"Fight","damage_taken":0,"max_hp_gain":0,"max_hp_loss":0,"event_name":"Mysterious Sphere","floor":41,"gold_loss":0}],"is_beta":false,"boss_relics":[{"not_picked":["Black Blood","Black Star"],"picked":"Sozu"},{"not_picked":["Runic Pyramid","Calling Bell"],"picked":"Coffee Dripper"}],"items_purged_floors":[8,20,39,46],"is_endless":false,"potions_floor_spawned":[2,3,5,11,14,16,19,21,23,25,29,31,35,44,47,55],"ascension_level":20}