{"gold_per_floor":[429],"floor_reached":0,"playtime":335,"items_purged":[],"score":100,"play_id":"8f60b38d-62c3-4a02-bb9d-502e03921c50","local_time":"20190620024821","is_ascension_mode":true,"campfire_choices":[],"neow_cost":"","seed_source_timestamp":115588703038200,"circlet_count":0,"master_deck":["AscendersBane","Strike_R","Strike_R+1","Strike_R","Defend_R","Defend_R","Defend_R+1","Defend_R+1","Bash+1","Decay"],"relics":["Burning Blood","Emotion Chip","Black Star","Meat on the Bone","Ancient Tea Set","Mark of Pain","PreservedInsect","Toolbox","Symbiotic Virus","Medical Kit","Bag of Marbles","Gremlin Horn","Vajra","Old Coin","Singing Bowl","Molten Egg 2","Ninja Scroll","Anchor","DataDisk","Lizard Tail","Gambling Chip","TwistedFunnel","Dream Catcher","Strawberry","Dodecahedron","Runic Capacitor","Runic Cube","Lee\u0027s Waffle","Membership Card","Question Card","Mummified Hand","Smiling Mask","Pear","The Courier","Centennial Puzzle","Ring of the Snake","Art of War","Cracked Core","Omamori","Burning Blood","Red Skull","Shovel","Bird Faced Urn","Ginger","StoneCalendar","WristBlade","Kunai","Mercury Hourglass","Turnip","Snake Skull","MealTicket","Thread and Needle","Nunchaku","MawBank","Ice Cream","Black Blood","Frozen Eye","Frozen Egg 2","Juzu Bracelet","Eternal Feather","OrangePellets","Orichalcum","Sling","WingedGreaves","Toxic Egg 2","Self Forming Clay","Tiny Chest","Toy Ornithopter","Ornamental Fan","Boot","Du-Vu Doll","Prayer Wheel","Lantern","FossilizedHelix","Paper Frog","Paper Crane","TheAbacus","Bag of Preparation","Tough Bandages","Champion Belt","Bronze Scales","Charon\u0027s Ashes","Calipers","Chemical X","Girya","ClockworkSouvenir","Torii","Inserter","Tingsha","Cables","Pantograph","Pen Nib","Letter Opener","Peace Pipe","Potion Belt","The Specimen","Shuriken","Blue Candle","PrismaticShard","Blood Vial","White Beast Statue","Sundial","Nuclear Battery","HandDrill","Happy Flower","Incense Burner","Regal Pillow","Pocketwatch","Darkstone Periapt","Magic Flower","Matryoshka","Mango","Oddly Smooth Stone","Unceasing Top","Fusion Hammer","Whetstone","War Paint","Strange Spoon","Coffee Dripper","Cursed Key","Brimstone","Dead Branch","Philosopher\u0027s Stone","Busted Crown","Empty Cage","Bottled Lightning","Bottled Flame","Sozu","Calling Bell"],"potions_floor_usage":[],"damage_taken":[],"seed_played":"-2208591679477402849","potions_obtained":[],"is_trial":true,"path_per_floor":[],"character_chosen":"IRONCLAD","items_purchased":[],"campfire_rested":0,"item_purchase_floors":[],"current_hp_per_floor":[119],"gold":429,"neow_bonus":"","is_prod":false,"is_daily":false,"chose_seed":false,"campfire_upgraded":0,"win_rate":0,"timestamp":1560966501,"path_taken":[],"build_version":"2019-01-23","purchased_purges":0,"victory":false,"max_hp_per_floor":[119],"card_choices":[],"player_experience":5426794,"relics_obtained":[],"event_choices":[],"is_beta":false,"boss_relics":[],"items_purged_floors":[],"is_endless":false,"potions_floor_spawned":[],"ascension_level":20}