{"gold_per_floor":[117,137,157,82,99,99,124,124,124,156,81,81,92,92,92,166,166,176,226,245,88,13,13,31,31,31,49,63,91,91,91,91,170,170,189,189,189,189,64,64],"floor_reached":40,"playtime":1499,"items_purged":["Strike_G","Riddle With Holes","Decay"],"score":974,"play_id":"99a18fa8-6dc7-4635-8da7-2f522b12a678","local_time":"20190423013600","is_ascension_mode":true,"campfire_choices":[{"floor":6.0,"key":"REST"},{"data":"Prepared","floor":8.0,"key":"SMITH"},{"floor":12.0,"key":"REST"},{"data":"Accuracy","floor":15.0,"key":"SMITH"},{"data":"Reflex","floor":23.0,"key":"SMITH"},{"data":"Terror","floor":25.0,"key":"SMITH"},{"data":"Concentrate","floor":32.0,"key":"SMITH"}],"neow_cost":"NONE","seed_source_timestamp":166306685430200,"circlet_count":0,"master_deck":["AscendersBane","Survivor","Neutralize","Prepared+1","Infinite Blades","Underhanded Strike","Dagger Throw","Underhanded Strike+1","Escape Plan","Accuracy+1","Adrenaline","Corpse Explosion","Footwork","Eviscerate","Reflex+1","Catalyst","Terror+1","Backflip","Backflip+1","Concentrate+1","Calculated Gamble+1"],"special_seed":0,"relics":["Ring of the Snake","Lantern","Oddly Smooth Stone","Pantograph","Pandora\u0027s Box","Kunai","White Beast Statue"],"potions_floor_usage":[40],"damage_taken":[{"damage":9.0,"enemies":"Jaw Worm","floor":1.0,"turns":10.0},{"damage":1.0,"enemies":"Small Slimes","floor":2.0,"turns":4.0},{"damage":3.0,"enemies":"2 Louse","floor":3.0,"turns":3.0},{"damage":8.0,"enemies":"Large Slime","floor":5.0,"turns":8.0},{"damage":27.0,"enemies":"Lagavulin","floor":7.0,"turns":7.0},{"damage":23.0,"enemies":"3 Sentries","floor":10.0,"turns":7.0},{"damage":0.0,"enemies":"3 Louse","floor":13.0,"turns":3.0},{"damage":24.0,"enemies":"The Guardian","floor":16.0,"turns":14.0},{"damage":15.0,"enemies":"Shell Parasite","floor":18.0,"turns":4.0},{"damage":0.0,"enemies":"3 Byrds","floor":20.0,"turns":2.0},{"damage":0.0,"enemies":"3 Cultists","floor":24.0,"turns":2.0},{"damage":19.0,"enemies":"Centurion and Healer","floor":27.0,"turns":4.0},{"damage":0.0,"enemies":"Snake Plant","floor":28.0,"turns":4.0},{"damage":0.0,"enemies":"Gremlin Leader","floor":29.0,"turns":4.0},{"damage":18.0,"enemies":"Automaton","floor":33.0,"turns":5.0},{"damage":0.0,"enemies":"Orb Walker","floor":35.0,"turns":2.0},{"damage":51,"enemies":"Reptomancer","floor":40,"turns":4}],"seed_played":"5051619607927060191","potions_obtained":[{"floor":1.0,"key":"GhostInAJar"},{"floor":5.0,"key":"SpeedPotion"},{"floor":10.0,"key":"Poison Potion"},{"floor":18.0,"key":"Swift Potion"},{"floor":20.0,"key":"SkillPotion"},{"floor":28.0,"key":"EssenceOfSteel"},{"floor":35.0,"key":"Dexterity Potion"}],"is_trial":false,"path_per_floor":["M","M","M","?","M","R","E","R","T","E","$","R","M","?","R","B",null,"M","?","M","$","?","R","M","R","T","M","M","E","?","?","R","B",null,"M","?","?","?","$","E"],"character_chosen":"THE_SILENT","items_purchased":["Backflip"],"campfire_rested":2,"item_purchase_floors":[21],"current_hp_per_floor":[50,49,46,46,38,57,30,30,30,7,7,26,26,6,6,7,51,36,36,36,36,36,36,36,36,36,17,17,17,17,17,17,24,56,56,56,56,46,46,0],"gold":64,"neow_bonus":"TRANSFORM_CARD","is_prod":false,"is_daily":false,"chose_seed":false,"campfire_upgraded":5,"win_rate":0,"timestamp":1555950960,"path_taken":["M","M","M","?","M","R","E","R","T","E","$","R","M","?","R","BOSS","M","?","M","$","?","R","M","R","T","M","M","E","?","?","R","BOSS","M","?","?","?","$","E"],"build_version":"2019-01-23","purchased_purges":3,"victory":false,"max_hp_per_floor":[66,66,66,66,66,66,66,66,66,66,66,66,66,66,66,66,66,66,66,66,66,66,66,66,66,66,66,66,66,66,66,66,66,66,66,63,63,63,63,63],"card_choices":[{"not_picked":["Blur","Footwork"],"picked":"Riddle With Holes","floor":1.0},{"not_picked":["Reflex","PiercingWail"],"picked":"Infinite Blades","floor":2.0},{"not_picked":["Well Laid Plans","Dagger Throw"],"picked":"Underhanded Strike","floor":3.0},{"not_picked":["Flying Knee","Outmaneuver"],"picked":"Dagger Throw","floor":5.0},{"not_picked":["Distraction","Reflex"],"picked":"Underhanded Strike","floor":7.0},{"not_picked":["Bane","Prepared"],"picked":"Escape Plan","floor":10.0},{"not_picked":["Endless Agony","Predator"],"picked":"Accuracy","floor":13.0},{"not_picked":["Envenom","Tools of the Trade"],"picked":"Adrenaline","floor":16.0},{"not_picked":["Caltrops","Bane","Noxious Fumes"],"picked":"SKIP","floor":18.0},{"not_picked":["All Out Attack+1","Flechettes+1","Flying Knee"],"picked":"SKIP","floor":20.0},{"not_picked":["Deadly Poison","Outmaneuver","Dagger Throw"],"picked":"SKIP","floor":24.0},{"not_picked":["Acrobatics","Flying Knee"],"picked":"Backflip+1","floor":27.0},{"not_picked":["Well Laid Plans","PiercingWail"],"picked":"Concentrate","floor":28.0},{"not_picked":["Cloak And Dagger","Unload","Blade Dance"],"picked":"SKIP","floor":29.0},{"not_picked":["PiercingWail+1","Catalyst"],"picked":"Calculated Gamble+1","floor":35.0}],"player_experience":4868407,"relics_obtained":[{"floor":7.0,"key":"Lantern"},{"floor":9.0,"key":"Oddly Smooth Stone"},{"floor":10.0,"key":"Pantograph"},{"floor":29.0,"key":"Kunai"}],"event_choices":[{"cards_removed":["Defend_G"],"damage_healed":0.0,"max_hp_gain":0.0,"max_hp_loss":0.0,"gold_gain":0.0,"event_name":"The Cleric","player_choice":"Card Removal","floor":4.0,"gold_loss":75.0,"damage_taken":0.0},{"damage_healed":0.0,"max_hp_gain":0.0,"max_hp_loss":0.0,"gold_gain":0.0,"event_name":"Shining Light","player_choice":"Entered Light","floor":14.0,"gold_loss":0.0,"damage_taken":20.0,"cards_upgraded":["Underhanded Strike","Strike_G"]},{"damage_healed":0.0,"max_hp_gain":0.0,"max_hp_loss":0.0,"gold_gain":50.0,"event_name":"Nest","player_choice":"Stole From Cult","floor":19.0,"gold_loss":0.0,"damage_taken":0.0},{"cards_removed":["Predator"],"damage_healed":0.0,"max_hp_gain":0.0,"max_hp_loss":0.0,"gold_gain":0.0,"event_name":"Beggar","player_choice":"Gave Gold","floor":22.0,"gold_loss":75.0,"damage_taken":0.0},{"damage_healed":0.0,"max_hp_gain":0.0,"max_hp_loss":0.0,"gold_gain":0.0,"event_name":"Cursed Tome","player_choice":"Ignored","floor":30.0,"gold_loss":0.0,"damage_taken":0.0},{"damage_healed":0.0,"max_hp_gain":0.0,"max_hp_loss":0.0,"gold_gain":0.0,"event_name":"Forgotten Altar","player_choice":"Smashed Altar","floor":31.0,"gold_loss":0.0,"damage_taken":0.0,"cards_obtained":["Decay"]},{"damage_healed":0.0,"max_hp_gain":0.0,"max_hp_loss":3.0,"gold_gain":0.0,"event_name":"Winding Halls","player_choice":"Max HP","floor":36.0,"gold_loss":0.0,"damage_taken":0.0},{"damage_healed":0.0,"max_hp_gain":0.0,"max_hp_loss":0.0,"gold_gain":0.0,"event_name":"Mysterious Sphere","player_choice":"Ignored","floor":37.0,"gold_loss":0.0,"damage_taken":0.0},{"damage_healed":0.0,"max_hp_gain":0.0,"max_hp_loss":0.0,"gold_gain":0.0,"event_name":"SensoryStone","player_choice":"Memory 3","floor":38.0,"gold_loss":0.0,"damage_taken":10.0}],"is_beta":false,"boss_relics":[{"not_picked":["Ring of the Serpent","Cursed Key"],"picked":"Pandora\u0027s Box"},{"not_picked":["Velvet Choker","Runic Dome"],"picked":"White Beast Statue"}],"items_purged_floors":[11,21,39],"is_endless":false,"potions_floor_spawned":[1,5,10,18,20,28,35],"killed_by":"Reptomancer","ascension_level":20}