{"gold_per_floor":[111,111,111,36,56,84,84,100,153,153,170,190,222,238,238,313,313,333,258,708,173,192,192,210,236,236,236,254,129,163,173,173,246,246,264,264,40,55,73,73,73,85,85,95,95,45,45,80,92,104,116,128,140,21,56,56],"floor_reached":56,"playtime":2370,"items_purged":["Strike_B","Strike_B","Regret","Strike_B","Defend_B"],"score":2250,"play_id":"c360df83-c25d-4bb3-b445-0e57581419cb","local_time":"20190721023809","is_ascension_mode":true,"campfire_choices":[{"data":"Chaos","floor":7.0,"key":"SMITH"},{"data":"Zap","floor":10.0,"key":"SMITH"},{"data":"Chaos","floor":15.0,"key":"SMITH"},{"data":"Apotheosis","floor":23.0,"key":"SMITH"},{"floor":27.0,"key":"RECALL"},{"floor":32.0,"key":"REST"},{"data":"Fission","floor":41.0,"key":"SMITH"},{"data":"Fission","floor":49.0,"key":"SMITH"},{"data":"Coolheaded","floor":53.0,"key":"SMITH"}],"neow_cost":"NONE","seed_source_timestamp":13471469612800,"circlet_count":0,"master_deck":["AscendersBane","Defend_B+1","Defend_B+1","Zap+1","Dualcast","Self Repair","Chaos+1","BootSequence","Chaos+1","Coolheaded+1","White Noise","Thunder Strike","White Noise","Apotheosis+1","Chaos","Force Field","Defragment","Capacitor","Fission+1","Glacier","Fission+1","Coolheaded+1","Defragment","Sweeping Beam+1","Barrage+1"],"special_seed":0,"relics":["Cracked Core","NeowsBlessing","Blood Vial","Art of War","Odd Mushroom","Thread and Needle","Cursed Key","Oddly Smooth Stone","Anchor","Orichalcum","Busted Crown","Runic Capacitor","Smiling Mask","MawBank","Du-Vu Doll"],"potions_floor_usage":[55],"damage_taken":[{"damage":0.0,"enemies":"2 Louse","floor":1.0,"turns":1.0},{"damage":0.0,"enemies":"Jaw Worm","floor":5.0,"turns":1.0},{"damage":0.0,"enemies":"3 Sentries","floor":6.0,"turns":1.0},{"damage":0.0,"enemies":"Cultist","floor":8.0,"turns":4.0},{"damage":7.0,"enemies":"Lots of Slimes","floor":11.0,"turns":5.0},{"damage":21.0,"enemies":"The Mushroom Lair","floor":12.0,"turns":7.0},{"damage":29.0,"enemies":"Gremlin Nob","floor":13.0,"turns":5.0},{"damage":0.0,"enemies":"Looter","floor":14.0,"turns":4.0},{"damage":0.0,"enemies":"The Guardian","floor":16.0,"turns":12.0},{"damage":4.0,"enemies":"Chosen","floor":18.0,"turns":5.0},{"damage":3.0,"enemies":"Shell Parasite","floor":22.0,"turns":5.0},{"damage":0.0,"enemies":"Snecko","floor":24.0,"turns":5.0},{"damage":0.0,"enemies":"Book of Stabbing","floor":25.0,"turns":6.0},{"damage":23.0,"enemies":"3 Cultists","floor":28.0,"turns":6.0},{"damage":47.0,"enemies":"Gremlin Leader","floor":30.0,"turns":5.0},{"damage":9.0,"enemies":"Snake Plant","floor":31.0,"turns":4.0},{"damage":16.0,"enemies":"Collector","floor":33.0,"turns":11.0},{"damage":1.0,"enemies":"Orb Walker","floor":35.0,"turns":6.0},{"damage":8.0,"enemies":"3 Darklings","floor":38.0,"turns":5.0},{"damage":0.0,"enemies":"Sphere and 2 Shapes","floor":39.0,"turns":7.0},{"damage":9.0,"enemies":"Jaw Worm Horde","floor":42.0,"turns":4.0},{"damage":4.0,"enemies":"3 Darklings","floor":44.0,"turns":5.0},{"damage":0.0,"enemies":"Giant Head","floor":48.0,"turns":6.0},{"damage":40.0,"enemies":"Awakened One","floor":50.0,"turns":10.0},{"damage":0.0,"enemies":"Donu and Deca","floor":51.0,"turns":8.0},{"damage":31,"enemies":"Shield and Spear","floor":55,"turns":7},{"damage":54,"enemies":"The Heart","floor":56,"turns":5}],"seed_played":"-2922870839032095183","potions_obtained":[{"floor":8.0,"key":"Block Potion"},{"floor":11.0,"key":"SkillPotion"},{"floor":12.0,"key":"Regen Potion"},{"floor":14.0,"key":"EntropicBrew"},{"floor":22.0,"key":"PowerPotion"},{"floor":25.0,"key":"AttackPotion"},{"floor":33.0,"key":"Weak Potion"},{"floor":38.0,"key":"Fire Potion"},{"floor":42.0,"key":"SkillPotion"}],"is_trial":false,"path_per_floor":["M","?","?","$","M","E","R","M","T","R","M","?","E","M","R","B",null,"M","?","?","$","M","R","M","E","T","R","M","$","E","M","R","B",null,"M","?","$","M","M","?","R","M","T","M","?","$","$","E","R","B","B",null,"R","$","E","B"],"character_chosen":"DEFECT","items_purchased":["Apotheosis","Oddly Smooth Stone","Chaos","Runic Capacitor","FocusPotion"],"campfire_rested":1,"item_purchase_floors":[21,21,21,37,54],"current_hp_per_floor":[64,43,43,43,50,50,50,59,59,59,61,49,43,52,52,61,69,71,71,29,29,48,48,57,66,66,66,52,52,14,17,38,31,61,69,69,69,70,71,71,71,69,69,71,71,71,71,71,71,41,63,69,69,69,50,0],"gold":56,"neow_bonus":"THREE_ENEMY_KILL","is_prod":false,"is_daily":false,"chose_seed":false,"campfire_upgraded":7,"win_rate":0,"timestamp":1563644289,"path_taken":["M","?","?","$","?","E","R","M","T","R","?","?","E","M","R","BOSS","M","?","?","$","?","R","M","E","T","R","M","?","E","M","R","BOSS","M","?","$","?","M","?","R","?","T","M","?","?","$","E","R","BOSS","BOSS","R","$","E","BOSS"],"build_version":"2019-07-17","purchased_purges":5,"victory":false,"max_hp_per_floor":[71,71,71,71,71,71,71,71,71,71,71,71,71,71,71,71,71,71,71,71,71,71,71,71,71,71,71,71,71,71,71,71,71,71,71,71,71,71,71,71,71,71,71,71,71,71,71,71,71,71,71,71,71,71,71,71],"card_choices":[{"not_picked":["Cold Snap","Go for the Eyes"],"picked":"Self Repair","floor":1.0},{"not_picked":["Sweeping Beam","Blizzard"],"picked":"Hello World","floor":5.0},{"not_picked":["Cold Snap","Beam Cell"],"picked":"Chaos","floor":6.0},{"not_picked":["Streamline","Barrage"],"picked":"BootSequence","floor":8.0},{"not_picked":["Machine Learning","Hello World"],"picked":"Chaos","floor":11.0},{"not_picked":["Heatsinks","Scrape"],"picked":"Coolheaded","floor":12.0},{"not_picked":["Rebound","Sweeping Beam","Blizzard"],"picked":"SKIP","floor":13.0},{"not_picked":["Reinforced Body","Streamline"],"picked":"White Noise","floor":14.0},{"not_picked":["All For One","Machine Learning"],"picked":"Thunder Strike","floor":16.0},{"not_picked":["Barrage","Doom and Gloom"],"picked":"White Noise","floor":18.0},{"not_picked":["Sweeping Beam","Tempest","Redo"],"picked":"SKIP","floor":22.0},{"not_picked":["Consume","Double Energy+1"],"picked":"Force Field","floor":24.0},{"not_picked":["Streamline","Genetic Algorithm"],"picked":"Defragment","floor":25.0},{"not_picked":["Sweeping Beam","Compile Driver"],"picked":"Capacitor","floor":28.0},{"not_picked":["Gash","Rip and Tear"],"picked":"Fission","floor":30.0},{"not_picked":["Aggregate+1","Gash"],"picked":"Glacier","floor":31.0},{"not_picked":["All For One","Buffer"],"picked":"Fission","floor":33.0},{"not_picked":[],"picked":"Coolheaded+1","floor":35.0},{"not_picked":[],"picked":"Defragment","floor":38.0},{"not_picked":[],"picked":"Sweeping Beam+1","floor":39.0},{"not_picked":["Fusion"],"picked":"SKIP","floor":42.0},{"not_picked":[],"picked":"Barrage+1","floor":44.0},{"not_picked":["Doom and Gloom"],"picked":"SKIP","floor":48.0},{"not_picked":["Redo"],"picked":"SKIP","floor":55}],"player_experience":5764635,"relics_obtained":[{"floor":6.0,"key":"Blood Vial"},{"floor":9.0,"key":"Art of War"},{"floor":12.0,"key":"Odd Mushroom"},{"floor":13.0,"key":"Thread and Needle"},{"floor":25.0,"key":"Anchor"},{"floor":30.0,"key":"Orichalcum"},{"floor":45.0,"key":"Smiling Mask"},{"floor":48.0,"key":"MawBank"},{"floor":55,"key":"Du-Vu Doll"}],"event_choices":[{"damage_healed":0.0,"max_hp_gain":0.0,"max_hp_loss":0.0,"gold_gain":0.0,"event_name":"Shining Light","player_choice":"Entered Light","floor":2.0,"gold_loss":0.0,"damage_taken":21.0,"cards_upgraded":["Defend_B","Defend_B"]},{"damage_healed":0.0,"max_hp_gain":0.0,"max_hp_loss":0.0,"gold_gain":0.0,"event_name":"Match and Keep!","player_choice":"0 cards matched","floor":3.0,"gold_loss":0.0,"damage_taken":0.0,"cards_obtained":[]},{"damage_healed":0.0,"max_hp_gain":0.0,"max_hp_loss":0.0,"gold_gain":0.0,"event_name":"Mushrooms","player_choice":"Fought Mushrooms","floor":12.0,"gold_loss":0.0,"damage_taken":0.0},{"cards_removed":["Strike_B"],"damage_healed":0.0,"max_hp_gain":0.0,"max_hp_loss":0.0,"gold_gain":0.0,"event_name":"Beggar","player_choice":"Gave Gold","floor":19.0,"gold_loss":75.0,"damage_taken":0.0},{"damage_healed":0.0,"max_hp_gain":0.0,"max_hp_loss":0.0,"gold_gain":450.0,"event_name":"Knowing Skull","player_choice":"GOLD GOLD GOLD GOLD GOLD ","floor":20.0,"potions_obtained":[],"gold_loss":0.0,"damage_taken":42.0,"cards_obtained":[]},{"cards_removed":["Defend_B"],"damage_healed":0.0,"max_hp_gain":0.0,"max_hp_loss":0.0,"gold_gain":0.0,"event_name":"Purifier","player_choice":"Purged","floor":36.0,"gold_loss":0.0,"damage_taken":0.0},{"cards_removed":["Hello World"],"damage_healed":0.0,"max_hp_gain":0.0,"max_hp_loss":0.0,"gold_gain":0.0,"event_name":"Bonfire Elementals","player_choice":"Offered Uncommon","floor":40.0,"gold_loss":0.0,"damage_taken":0.0},{"damage_healed":0.0,"max_hp_gain":0.0,"max_hp_loss":0.0,"gold_gain":0.0,"event_name":"Wheel of Change","player_choice":"Relic","floor":45.0,"gold_loss":0.0,"damage_taken":0.0}],"is_beta":false,"boss_relics":[{"not_picked":["Velvet Choker","FrozenCore"],"picked":"Cursed Key"},{"not_picked":["Lizard Tail","Runic Dome"],"picked":"Busted Crown"}],"items_purged_floors":[4,21,29,46,54],"is_endless":false,"potions_floor_spawned":[8,11,12,14,22,25,33,38,42],"killed_by":"The Heart","ascension_level":20}