{"gold_per_floor":[111,127,142,38,54,54,54,54,124,124,157,157,157,18,18,96,96,112,112,37,50,50,50,69,69],"floor_reached":25,"playtime":580,"items_purged":["Strike_G","Strike_G"],"score":398,"play_id":"aebad960-a4e5-4935-bf62-e635928b33ec","local_time":"20190330022505","is_ascension_mode":true,"campfire_choices":[{"data":"Cloak And Dagger","floor":6.0,"key":"SMITH"},{"data":"Finisher","floor":10.0,"key":"SMITH"},{"data":"Blade Dance","floor":13.0,"key":"SMITH"},{"data":"Neutralize","floor":15.0,"key":"SMITH"},{"data":"Well Laid Plans","floor":23.0,"key":"SMITH"}],"neow_cost":"NONE","seed_source_timestamp":1391423895868200,"circlet_count":0,"master_deck":["AscendersBane","Defend_G","Defend_G","Defend_G","Strike_G","Strike_G","Survivor","Neutralize+1","Heel Hook","Well Laid Plans+1","Finisher+1","Cloak And Dagger+1","Blade Dance+1","Storm of Steel","Heel Hook","Tactician","PiercingWail+1"],"special_seed":0,"relics":["Ring of the Snake","Mummified Hand","Bag of Marbles","Coffee Dripper"],"potions_floor_usage":[25],"damage_taken":[{"damage":0.0,"enemies":"2 Louse","floor":1.0,"turns":4.0},{"damage":1.0,"enemies":"Cultist","floor":2.0,"turns":4.0},{"damage":4.0,"enemies":"Small Slimes","floor":3.0,"turns":4.0},{"damage":0.0,"enemies":"Blue Slaver","floor":5.0,"turns":4.0},{"damage":41.0,"enemies":"Gremlin Nob","floor":11.0,"turns":4.0},{"damage":9.0,"enemies":"Hexaghost","floor":16.0,"turns":8.0},{"damage":3.0,"enemies":"2 Thieves","floor":18.0,"turns":3.0},{"damage":0.0,"enemies":"Chosen","floor":21.0,"turns":2.0},{"damage":24.0,"enemies":"Snake Plant","floor":24.0,"turns":4.0},{"damage":17,"enemies":"Slavers","floor":25,"turns":2}],"seed_played":"-7690204986105219646","potions_obtained":[{"floor":1.0,"key":"Weak Potion"},{"floor":5.0,"key":"GamblersBrew"},{"floor":11.0,"key":"Strength Potion"},{"floor":21.0,"key":"FearPotion"},{"floor":24.0,"key":"FearPotion"}],"is_trial":false,"path_per_floor":["M","M","M","$","M","R","?","$","T","R","E","?","R","$","R","B",null,"M","$","?","M","T","R","M","E"],"character_chosen":"THE_SILENT","items_purchased":["Cloak And Dagger","Heel Hook"],"campfire_rested":0,"item_purchase_floors":[4,14],"current_hp_per_floor":[59,58,54,54,54,54,54,54,54,54,13,13,13,13,13,4,51,48,48,48,48,48,48,24,7],"gold":69,"neow_bonus":"REMOVE_CARD","is_prod":false,"is_daily":false,"chose_seed":false,"campfire_upgraded":5,"win_rate":0,"timestamp":1553880305,"path_taken":["M","M","M","$","M","R","?","?","T","R","E","?","R","?","R","BOSS","M","$","?","M","?","R","M","E"],"build_version":"2019-01-23","purchased_purges":2,"victory":false,"max_hp_per_floor":[66,66,66,66,66,66,66,66,66,66,66,66,66,66,66,66,66,66,66,66,66,66,66,66,66],"card_choices":[{"not_picked":["Deadly Poison","Outmaneuver"],"picked":"Heel Hook","floor":1.0},{"not_picked":["Slice","Concentrate"],"picked":"Well Laid Plans","floor":2.0},{"not_picked":["All Out Attack","Skewer"],"picked":"Finisher","floor":3.0},{"not_picked":["Sucker Punch","Choke"],"picked":"Blade Dance","floor":5.0},{"not_picked":["Well Laid Plans","Glass Knife","Cloak And Dagger"],"picked":"SKIP","floor":11.0},{"not_picked":["Bouncing Flask","Choke","PiercingWail"],"picked":"SKIP","floor":18.0},{"not_picked":["Blur+1","Bane+1"],"picked":"Tactician","floor":21.0},{"not_picked":["Flying Knee","Sucker Punch"],"picked":"PiercingWail+1","floor":24.0}],"player_experience":4667598,"relics_obtained":[{"floor":9.0,"key":"Mummified Hand"},{"floor":11.0,"key":"Bag of Marbles"}],"event_choices":[{"damage_healed":0.0,"max_hp_gain":0.0,"max_hp_loss":0.0,"gold_gain":0.0,"cards_transformed":["Strike_G"],"event_name":"Transmorgrifier","player_choice":"Transformed","floor":7.0,"gold_loss":0.0,"damage_taken":0.0,"cards_obtained":["Storm of Steel"]},{"damage_healed":0.0,"max_hp_gain":0.0,"max_hp_loss":0.0,"gold_gain":0.0,"event_name":"Liars Game","player_choice":"Ignored","floor":12.0,"gold_loss":0.0,"damage_taken":0.0},{"cards_removed":["Defend_G"],"damage_healed":0.0,"max_hp_gain":0.0,"max_hp_loss":0.0,"gold_gain":0.0,"event_name":"Beggar","player_choice":"Gave Gold","floor":20.0,"gold_loss":75.0,"damage_taken":0.0}],"is_beta":false,"boss_relics":[{"not_picked":["Busted Crown","Fusion Hammer"],"picked":"Coffee Dripper"}],"items_purged_floors":[4,14],"is_endless":false,"potions_floor_spawned":[1,5,11,21,24],"killed_by":"Slavers","ascension_level":20}