{"gold_per_floor":[359,369,369,369,29,63,63,75,124,155,168,186,186,205,205,205],"floor_reached":16,"playtime":486,"items_purged":[],"score":179,"play_id":"8ca5675c-dd53-4099-8014-30408907c64c","local_time":"20190710000901","is_ascension_mode":true,"campfire_choices":[{"data":"Bash","floor":7,"key":"SMITH"},{"floor":13,"key":"REST"},{"data":"Forethought","floor":15,"key":"SMITH"}],"neow_cost":"TEN_PERCENT_HP_LOSS","seed_source_timestamp":1595637801010951,"circlet_count":0,"master_deck":["AscendersBane","Strike_R+1","Strike_R","Strike_R","Strike_R+1","Strike_R","Defend_R","Defend_R","Defend_R","Defend_R","Bash+1","Whirlwind","Dropkick","Forethought+1","Shrug It Off","Flex","Perfected Strike","Twin Strike","Armaments","Seeing Red","Intimidate"],"relics":["Burning Blood","ClockworkSouvenir","Happy Flower","Smiling Mask","Regal Pillow"],"potions_floor_usage":[6,14],"damage_taken":[{"damage":0,"enemies":"Small Slimes","floor":1,"turns":3},{"damage":0,"enemies":"2 Louse","floor":2,"turns":1},{"damage":32,"enemies":"Lagavulin","floor":6,"turns":10},{"damage":4,"enemies":"Jaw Worm","floor":8,"turns":3},{"damage":24,"enemies":"Gremlin Nob","floor":10,"turns":4},{"damage":16,"enemies":"Blue Slaver","floor":11,"turns":3},{"damage":14,"enemies":"3 Louse","floor":12,"turns":2},{"damage":1,"enemies":"2 Fungi Beasts","floor":14,"turns":3},{"damage":57,"enemies":"Hexaghost","floor":16,"turns":9}],"seed_played":"6215812381083304512","potions_obtained":[{"floor":1,"key":"Block Potion"},{"floor":11,"key":"Swift Potion"}],"is_trial":false,"path_per_floor":["M","M","?","?","$","E","R","M","T","E","M","M","R","M","R","B"],"character_chosen":"IRONCLAD","items_purchased":["ClockworkSouvenir","Forethought","Shrug It Off"],"campfire_rested":1,"item_purchase_floors":[5,5,5],"current_hp_per_floor":[72,72,58,72,72,46,46,48,48,30,20,12,48,53,53,0],"gold":205,"neow_bonus":"TWO_FIFTY_GOLD","is_prod":false,"is_daily":false,"chose_seed":false,"campfire_upgraded":2,"win_rate":0,"timestamp":1562713741,"path_taken":["M","M","?","?","$","E","R","M","T","E","M","M","R","M","R","BOSS"],"build_version":"2019-07-05","purchased_purges":0,"victory":false,"max_hp_per_floor":[72,72,72,72,72,72,72,72,72,72,72,72,72,72,72,72],"card_choices":[{"not_picked":["Intimidate","Twin Strike"],"picked":"Whirlwind","floor":1},{"not_picked":["Anger","Body Slam"],"picked":"Dropkick","floor":2},{"not_picked":["Clothesline","Rampage"],"picked":"Flex","floor":6},{"not_picked":["Inflame","Shrug It Off"],"picked":"Perfected Strike","floor":8},{"not_picked":["Rupture","Flex"],"picked":"Twin Strike","floor":10},{"not_picked":["Flex","Offering"],"picked":"Armaments","floor":11},{"not_picked":["Burning Pact","Anger"],"picked":"Seeing Red","floor":12},{"not_picked":["Burning Pact","Heavy Blade"],"picked":"Intimidate","floor":14}],"player_experience":317461,"relics_obtained":[{"floor":6,"key":"Happy Flower"},{"floor":9,"key":"Smiling Mask"},{"floor":10,"key":"Regal Pillow"}],"event_choices":[{"damage_healed":0,"gold_gain":0,"player_choice":"Entered Light","damage_taken":14,"max_hp_gain":0,"max_hp_loss":0,"event_name":"Shining Light","floor":3,"gold_loss":0,"cards_upgraded":["Strike_R","Strike_R"]},{"damage_healed":24,"gold_gain":0,"player_choice":"Banana","damage_taken":0,"max_hp_gain":0,"max_hp_loss":0,"event_name":"Big Fish","floor":4,"gold_loss":0}],"is_beta":false,"boss_relics":[],"items_purged_floors":[],"is_endless":false,"potions_floor_spawned":[1,11],"killed_by":"Hexaghost","ascension_level":12}