{"gold_per_floor":[117,132,152,170,251,251,261,280,280,296,312,326,338,363,363,441,441,453,453,503,518,533,568,582,582,582,582,582,16,31,43,43,121,121,141,159,59,59,59,59,59],"floor_reached":41,"playtime":1593,"items_purged":["Strike_B","Strike_B"],"score":992,"play_id":"d6eeba3c-e023-4e6e-9883-a9a7ccec0407","local_time":"20190719023303","is_ascension_mode":true,"campfire_choices":[{"data":"Self Repair","floor":6.0,"key":"SMITH"},{"data":"Streamline","floor":15.0,"key":"SMITH"},{"data":"Biased Cognition","floor":25.0,"key":"SMITH"},{"data":"Sunder","floor":28.0,"key":"SMITH"},{"data":"Echo Form","floor":32.0,"key":"SMITH"},{"floor":40.0,"key":"RECALL"}],"neow_cost":"NONE","seed_source_timestamp":721560304111200,"circlet_count":0,"master_deck":["AscendersBane","Defend_B","Defend_B","Defend_B","Defend_B","Zap","Dualcast","Rip and Tear","Leap","Rebound","Self Repair+1","Cold Snap","Chill+1","Skim+1","Recycle+1","Biased Cognition+1","Ball Lightning","Streamline+1","Rainbow+1","Hologram+1","Ghostly+1","Ghostly+1","Ghostly+1","Turbo+1","Sunder+1","Reinforced Body+1","Stack+1","Echo Form+1","Conserve Battery+1","Capacitor+1","Darkness+1","Seek+1","White Noise+1"],"special_seed":0,"relics":["Cracked Core","Lantern","Toxic Egg 2","Regal Pillow","Coffee Dripper","Mercury Hourglass","Ornamental Fan","Frozen Egg 2","Empty Cage"],"potions_floor_usage":[41],"damage_taken":[{"damage":7.0,"enemies":"Cultist","floor":1.0,"turns":4.0},{"damage":7.0,"enemies":"Jaw Worm","floor":2.0,"turns":2.0},{"damage":3.0,"enemies":"Small Slimes","floor":3.0,"turns":3.0},{"damage":10.0,"enemies":"Exordium Thugs","floor":4.0,"turns":5.0},{"damage":7.0,"enemies":"3 Louse","floor":7.0,"turns":3.0},{"damage":15.0,"enemies":"2 Fungi Beasts","floor":8.0,"turns":3.0},{"damage":22.0,"enemies":"Exordium Thugs","floor":10.0,"turns":5.0},{"damage":2.0,"enemies":"Exordium Wildlife","floor":11.0,"turns":5.0},{"damage":0.0,"enemies":"Looter","floor":12.0,"turns":4.0},{"damage":0.0,"enemies":"Red Slaver","floor":13.0,"turns":3.0},{"damage":3.0,"enemies":"Lagavulin","floor":14.0,"turns":7.0},{"damage":0.0,"enemies":"The Guardian","floor":16.0,"turns":12.0},{"damage":21.0,"enemies":"Shell Parasite","floor":18.0,"turns":5.0},{"damage":15.0,"enemies":"Spheric Guardian","floor":21.0,"turns":6.0},{"damage":7.0,"enemies":"3 Cultists","floor":22.0,"turns":6.0},{"damage":21.0,"enemies":"Book of Stabbing","floor":23.0,"turns":6.0},{"damage":14.0,"enemies":"Shelled Parasite and Fungi","floor":24.0,"turns":6.0},{"damage":3.0,"enemies":"Snake Plant","floor":30.0,"turns":5.0},{"damage":7.0,"enemies":"Snecko","floor":31.0,"turns":6.0},{"damage":7.0,"enemies":"Champ","floor":33.0,"turns":10.0},{"damage":1.0,"enemies":"Orb Walker","floor":35.0,"turns":5.0},{"damage":31.0,"enemies":"3 Darklings","floor":36.0,"turns":7.0},{"damage":52,"enemies":"Giant Head","floor":41,"turns":7}],"seed_played":"-2443278409356596632","potions_obtained":[{"floor":1.0,"key":"Block Potion"},{"floor":3.0,"key":"Swift Potion"},{"floor":10.0,"key":"Strength Potion"},{"floor":11.0,"key":"SpeedPotion"},{"floor":12.0,"key":"Weak Potion"},{"floor":14.0,"key":"PowerPotion"},{"floor":23.0,"key":"Dexterity Potion"},{"floor":24.0,"key":"Weak Potion"},{"floor":30.0,"key":"FearPotion"},{"floor":31.0,"key":"SpeedPotion"},{"floor":36.0,"key":"AttackPotion"}],"is_trial":false,"path_per_floor":["M","M","M","M","T","R","M","M","T","M","M","M","M","E","R","B",null,"M","?","?","M","M","E","M","R","T","?","R","$","M","M","R","B",null,"M","M","$","?","$","R","E"],"character_chosen":"DEFECT","items_purchased":["Conserve Battery+1","Frozen Egg 2","Capacitor+1","Regen Potion"],"campfire_rested":0,"item_purchase_floors":[29,29,29,29],"current_hp_per_floor":[57,50,47,37,37,37,40,35,35,23,31,41,41,48,48,68,70,59,35,32,27,30,19,15,15,15,15,15,15,35,35,35,35,35,35,14,14,9,9,9,0],"gold":59,"neow_bonus":"RANDOM_COMMON_RELIC","is_prod":false,"is_daily":false,"chose_seed":false,"campfire_upgraded":5,"win_rate":0,"timestamp":1563471183,"path_taken":["M","M","M","?","?","R","M","M","T","M","M","M","M","E","R","BOSS","M","?","?","?","M","E","M","R","T","?","R","$","M","M","R","BOSS","M","M","$","?","?","R","E"],"build_version":"2019-07-17","purchased_purges":2,"victory":false,"max_hp_per_floor":[71,71,71,71,71,71,71,71,71,71,71,71,71,71,71,71,71,71,35,35,35,35,35,35,35,35,35,35,35,35,35,35,35,35,35,35,35,35,35,35,35],"card_choices":[{"not_picked":["Turbo","Leap"],"picked":"Rip and Tear","floor":1.0},{"not_picked":["Turbo","Steam"],"picked":"Leap","floor":2.0},{"not_picked":["Recycle","Barrage"],"picked":"Rebound","floor":3.0},{"not_picked":["Recycle","Streamline"],"picked":"Self Repair","floor":4.0},{"not_picked":["All For One","Leap+1"],"picked":"Cold Snap","floor":7.0},{"not_picked":["Reprogram+1","Streamline"],"picked":"Chill+1","floor":8.0},{"not_picked":["Gash","Heatsinks"],"picked":"Skim+1","floor":10.0},{"not_picked":["Barrage","Go for the Eyes"],"picked":"Recycle+1","floor":11.0},{"not_picked":["Compile Driver","Sweeping Beam"],"picked":"Biased Cognition","floor":12.0},{"not_picked":["Stack+1","Barrage"],"picked":"Ball Lightning","floor":13.0},{"not_picked":["Leap+1","Streamline","Stack+1"],"picked":"SKIP","floor":14.0},{"not_picked":["Leap+1","Stack+1"],"picked":"Streamline","floor":14.0},{"not_picked":["Biased Cognition","Hyperbeam"],"picked":"Rainbow+1","floor":16.0},{"not_picked":["Sweeping Beam","Go for the Eyes+1"],"picked":"Hologram+1","floor":18.0},{"not_picked":["Sweeping Beam","Barrage+1"],"picked":"Turbo+1","floor":21.0},{"not_picked":["Compile Driver","Leap+1"],"picked":"Sunder","floor":22.0},{"not_picked":["Sweeping Beam","Beam Cell"],"picked":"Reinforced Body+1","floor":23.0},{"not_picked":["Stack+1","Rebound","Steam+1"],"picked":"SKIP","floor":24.0},{"not_picked":["Rebound","Steam+1"],"picked":"Stack+1","floor":24.0},{"not_picked":["Genetic Algorithm+1","Scrape"],"picked":"Darkness+1","floor":30.0},{"not_picked":["Beam Cell+1","Self Repair+1","Steam+1"],"picked":"SKIP","floor":31.0},{"not_picked":["Biased Cognition+1","Machine Learning+1"],"picked":"Seek+1","floor":33.0},{"not_picked":["Leap+1","Tempest+1"],"picked":"White Noise+1","floor":35.0},{"not_picked":["Redo+1","Rip and Tear","Melter"],"picked":"SKIP","floor":36.0}],"player_experience":5744023,"relics_obtained":[{"floor":5.0,"key":"Toxic Egg 2"},{"floor":14.0,"key":"Regal Pillow"},{"floor":23.0,"key":"Mercury Hourglass"},{"floor":26.0,"key":"Ornamental Fan"}],"event_choices":[{"damage_healed":0.0,"max_hp_gain":0.0,"max_hp_loss":36.0,"gold_gain":0.0,"event_name":"Ghosts","player_choice":"Became a Ghost","floor":19.0,"gold_loss":0.0,"damage_taken":0.0,"cards_obtained":["Ghostly","Ghostly","Ghostly"]},{"damage_healed":0.0,"max_hp_gain":0.0,"max_hp_loss":0.0,"gold_gain":50.0,"event_name":"FaceTrader","player_choice":"Touch","floor":20.0,"gold_loss":0.0,"damage_taken":3.0},{"damage_healed":0.0,"max_hp_gain":0.0,"max_hp_loss":0.0,"gold_gain":0.0,"event_name":"The Library","player_choice":"Read","floor":27.0,"gold_loss":0.0,"damage_taken":0.0,"cards_obtained":["Echo Form"]},{"damage_healed":0.0,"max_hp_gain":0.0,"max_hp_loss":0.0,"gold_gain":0.0,"event_name":"Wheel of Change","player_choice":"Damaged","floor":38.0,"gold_loss":0.0,"damage_taken":5.0}],"is_beta":false,"boss_relics":[{"not_picked":["Lizard Tail","Velvet Choker"],"picked":"Coffee Dripper"},{"not_picked":["Eternal Feather","White Beast Statue"],"picked":"Empty Cage"}],"items_purged_floors":[29,37],"is_endless":false,"potions_floor_spawned":[1,3,10,11,12,13,14,23,24,30,31,36],"killed_by":"Giant Head","ascension_level":20}