{"gold_per_floor":[111,111,111,111,61,100,115,115,115,40,40,40,54,72,72,202,202,220,220,243,168,183,183,196,211,238,238,252,252],"floor_reached":29,"playtime":854,"items_purged":["Defend_B"],"score":225,"play_id":"36bc9240-94db-48fd-92b2-4a36aa4b8539","local_time":"20190716202503","is_ascension_mode":false,"campfire_choices":[{"floor":8,"key":"REST"},{"floor":15,"key":"REST"},{"floor":23,"key":"REST"},{"floor":27,"key":"REST"}],"neow_cost":"NONE","seed_source_timestamp":526752954905900,"circlet_count":0,"master_deck":["Strike_B+1","Strike_B+1","Strike_B+1","Strike_B+1","Defend_B","Zap","Dualcast","Darkness","Chill","Darkness","Ball Lightning","Echo Form","Ball Lightning","Cold Snap","Heatsinks","Machine Learning","Reprogram+1","FTL","Echo Form"],"relics":["Cracked Core","Happy Flower","Golden Idol","Whetstone","Mummified Hand","Philosopher\u0027s Stone","Dream Catcher","Ancient Tea Set"],"potions_floor_usage":[16,16,25,28],"damage_taken":[{"damage":6,"enemies":"Jaw Worm","floor":1,"turns":3},{"damage":18,"enemies":"Gremlin Nob","floor":6,"turns":3},{"damage":1,"enemies":"2 Louse","floor":7,"turns":2},{"damage":0,"enemies":"Cultist","floor":13,"turns":2},{"damage":8,"enemies":"Looter","floor":14,"turns":3},{"damage":16,"enemies":"Slime Boss","floor":16,"turns":6},{"damage":34,"enemies":"2 Thieves","floor":18,"turns":4},{"damage":10,"enemies":"Chosen","floor":20,"turns":3},{"damage":29,"enemies":"Snecko","floor":22,"turns":4},{"damage":3,"enemies":"Cultist and Chosen","floor":24,"turns":4},{"damage":22,"enemies":"Snake Plant","floor":25,"turns":3},{"damage":27,"enemies":"Shelled Parasite and Fungi","floor":28,"turns":4},{"damage":8,"enemies":"Slavers","floor":29,"turns":1}],"seed_played":"-4014419521426184574","potions_obtained":[{"floor":7,"key":"Swift Potion"},{"floor":13,"key":"Fire Potion"},{"floor":14,"key":"Regen Potion"},{"floor":20,"key":"Swift Potion"},{"floor":22,"key":"Fire Potion"}],"is_trial":false,"path_per_floor":["M","?","?","?","?","E","M","R","T","$","?","$","M","M","R","B",null,"M","?","M","?","M","R","M","M","T","R","M","E"],"character_chosen":"DEFECT","items_purchased":[],"campfire_rested":4,"item_purchase_floors":[],"current_hp_per_floor":[76,76,60,40,40,22,21,45,45,45,45,45,45,37,61,57,82,48,48,38,38,9,33,30,8,8,32,5,0],"gold":252,"neow_bonus":"TEN_PERCENT_HP_BONUS","is_prod":false,"is_daily":false,"chose_seed":false,"campfire_upgraded":0,"win_rate":0.0,"timestamp":1563326703,"path_taken":["M","?","?","?","?","E","M","R","T","$","?","$","M","?","R","BOSS","M","?","M","?","M","R","M","M","T","R","M","E"],"build_version":"2019-07-05","purchased_purges":1,"victory":false,"max_hp_per_floor":[82,82,82,82,82,82,82,82,82,82,82,82,82,82,82,82,82,82,82,82,82,82,82,82,82,82,82,82,82],"card_choices":[{"not_picked":["Ball Lightning","Go for the Eyes"],"picked":"Darkness","floor":1},{"not_picked":["Cold Snap","Gash"],"picked":"Chill","floor":6},{"not_picked":["Barrage","Reboot"],"picked":"Darkness","floor":7},{"not_picked":["Hologram","Compile Driver","Sweeping Beam"],"picked":"SKIP","floor":13},{"not_picked":["Steam Power","Barrage"],"picked":"Ball Lightning","floor":14},{"not_picked":["Meteor Strike","Amplify"],"picked":"Echo Form","floor":16},{"not_picked":["Coolheaded","Go for the Eyes"],"picked":"Ball Lightning","floor":18},{"not_picked":["Rebound","Barrage+1"],"picked":"Cold Snap","floor":20},{"not_picked":["Rebound+1","Compile Driver","Go for the Eyes+1"],"picked":"SKIP","floor":22},{"not_picked":["Hologram","Turbo"],"picked":"Heatsinks","floor":23},{"not_picked":["Beam Cell+1","Ball Lightning"],"picked":"Machine Learning","floor":24},{"not_picked":["Redo","Coolheaded"],"picked":"Reprogram+1","floor":25},{"not_picked":["Go for the Eyes","Compile Driver"],"picked":"FTL","floor":27},{"not_picked":["Barrage","FTL"],"picked":"Echo Form","floor":28}],"player_experience":69046,"relics_obtained":[{"floor":6,"key":"Whetstone"},{"floor":9,"key":"Mummified Hand"},{"floor":26,"key":"Ancient Tea Set"}],"event_choices":[{"damage_healed":0,"gold_gain":0,"player_choice":"Box","damage_taken":0,"relics_obtained":["Happy Flower"],"max_hp_gain":0,"max_hp_loss":0,"event_name":"Big Fish","floor":2,"gold_loss":0,"cards_obtained":["Regret"]},{"damage_healed":0,"gold_gain":0,"player_choice":"Entered Light","damage_taken":16,"max_hp_gain":0,"max_hp_loss":0,"event_name":"Shining Light","floor":3,"gold_loss":0,"cards_upgraded":["Strike_B","Strike_B"]},{"damage_healed":0,"gold_gain":0,"player_choice":"Take Damage","damage_taken":20,"relics_obtained":["Golden Idol"],"max_hp_gain":0,"max_hp_loss":0,"event_name":"Golden Idol","floor":4,"gold_loss":0},{"cards_removed":["Defend_B"],"damage_healed":0,"gold_gain":0,"player_choice":"Card Removal","damage_taken":0,"max_hp_gain":0,"max_hp_loss":0,"event_name":"The Cleric","floor":5,"gold_loss":50},{"cards_removed":["Regret"],"damage_healed":0,"gold_gain":0,"player_choice":"Removed Curses","damage_taken":0,"max_hp_gain":0,"max_hp_loss":0,"event_name":"Fountain of Cleansing","floor":11,"gold_loss":0},{"damage_healed":0,"gold_gain":0,"player_choice":"Opened","damage_taken":0,"relics_obtained":["Dream Catcher"],"max_hp_gain":0,"max_hp_loss":0,"event_name":"The Mausoleum","floor":19,"gold_loss":0},{"cards_removed":["Defend_B"],"damage_healed":0,"gold_gain":0,"player_choice":"Gave Gold","damage_taken":0,"max_hp_gain":0,"max_hp_loss":0,"event_name":"Beggar","floor":21,"gold_loss":75}],"is_beta":false,"boss_relics":[{"not_picked":["Coffee Dripper","Inserter"],"picked":"Philosopher\u0027s Stone"}],"items_purged_floors":[10],"is_endless":false,"potions_floor_spawned":[7,13,14,20,22],"killed_by":"Slavers","ascension_level":0}