{"gold_per_floor":[218,218,238,250,264,264,290,304,304,304,317,317,337,348,348,423,423,436,452,471,175,257,257,267,267,567,583,599,599,649,659,659,731,731,743,74,74,74,93,93,122,136,218,244,260,288,306,306,306,306,306,306,306,51,82,82],"floor_reached":56,"playtime":4073,"items_purged":["Barrage","Ball Lightning"],"score":2490,"play_id":"3668dfb6-4e50-4db1-8768-736ac035a5d3","local_time":"20190604003915","is_ascension_mode":true,"campfire_choices":[{"data":"Double Energy","floor":6.0,"key":"SMITH"},{"data":"Seek","floor":10.0,"key":"SMITH"},{"floor":12.0,"key":"REST"},{"data":"Defragment","floor":15.0,"key":"SMITH"},{"data":"Buffer","floor":23.0,"key":"SMITH"},{"data":"Go for the Eyes","floor":25.0,"key":"SMITH"},{"floor":29.0,"key":"REST"},{"data":"Seek","floor":32.0,"key":"SMITH"},{"data":"Blizzard","floor":40.0,"key":"SMITH"},{"floor":49.0,"key":"RECALL"},{"data":"Dualcast","floor":53.0,"key":"SMITH"}],"neow_cost":"NONE","seed_source_timestamp":697324175319900,"circlet_count":0,"master_deck":["AscendersBane","Zap+1","Dualcast+1","Gash","Double Energy+1","Echo Form+1","Streamline","Ball Lightning","Gash","Seek+1","Undo+1","Cold Snap","Defragment+1","Seek+1","Force Field","Buffer+1","Rebound","Go for the Eyes+1","Glacier","Machine Learning","Conserve Battery","Amplify","Fission","Blizzard+1","Havoc+1","Recycle+1","Entrench+1"],"special_seed":0,"relics":["Cracked Core","Singing Bowl","Pandora\u0027s Box","PrismaticShard","Tiny Chest","Old Coin","Runic Pyramid","Art of War","Turnip","Centennial Puzzle","Symbiotic Virus","Toxic Egg 2","Omamori","War Paint","Pear"],"potions_floor_usage":[56],"damage_taken":[{"damage":0.0,"enemies":"2 Louse","floor":1.0,"turns":2.0},{"damage":2.0,"enemies":"Cultist","floor":3.0,"turns":4.0},{"damage":9.0,"enemies":"Jaw Worm","floor":4.0,"turns":4.0},{"damage":8.0,"enemies":"Large Slime","floor":5.0,"turns":4.0},{"damage":11.0,"enemies":"Gremlin Nob","floor":7.0,"turns":3.0},{"damage":10.0,"enemies":"Exordium Thugs","floor":8.0,"turns":4.0},{"damage":0.0,"enemies":"3 Louse","floor":11.0,"turns":4.0},{"damage":0.0,"enemies":"Blue Slaver","floor":13.0,"turns":3.0},{"damage":16.0,"enemies":"Exordium Thugs","floor":14.0,"turns":5.0},{"damage":2.0,"enemies":"Slime Boss","floor":16.0,"turns":5.0},{"damage":0.0,"enemies":"Spheric Guardian","floor":18.0,"turns":5.0},{"damage":16.0,"enemies":"3 Byrds","floor":19.0,"turns":5.0},{"damage":14.0,"enemies":"Centurion and Healer","floor":20.0,"turns":6.0},{"damage":0.0,"enemies":"Snecko","floor":24.0,"turns":8.0},{"damage":2.0,"enemies":"Cultist and Chosen","floor":27.0,"turns":8.0},{"damage":0.0,"enemies":"Centurion and Healer","floor":28.0,"turns":6.0},{"damage":19.0,"enemies":"3 Cultists","floor":31.0,"turns":6.0},{"damage":0.0,"enemies":"Automaton","floor":33.0,"turns":11.0},{"damage":12.0,"enemies":"3 Darklings","floor":35.0,"turns":7.0},{"damage":0.0,"enemies":"3 Shapes","floor":39.0,"turns":8.0},{"damage":13.0,"enemies":"Giant Head","floor":41.0,"turns":10.0},{"damage":10.0,"enemies":"Jaw Worm Horde","floor":42.0,"turns":7.0},{"damage":11.0,"enemies":"Nemesis","floor":44.0,"turns":9.0},{"damage":1.0,"enemies":"Writhing Mass","floor":45.0,"turns":8.0},{"damage":15.0,"enemies":"Reptomancer","floor":46.0,"turns":6.0},{"damage":0.0,"enemies":"3 Darklings","floor":47.0,"turns":6.0},{"damage":25.0,"enemies":"Time Eater","floor":50.0,"turns":15.0},{"damage":32.0,"enemies":"Awakened One","floor":51.0,"turns":14.0},{"damage":16.0,"enemies":"Shield and Spear","floor":55.0,"turns":11.0},{"damage":60,"enemies":"The Heart","floor":56,"turns":12}],"seed_played":"8689601556207469374","potions_obtained":[{"floor":3.0,"key":"AttackPotion"},{"floor":5.0,"key":"LiquidBronze"},{"floor":8.0,"key":"SteroidPotion"},{"floor":13.0,"key":"Swift Potion"},{"floor":19.0,"key":"Swift Potion"},{"floor":31.0,"key":"Poison Potion"},{"floor":33.0,"key":"Weak Potion"},{"floor":39.0,"key":"FearPotion"},{"floor":44.0,"key":"Dexterity Potion"}],"is_trial":false,"path_per_floor":["M","?","M","M","M","R","E","M","T","R","M","R","M","M","R","B",null,"M","M","M","$","T","R","M","R","T","M","M","R","?","M","R","B",null,"M","$","?","?","M","R","E","M","T","E","M","E","M","?","R","B","B",null,"R","$","E","B"],"character_chosen":"DEFECT","items_purchased":["PrismaticShard","Blizzard","Art of War","Turnip","Recycle+1","War Paint","Poison Potion"],"campfire_rested":2,"item_purchase_floors":[21,36,36,36,54,54,54],"current_hp_per_floor":[64,64,62,53,45,45,34,24,24,24,24,45,45,31,31,29,62,62,48,36,36,36,36,38,38,38,38,38,62,62,45,45,45,74,64,64,64,64,66,66,55,47,47,38,39,24,26,80,80,55,23,66,66,66,60,0],"gold":82,"neow_bonus":"HUNDRED_GOLD","is_prod":false,"is_daily":false,"chose_seed":false,"campfire_upgraded":8,"win_rate":0,"timestamp":1559576355,"path_taken":["M","?","M","M","M","R","E","M","T","R","M","R","M","M","R","BOSS","M","?","M","$","?","R","M","R","T","M","M","R","?","M","R","BOSS","M","$","?","?","M","R","E","M","T","E","M","E","?","?","R","BOSS","BOSS","R","$","E","BOSS"],"build_version":"2019-01-23","purchased_purges":2,"victory":false,"max_hp_per_floor":[71,71,71,71,71,71,71,71,71,71,71,71,71,73,73,73,73,73,75,77,77,77,77,79,79,79,81,81,81,81,83,83,83,83,85,85,85,85,87,87,89,91,91,93,95,95,97,80,80,80,80,80,80,80,90,90],"card_choices":[{"not_picked":["Turbo","Undo"],"picked":"Gash","floor":1.0},{"not_picked":["Auto Shields","Hologram"],"picked":"Streamline","floor":3.0},{"not_picked":["Reprogram","Cold Snap"],"picked":"Ball Lightning","floor":4.0},{"not_picked":["Streamline","Compile Driver"],"picked":"Gash","floor":5.0},{"not_picked":["Hologram","Fusion"],"picked":"Seek","floor":7.0},{"not_picked":["BootSequence","Hologram"],"picked":"Undo","floor":8.0},{"not_picked":["Recycle","Redo"],"picked":"Cold Snap","floor":11.0},{"not_picked":["Ball Lightning","Chaos"],"picked":"Defragment","floor":13.0},{"not_picked":["Fusion","Barrage","Chaos"],"picked":"Singing Bowl","floor":14.0},{"not_picked":["Buffer","Creative AI"],"picked":"Seek","floor":16.0},{"not_picked":["White Noise","Ball Lightning"],"picked":"Conserve Battery","floor":18.0},{"not_picked":["Streamline","Go for the Eyes","Leap"],"picked":"Singing Bowl","floor":19.0},{"not_picked":["Ball Lightning","Streamline","Turbo"],"picked":"Singing Bowl","floor":20.0},{"not_picked":["Blade Dance","Accuracy","Poisoned Stab"],"picked":"Singing Bowl","floor":24.0},{"not_picked":["Warcry","Quick Slash+1","Turbo"],"picked":"Singing Bowl","floor":27.0},{"not_picked":["Deadly Poison+1","Cleave"],"picked":"Amplify","floor":28.0},{"not_picked":["FTL","Steam","Barrage"],"picked":"Singing Bowl","floor":31.0},{"not_picked":["Offering","A Thousand Cuts"],"picked":"Fission","floor":33.0},{"not_picked":["Melter","Prepared","Poisoned Stab"],"picked":"Singing Bowl","floor":35.0},{"not_picked":["Cleave","Feel No Pain","Perfected Strike"],"picked":"Singing Bowl","floor":39.0},{"not_picked":["Power Through","Sword Boomerang","Bane"],"picked":"Singing Bowl","floor":41.0},{"not_picked":["Shrug It Off","Double Tap","Sucker Punch"],"picked":"Singing Bowl","floor":42.0},{"not_picked":["Eviscerate","Dodge and Roll+1","Metallicize"],"picked":"Singing Bowl","floor":44.0},{"not_picked":["Riddle With Holes","Hello World","Twin Strike"],"picked":"Singing Bowl","floor":45.0},{"not_picked":["Pommel Strike","Reckless Charge"],"picked":"Havoc+1","floor":46.0},{"not_picked":["Dagger Throw","Endless Agony+1","Clash+1"],"picked":"Singing Bowl","floor":47.0},{"not_picked":["Skewer","Exhume+1"],"picked":"Entrench+1","floor":55.0}],"player_experience":5257963,"relics_obtained":[{"floor":7.0,"key":"Singing Bowl"},{"floor":22.0,"key":"Tiny Chest"},{"floor":26.0,"key":"Old Coin"},{"floor":41.0,"key":"Centennial Puzzle"},{"floor":43.0,"key":"Symbiotic Virus"},{"floor":44.0,"key":"Toxic Egg 2"},{"floor":46.0,"key":"Omamori"},{"floor":55.0,"key":"Pear"}],"event_choices":[{"damage_healed":0.0,"max_hp_gain":0.0,"max_hp_loss":0.0,"gold_gain":0.0,"event_name":"Match and Keep!","player_choice":"2 cards matched","floor":2.0,"gold_loss":0.0,"damage_taken":0.0,"cards_obtained":["Double Energy","Echo Form"]},{"damage_healed":0.0,"max_hp_gain":0.0,"max_hp_loss":0.0,"gold_gain":50.0,"event_name":"Nest","player_choice":"Stole From Cult","floor":30.0,"gold_loss":0.0,"damage_taken":0.0},{"damage_healed":0.0,"max_hp_gain":0.0,"max_hp_loss":0.0,"gold_gain":0.0,"event_name":"Mysterious Sphere","player_choice":"Ignored","floor":37.0,"gold_loss":0.0,"damage_taken":0.0},{"damage_healed":0.0,"max_hp_gain":0.0,"max_hp_loss":0.0,"gold_gain":0.0,"event_name":"Upgrade Shrine","player_choice":"Upgraded","floor":38.0,"gold_loss":0.0,"damage_taken":0.0,"cards_upgraded":["Echo Form"]},{"damage_healed":80.0,"max_hp_gain":0.0,"max_hp_loss":17.0,"gold_gain":0.0,"event_name":"The Moai Head","player_choice":"Heal","floor":48.0,"gold_loss":0.0,"damage_taken":0.0}],"is_beta":false,"boss_relics":[{"not_picked":["Ectoplasm","Runic Dome"],"picked":"Pandora\u0027s Box"},{"not_picked":["Fusion Hammer","Busted Crown"],"picked":"Runic Pyramid"}],"items_purged_floors":[21,36],"is_endless":false,"potions_floor_spawned":[3,5,8,13,19,31,33,39,44,45,47],"killed_by":"The Heart","ascension_level":20}