{"gold_per_floor":[114,128,143,143,143,143,171,171,216,230,305,37,89,14,14,14],"floor_reached":16,"playtime":419,"items_purged":[],"score":216,"play_id":"0e8fc701-0193-4a62-a401-a16576ef1947","local_time":"20190707010122","is_ascension_mode":true,"campfire_choices":[{"data":"Dagger Spray","floor":6,"key":"SMITH"},{"floor":8,"key":"REST"},{"floor":15,"key":"REST"}],"neow_cost":"NONE","seed_source_timestamp":353379176897600,"circlet_count":0,"master_deck":["AscendersBane","Strike_G","Strike_G","Strike_G","Strike_G+1","Defend_G","Defend_G","Defend_G+1","Defend_G","Survivor","Neutralize+1","Underhanded Strike","Dagger Spray+1","Masterful Stab","Flying Knee","Backflip","After Image","HandOfGreed","Malaise"],"relics":["Ring of the Snake","Anchor","Potion Belt","Pear"],"potions_floor_usage":[7,13,16],"damage_taken":[{"damage":3,"enemies":"2 Louse","floor":1,"turns":5},{"damage":5,"enemies":"Small Slimes","floor":2,"turns":5},{"damage":6,"enemies":"Cultist","floor":3,"turns":5},{"damage":17,"enemies":"3 Sentries","floor":7,"turns":7},{"damage":0,"enemies":"Looter","floor":10,"turns":3},{"damage":5,"enemies":"Lagavulin","floor":13,"turns":6},{"damage":50,"enemies":"Slime Boss","floor":16,"turns":8}],"seed_played":"8490794507569857888","potions_obtained":[{"floor":2,"key":"Swift Potion"},{"floor":7,"key":"Poison Potion"},{"floor":10,"key":"SpeedPotion"}],"is_trial":false,"path_per_floor":["M","M","M","?","?","R","E","R","T","M","?","$","E","?","R","B"],"character_chosen":"THE_SILENT","items_purchased":["After Image","HandOfGreed"],"campfire_rested":2,"item_purchase_floors":[12,12],"current_hp_per_floor":[56,51,45,25,18,18,1,20,20,20,9,9,14,14,36,0],"gold":14,"neow_bonus":"UPGRADE_CARD","is_prod":false,"is_daily":false,"chose_seed":false,"campfire_upgraded":1,"win_rate":0,"timestamp":1562428882,"path_taken":["M","M","M","?","?","R","E","R","T","M","?","$","E","?","R","BOSS"],"build_version":"2019-07-05","purchased_purges":0,"victory":false,"max_hp_per_floor":[66,66,66,66,66,66,66,66,66,66,66,66,76,76,76,76],"card_choices":[{"not_picked":["Backflip","Prepared"],"picked":"Underhanded Strike","floor":1},{"not_picked":["Escape Plan","Bane"],"picked":"Dagger Spray","floor":2},{"not_picked":["PiercingWail","Bane"],"picked":"Masterful Stab","floor":3},{"not_picked":["Deflect","Prepared"],"picked":"Flying Knee","floor":7},{"not_picked":["Flechettes","Flying Knee"],"picked":"Backflip","floor":10},{"not_picked":["Dash","Choke"],"picked":"Malaise","floor":13}],"player_experience":5599854,"relics_obtained":[{"floor":7,"key":"Anchor"},{"floor":9,"key":"Potion Belt"},{"floor":13,"key":"Pear"}],"event_choices":[{"damage_healed":0,"gold_gain":0,"player_choice":"Entered Light","damage_taken":20,"max_hp_gain":0,"max_hp_loss":0,"event_name":"Shining Light","floor":4,"gold_loss":0,"cards_upgraded":["Strike_G","Defend_G"]},{"cards_removed":["Strike_G"],"damage_healed":0,"gold_gain":0,"player_choice":"Card Removal","damage_taken":7,"max_hp_gain":0,"max_hp_loss":0,"event_name":"Golden Wing","floor":5,"gold_loss":0},{"damage_healed":0,"gold_gain":75,"player_choice":"Gather Gold","damage_taken":11,"max_hp_gain":0,"max_hp_loss":0,"event_name":"World of Goop","floor":11,"gold_loss":0},{"cards_removed":["Defend_G"],"damage_healed":0,"gold_gain":0,"player_choice":"Card Removal","damage_taken":0,"max_hp_gain":0,"max_hp_loss":0,"event_name":"The Cleric","floor":14,"gold_loss":75}],"is_beta":false,"boss_relics":[],"items_purged_floors":[],"is_endless":false,"potions_floor_spawned":[2,7,10],"killed_by":"Slime Boss","ascension_level":20}