{"gold_per_floor":[109,126,20,35,87,121,296,296,319,319,319,337,369,54,54,154,154,164,24,37,47,62,62,77,105,105,105],"floor_reached":27,"playtime":1586,"items_purged":["Doubt","Strike_R"],"score":328,"play_id":"efe6a16b-cdaa-4d47-9807-d61bb1a66215","local_time":"20190716142306","is_ascension_mode":true,"campfire_choices":[{"floor":8,"key":"REST"},{"floor":11,"key":"REST"},{"data":"Hemokinesis","floor":15,"key":"SMITH"},{"floor":23,"key":"REST"}],"neow_cost":"NONE","seed_source_timestamp":71467699179600,"circlet_count":0,"master_deck":["Strike_R","Strike_R","Strike_R","Strike_R","Defend_R","Defend_R","Defend_R","Defend_R","Bash","Limit Break","Heavy Blade","True Grit","Pommel Strike","Rage","Iron Wave","Ghostly Armor","Hemokinesis+1","Corruption","Clothesline","Demon Form","Infernal Blade","Feel No Pain","Shrug It Off+1","Seeing Red","Twin Strike+1","Blood for Blood"],"relics":["Burning Blood","Anchor","Blood Vial","Juzu Bracelet","Bag of Marbles","Philosopher\u0027s Stone","WingedGreaves","Question Card"],"potions_floor_usage":[16,20,25,25],"damage_taken":[{"damage":6,"enemies":"Cultist","floor":1,"turns":3},{"damage":6,"enemies":"2 Louse","floor":2,"turns":3},{"damage":12,"enemies":"Small Slimes","floor":4,"turns":4},{"damage":47,"enemies":"Lagavulin","floor":6,"turns":9},{"damage":4,"enemies":"2 Fungi Beasts","floor":12,"turns":6},{"damage":39,"enemies":"3 Sentries","floor":13,"turns":13},{"damage":39,"enemies":"The Guardian","floor":16,"turns":9},{"damage":11,"enemies":"Shell Parasite","floor":18,"turns":6},{"damage":43,"enemies":"3 Byrds","floor":20,"turns":8},{"damage":0,"enemies":"Snecko","floor":21,"turns":4},{"damage":13,"enemies":"Centurion and Healer","floor":22,"turns":8},{"damage":43,"enemies":"Shelled Parasite and Fungi","floor":24,"turns":8},{"damage":10,"enemies":"Slavers","floor":25,"turns":6},{"damage":42,"enemies":"Book of Stabbing","floor":27,"turns":4}],"seed_played":"1382704326162284012","potions_obtained":[{"floor":2,"key":"GamblersBrew"},{"floor":6,"key":"BloodPotion"},{"floor":10,"key":"AttackPotion"},{"floor":10,"key":"Explosive Potion"},{"floor":12,"key":"PowerPotion"},{"floor":16,"key":"Energy Potion"},{"floor":21,"key":"SpeedPotion"}],"is_trial":false,"path_per_floor":["M","M","$","M","?","E","?","R","T","?","R","M","E","$","R","B",null,"M","$","M","M","M","R","M","E","T","E"],"character_chosen":"IRONCLAD","items_purchased":["Pommel Strike","Rage","Corruption","Clothesline","Bag of Marbles","Feel No Pain"],"campfire_rested":3,"item_purchase_floors":[3,3,14,14,14,19],"current_hp_per_floor":[72,72,72,66,66,25,25,49,49,49,73,77,46,46,46,15,64,61,61,46,54,49,73,38,36,36,0],"gold":105,"neow_bonus":"ONE_RANDOM_RARE_CARD","is_prod":false,"is_daily":false,"chose_seed":false,"campfire_upgraded":1,"win_rate":0,"timestamp":1563301386,"path_taken":["M","?","$","M","?","E","?","R","T","?","R","?","E","$","R","BOSS","M","$","M","M","M","R","M","E","T","E"],"build_version":"2019-07-05","purchased_purges":2,"victory":false,"max_hp_per_floor":[80,80,80,80,80,80,80,80,80,80,80,80,80,80,80,80,80,80,80,80,80,80,80,80,80,80,80],"card_choices":[{"not_picked":["Body Slam","Evolve"],"picked":"Heavy Blade","floor":1},{"not_picked":["Havoc","Armaments"],"picked":"True Grit","floor":2},{"not_picked":["Heavy Blade","Exhume"],"picked":"Iron Wave","floor":4},{"not_picked":["Havoc","Flex"],"picked":"Ghostly Armor","floor":6},{"not_picked":["Armaments","Shockwave","Clash"],"picked":"SKIP","floor":12},{"not_picked":["Dual Wield","Heavy Blade"],"picked":"Hemokinesis","floor":13},{"not_picked":["Fiend Fire","Juggernaut"],"picked":"Demon Form","floor":16},{"not_picked":["Blood for Blood","Sword Boomerang"],"picked":"Infernal Blade","floor":18},{"not_picked":["Warcry","Havoc"],"picked":"Shrug It Off+1","floor":20},{"not_picked":["Carnage+1","Anger","Warcry"],"picked":"SKIP","floor":21},{"not_picked":["Searing Blow+1","Second Wind+1"],"picked":"Seeing Red","floor":22},{"not_picked":["Ghostly Armor","True Grit"],"picked":"Twin Strike+1","floor":24},{"not_picked":["Feed","Perfected Strike"],"picked":"Blood for Blood","floor":25}],"player_experience":234894,"relics_obtained":[{"floor":6,"key":"Anchor"},{"floor":9,"key":"Blood Vial"},{"floor":13,"key":"Juzu Bracelet"},{"floor":25,"key":"WingedGreaves"},{"floor":26,"key":"Question Card"}],"event_choices":[{"damage_healed":0,"gold_gain":52,"player_choice":"Gained Gold","damage_taken":0,"max_hp_gain":0,"max_hp_loss":0,"event_name":"Golden Wing","floor":5,"gold_loss":0},{"damage_healed":0,"gold_gain":175,"player_choice":"AGREE","damage_taken":0,"max_hp_gain":0,"max_hp_loss":0,"event_name":"Liars Game","floor":7,"gold_loss":0,"cards_obtained":["Doubt"]},{"damage_healed":0,"gold_gain":0,"player_choice":"Got Potions","damage_taken":0,"max_hp_gain":0,"max_hp_loss":0,"event_name":"Lab","floor":10,"gold_loss":0}],"is_beta":false,"boss_relics":[{"not_picked":["Empty Cage","Pandora\u0027s Box"],"picked":"Philosopher\u0027s Stone"}],"items_purged_floors":[14,19],"is_endless":false,"potions_floor_spawned":[2,6,12,16,21,22,24],"killed_by":"Book of Stabbing","ascension_level":7}