{"gold_per_floor":[115,133,149,149,74,108,123,135,135,135],"floor_reached":10,"playtime":345,"items_purged":["Strike_B"],"score":74,"play_id":"ff5f8e1f-77a0-4e27-9a7a-14cdb264a476","local_time":"20190720130044","is_ascension_mode":true,"campfire_choices":[],"neow_cost":"NONE","seed_source_timestamp":846205546701300,"circlet_count":0,"master_deck":["Strike_B","Strike_B","Strike_B","Defend_B","Defend_B","Defend_B","Defend_B","Zap","Dualcast","Fusion+1","Redo","Loop","Recycle","Compile Driver","Force Field"],"relics":["Cracked Core","Pocketwatch"],"potions_floor_usage":[6,10],"damage_taken":[{"damage":0,"enemies":"Cultist","floor":1,"turns":3},{"damage":2,"enemies":"2 Louse","floor":2,"turns":3},{"damage":0,"enemies":"Small Slimes","floor":3,"turns":4},{"damage":49,"enemies":"Gremlin Nob","floor":6,"turns":5},{"damage":10,"enemies":"Exordium Thugs","floor":7,"turns":4},{"damage":10,"enemies":"3 Louse","floor":8,"turns":3},{"damage":13,"enemies":"3 Sentries","floor":10,"turns":2}],"seed_played":"-8150205608029213757","potions_obtained":[{"floor":3,"key":"Weak Potion"},{"floor":6,"key":"Energy Potion"}],"is_trial":false,"path_per_floor":["M","M","M","?","$","E","M","M","T","E"],"character_chosen":"DEFECT","items_purchased":[],"campfire_rested":0,"item_purchase_floors":[],"current_hp_per_floor":[82,80,80,80,80,31,21,11,11,0],"gold":135,"neow_bonus":"TEN_PERCENT_HP_BONUS","is_prod":false,"is_daily":false,"chose_seed":false,"campfire_upgraded":0,"win_rate":0,"timestamp":1563645644,"path_taken":["M","M","?","?","$","E","M","M","T","E"],"build_version":"2019-07-17","purchased_purges":1,"victory":false,"max_hp_per_floor":[82,82,82,82,82,82,82,82,82,82],"card_choices":[{"not_picked":["Stack","Steam"],"picked":"Fusion","floor":1},{"not_picked":["Ball Lightning","Stack"],"picked":"Redo","floor":2},{"not_picked":["Barrage","Fusion"],"picked":"Loop","floor":3},{"not_picked":["Sweeping Beam","Coolheaded"],"picked":"Recycle","floor":6},{"not_picked":["Steam","Beam Cell"],"picked":"Compile Driver","floor":7},{"not_picked":["Stack","Steam"],"picked":"Force Field","floor":8}],"player_experience":111111,"relics_obtained":[{"floor":6,"key":"Pocketwatch"}],"event_choices":[{"damage_healed":0,"gold_gain":0,"player_choice":"Upgraded","damage_taken":0,"max_hp_gain":0,"max_hp_loss":0,"event_name":"Upgrade Shrine","floor":4,"gold_loss":0,"cards_upgraded":["Fusion"]}],"is_beta":false,"boss_relics":[],"items_purged_floors":[5],"is_endless":false,"potions_floor_spawned":[3,6],"killed_by":"3 Sentries","ascension_level":1}