{"gold_per_floor":[118,130,141,216,233,233,263,263,288,317,331,5,5,5,5,77,77,97,97,22,22,42,71,71,89,115,115,115,115,115,315,315,387,387,400,416,75,75,92,92,118,133,159,171,171,171,187,211,211,211,211,211,211,25,50,50],"floor_reached":57,"playtime":3217,"items_purged":["Defend_B","Darkness+1"],"score":2741,"play_id":"5f2115ea-4bd8-49a9-b01a-eec98caf33f7","local_time":"20190705010937","is_ascension_mode":true,"campfire_choices":[{"data":"Darkness","floor":6.0,"key":"SMITH"},{"floor":8.0,"key":"REST"},{"data":"Mayhem","floor":13.0,"key":"SMITH"},{"floor":15.0,"key":"REST"},{"data":"Buffer","floor":24.0,"key":"SMITH"},{"data":"Defragment","floor":28.0,"key":"SMITH"},{"data":"Undo","floor":32.0,"key":"SMITH"},{"floor":40.0,"key":"RECALL"},{"floor":45.0,"key":"REST"},{"data":"Skim","floor":49.0,"key":"SMITH"},{"data":"Coolheaded","floor":53.0,"key":"SMITH"}],"neow_cost":"NONE","seed_source_timestamp":178129619629500,"circlet_count":0,"master_deck":["AscendersBane","Zap+1","Dualcast","Reboot","White Noise","Conserve Battery","Self Repair","Buffer+1","BootSequence","Mayhem+1","Coolheaded+1","Meteor Strike","Seek","Undo+1","Double Energy","Static Discharge","Coolheaded+1","Defragment+1","Meteor Strike","Chill+1","Mayhem","Mayhem","Glacier+1","Skim+1"],"special_seed":0,"relics":["Cracked Core","Anchor","Bag of Preparation","Pen Nib","Pandora\u0027s Box","Ancient Tea Set","Singing Bowl","Empty Cage","Lantern","Happy Flower","Molten Egg 2","Dream Catcher","Vajra","Centennial Puzzle"],"potions_floor_usage":[55],"damage_taken":[{"damage":0.0,"enemies":"Cultist","floor":1.0,"turns":3.0},{"damage":5.0,"enemies":"2 Louse","floor":2.0,"turns":3.0},{"damage":7.0,"enemies":"Jaw Worm","floor":3.0,"turns":4.0},{"damage":8.0,"enemies":"Looter","floor":5.0,"turns":5.0},{"damage":25.0,"enemies":"Lagavulin","floor":7.0,"turns":8.0},{"damage":10.0,"enemies":"3 Sentries","floor":10.0,"turns":9.0},{"damage":0.0,"enemies":"2 Fungi Beasts","floor":11.0,"turns":3.0},{"damage":2.0,"enemies":"The Guardian","floor":16.0,"turns":10.0},{"damage":0.0,"enemies":"2 Thieves","floor":18.0,"turns":4.0},{"damage":19.0,"enemies":"Chosen","floor":22.0,"turns":4.0},{"damage":0.0,"enemies":"Book of Stabbing","floor":23.0,"turns":4.0},{"damage":0.0,"enemies":"Centurion and Healer","floor":25.0,"turns":5.0},{"damage":1.0,"enemies":"Automaton","floor":33.0,"turns":8.0},{"damage":22.0,"enemies":"3 Darklings","floor":35.0,"turns":6.0},{"damage":4.0,"enemies":"Orb Walker","floor":36.0,"turns":5.0},{"damage":0.0,"enemies":"Writhing Mass","floor":39.0,"turns":5.0},{"damage":19.0,"enemies":"Nemesis","floor":41.0,"turns":7.0},{"damage":7.0,"enemies":"Jaw Worm Horde","floor":42.0,"turns":5.0},{"damage":8.0,"enemies":"4 Shapes","floor":44.0,"turns":6.0},{"damage":0.0,"enemies":"Spire Growth","floor":47.0,"turns":7.0},{"damage":11.0,"enemies":"Donu and Deca","floor":50.0,"turns":10.0},{"damage":50.0,"enemies":"Awakened One","floor":51.0,"turns":6.0},{"damage":0,"enemies":"Shield and Spear","floor":55,"turns":5},{"damage":76,"enemies":"The Heart","floor":56,"turns":9}],"seed_played":"-2292533651257203399","potions_obtained":[{"floor":1.0,"key":"EssenceOfSteel"},{"floor":5.0,"key":"Energy Potion"},{"floor":7.0,"key":"SpeedPotion"},{"floor":10.0,"key":"Weak Potion"},{"floor":16.0,"key":"Energy Potion"},{"floor":23.0,"key":"SteroidPotion"},{"floor":25.0,"key":"Dexterity Potion"},{"floor":39.0,"key":"Explosive Potion"}],"is_trial":false,"path_per_floor":["M","M","M","?","M","R","E","R","T","E","M","$","R","?","R","B",null,"M","?","?","?","M","E","R","M","T","?","R","T","?","?","R","B",null,"M","M","$","?","M","R","E","M","T","M","R","?","M","T","R","B","B",null,"R","$","E","B",null],"character_chosen":"DEFECT","items_purchased":["Mayhem","Coolheaded","Lantern","Happy Flower","GamblersBrew"],"campfire_rested":3,"item_purchase_floors":[12,12,37,37,54],"current_hp_per_floor":[64,59,52,41,33,33,8,29,29,26,40,40,40,19,40,45,65,71,71,71,71,59,66,66,71,71,71,71,71,51,51,51,57,71,58,61,61,53,62,62,52,52,52,51,78,78,87,87,87,83,40,76,76,76,85,16],"gold":50,"neow_bonus":"ONE_RANDOM_RARE_CARD","is_prod":false,"is_daily":false,"chose_seed":false,"campfire_upgraded":7,"win_rate":0,"timestamp":1562256577,"path_taken":["M","M","M","?","M","R","E","R","T","E","M","$","R","?","R","BOSS","M","?","?","?","?","E","R","M","T","?","R","?","?","?","R","BOSS","M","?","$","?","M","R","E","M","T","M","R","?","M","?","R","BOSS","BOSS","R","$","E","BOSS"],"build_version":"2019-07-01","purchased_purges":2,"victory":true,"max_hp_per_floor":[71,71,71,71,71,71,71,71,71,71,71,71,71,71,71,71,71,71,71,71,71,71,71,71,71,71,71,71,71,76,76,76,76,76,78,78,78,80,82,82,84,84,84,84,86,86,88,88,88,88,88,88,88,88,90,90],"card_choices":[{"not_picked":["Heatsinks","Stack"],"picked":"Auto Shields","floor":1.0},{"not_picked":["Rebound","Compile Driver"],"picked":"White Noise","floor":2.0},{"not_picked":["Turbo","Heatsinks"],"picked":"Conserve Battery","floor":3.0},{"not_picked":["Storm","Lockon"],"picked":"Darkness","floor":5.0},{"not_picked":["Redo","Go for the Eyes"],"picked":"Self Repair","floor":7.0},{"not_picked":["Rebound","Coolheaded"],"picked":"Buffer","floor":10.0},{"not_picked":["Rip and Tear","Turbo"],"picked":"BootSequence","floor":11.0},{"not_picked":["Multi-Cast","Hyperbeam"],"picked":"Meteor Strike","floor":16.0},{"not_picked":["Gash","Lockon","Steam Power+1"],"picked":"SKIP","floor":18.0},{"not_picked":["Leap","Gash+1"],"picked":"Coolheaded+1","floor":22.0},{"not_picked":["Redo","Coolheaded","Streamline"],"picked":"SKIP","floor":23.0},{"not_picked":["Redo","Coolheaded","Streamline"],"picked":"SKIP","floor":23.0},{"not_picked":["Melter+1","Chill","Leap"],"picked":"SKIP","floor":25.0},{"not_picked":["Electrodynamics","Creative AI"],"picked":"Meteor Strike","floor":33.0},{"not_picked":["Go for the Eyes+1","Rebound","Streamline+1"],"picked":"Singing Bowl","floor":35.0},{"not_picked":["Compile Driver","Sweeping Beam"],"picked":"Chill+1","floor":36.0},{"not_picked":["Impatience","Panache"],"picked":"Mayhem","floor":38.0},{"not_picked":["Discovery","Trip","Dramatic Entrance"],"picked":"Singing Bowl","floor":38.0},{"not_picked":["Dramatic Entrance","Discovery"],"picked":"Mayhem","floor":38.0},{"not_picked":["Hologram+1","Compile Driver","Cold Snap+1"],"picked":"Singing Bowl","floor":39.0},{"not_picked":["Self Repair","Lockon","BootSequence"],"picked":"Singing Bowl","floor":41.0},{"not_picked":["Stack","Leap"],"picked":"Glacier+1","floor":42.0},{"not_picked":["Recycle+1","Compile Driver+1"],"picked":"Skim","floor":44.0},{"not_picked":["Auto Shields","Blizzard+1","Seek"],"picked":"Singing Bowl","floor":45.0},{"not_picked":["Cold Snap+1","Sweeping Beam+1","Lockon+1"],"picked":"Singing Bowl","floor":47.0},{"not_picked":["Leap","Turbo+1","Hologram+1"],"picked":"Singing Bowl","floor":55}],"player_experience":5585132,"relics_obtained":[{"floor":7.0,"key":"Anchor"},{"floor":9.0,"key":"Bag of Preparation"},{"floor":10.0,"key":"Pen Nib"},{"floor":23.0,"key":"Ancient Tea Set"},{"floor":29.0,"key":"Singing Bowl"},{"floor":41.0,"key":"Molten Egg 2"},{"floor":43.0,"key":"Dream Catcher"},{"floor":48.0,"key":"Vajra"},{"floor":55,"key":"Centennial Puzzle"}],"event_choices":[{"damage_healed":0.0,"max_hp_gain":0.0,"max_hp_loss":0.0,"gold_gain":75.0,"event_name":"World of Goop","player_choice":"Gather Gold","floor":4.0,"gold_loss":0.0,"damage_taken":11.0},{"damage_healed":0.0,"max_hp_gain":0.0,"max_hp_loss":0.0,"gold_gain":0.0,"event_name":"Shining Light","player_choice":"Entered Light","floor":14.0,"gold_loss":0.0,"damage_taken":21.0,"cards_upgraded":["Defend_B","Zap"]},{"damage_healed":0.0,"max_hp_gain":0.0,"max_hp_loss":0.0,"gold_gain":0.0,"event_name":"Ghosts","player_choice":"Ignored","floor":19.0,"gold_loss":0.0,"damage_taken":0.0},{"cards_removed":["Scrape"],"damage_healed":0.0,"max_hp_gain":0.0,"max_hp_loss":0.0,"gold_gain":0.0,"event_name":"Beggar","player_choice":"Gave Gold","floor":20.0,"gold_loss":75.0,"damage_taken":0.0},{"damage_healed":0.0,"max_hp_gain":0.0,"max_hp_loss":0.0,"gold_gain":0.0,"cards_transformed":["Aggregate"],"event_name":"Transmorgrifier","player_choice":"Transformed","floor":21.0,"gold_loss":0.0,"damage_taken":0.0,"cards_obtained":["Static Discharge"]},{"damage_healed":0.0,"max_hp_gain":0.0,"max_hp_loss":0.0,"gold_gain":0.0,"cards_transformed":["Auto Shields","Rebound"],"event_name":"Drug Dealer","player_choice":"Became Test Subject","floor":27.0,"gold_loss":0.0,"damage_taken":0.0,"cards_obtained":["Defragment","Sweeping Beam"]},{"damage_healed":0.0,"max_hp_gain":5.0,"max_hp_loss":0.0,"gold_gain":0.0,"event_name":"Forgotten Altar","player_choice":"Shed Blood","floor":30.0,"gold_loss":0.0,"damage_taken":25.0},{"damage_healed":0.0,"max_hp_gain":0.0,"max_hp_loss":0.0,"gold_gain":250.0,"event_name":"The Joust","player_choice":"Bet on Owner","floor":31.0,"gold_loss":50.0,"damage_taken":0.0},{"damage_healed":0.0,"max_hp_gain":0.0,"max_hp_loss":0.0,"gold_gain":0.0,"event_name":"SensoryStone","player_choice":"Memory 3","floor":38.0,"gold_loss":0.0,"damage_taken":10.0},{"damage_healed":0.0,"max_hp_gain":0.0,"max_hp_loss":0.0,"gold_gain":0.0,"event_name":"Tomb of Lord Red Mask","player_choice":"Ignored","floor":46.0,"gold_loss":0.0,"damage_taken":0.0}],"is_beta":false,"boss_relics":[{"not_picked":["White Beast Statue","Runic Dome"],"picked":"Pandora\u0027s Box"},{"not_picked":["Tiny House","Fusion Hammer"],"picked":"Empty Cage"}],"items_purged_floors":[12,54],"is_endless":false,"potions_floor_spawned":[1,5,7,10,16,23,25,39,42,44],"ascension_level":20}