{"gold_per_floor":[112,128,141,158,118,118,144,144,170,207,239,176,213,239,251,341,353,379,441,378,305,317,329,352,364],"floor_reached":25,"playtime":575,"items_purged":[],"score":522,"play_id":"afce8f09-4fe7-45be-9163-a9965c7e32fe","local_time":"20190527014122","is_ascension_mode":true,"campfire_choices":[{"data":"Panacea","floor":6,"key":"SMITH"},{"data":"Flex","floor":8,"key":"SMITH"},{"data":"Inflame","floor":15,"key":"SMITH"},{"data":"Uppercut","floor":23,"key":"SMITH"}],"neow_cost":"","seed_source_timestamp":13163834806300,"circlet_count":0,"master_deck":["Panacea+1","Berserk","Berserk","Defend_R","Defend_R","Defend_R","Defend_R","Bash","Strike_R","Strike_R","Pommel Strike","Sword Boomerang","Flex+1","Sword Boomerang","Immolate","Uppercut+1","Inflame+1","Reaper","Corruption+1","Dual Wield"],"relics":["Burning Blood","Dream Catcher","MawBank","Art of War","Red Skull","Black Star","Vajra"],"potions_floor_usage":[7,10,24,24],"damage_taken":[{"damage":18,"enemies":"Small Slimes","floor":1,"turns":5},{"damage":0,"enemies":"Cultist","floor":2,"turns":3},{"damage":8,"enemies":"2 Louse","floor":3,"turns":3},{"damage":22,"enemies":"Exordium Wildlife","floor":4,"turns":5},{"damage":12,"enemies":"Gremlin Nob","floor":7,"turns":3},{"damage":5,"enemies":"3 Sentries","floor":10,"turns":2},{"damage":4,"enemies":"Blue Slaver","floor":11,"turns":2},{"damage":4,"enemies":"Looter","floor":14,"turns":3},{"damage":0,"enemies":"Slime Boss","floor":16,"turns":5},{"damage":28,"enemies":"Spheric Guardian","floor":18,"turns":4},{"damage":65,"enemies":"3 Byrds","floor":24,"turns":5},{"damage":30,"enemies":"Shelled Parasite and Fungi","floor":25,"turns":2}],"seed_played":"447944268633373986","potions_obtained":[{"floor":2,"key":"SneckoOil"},{"floor":3,"key":"Explosive Potion"},{"floor":5,"key":"Strength Potion"},{"floor":7,"key":"GamblersBrew"},{"floor":11,"key":"Regen Potion"}],"is_trial":true,"path_per_floor":["M","M","M","M","?","R","E","R","T","E","M","?","T","M","R","B",null,"M","?","?","?","?","R","M","M"],"character_chosen":"IRONCLAD","items_purchased":[],"campfire_rested":0,"item_purchase_floors":[],"current_hp_per_floor":[56,62,60,44,44,44,38,38,38,39,41,41,41,43,43,49,69,47,47,47,47,47,47,27,0],"gold":364,"neow_bonus":"","is_prod":false,"is_daily":false,"chose_seed":false,"campfire_upgraded":4,"win_rate":0,"timestamp":1558888882,"path_taken":["M","M","M","M","?","R","E","R","T","E","?","?","?","M","R","BOSS","M","?","?","?","?","R","M","?"],"build_version":"2019-01-23","purchased_purges":0,"victory":false,"max_hp_per_floor":[75,75,75,75,75,75,75,75,75,75,75,75,75,75,75,75,75,75,75,75,75,75,75,75,75],"card_choices":[{"not_picked":["Shrug It Off","Twin Strike"],"picked":"Pommel Strike","floor":1},{"not_picked":["Dropkick","Flex"],"picked":"Sword Boomerang","floor":2},{"not_picked":["Shrug It Off","Body Slam"],"picked":"Flex","floor":3},{"not_picked":["Wild Strike","Hemokinesis"],"picked":"Sword Boomerang","floor":4},{"not_picked":["Sever Soul","Cleave"],"picked":"Immolate","floor":7},{"not_picked":["Iron Wave","Fire Breathing"],"picked":"Uppercut","floor":10},{"not_picked":["Anger","Thunderclap"],"picked":"Inflame","floor":11},{"not_picked":["Flex","Twin Strike","Rampage"],"picked":"SKIP","floor":14},{"not_picked":["Demon Form","Offering"],"picked":"Reaper","floor":16},{"not_picked":["Flex","Pommel Strike"],"picked":"Corruption+1","floor":18},{"not_picked":["Infernal Blade","Rupture"],"picked":"Dual Wield","floor":24}],"player_experience":5167269,"relics_obtained":[{"floor":7,"key":"Dream Catcher"},{"floor":9,"key":"MawBank"},{"floor":10,"key":"Art of War"},{"floor":13,"key":"Red Skull"}],"event_choices":[{"damage_healed":0,"gold_gain":0,"player_choice":"Bought 3 Potions","damage_taken":0,"max_hp_gain":0,"max_hp_loss":0,"event_name":"The Woman in Blue","floor":5,"gold_loss":0},{"cards_removed":["Strike_R"],"damage_healed":0,"gold_gain":0,"player_choice":"Card Removal","damage_taken":0,"max_hp_gain":0,"max_hp_loss":0,"event_name":"The Cleric","floor":12,"gold_loss":75},{"damage_healed":0,"gold_gain":50,"player_choice":"Stole From Cult","damage_taken":0,"max_hp_gain":0,"max_hp_loss":0,"event_name":"Nest","floor":19,"gold_loss":0},{"cards_removed":["Strike_R"],"damage_healed":0,"gold_gain":0,"player_choice":"Gave Gold","damage_taken":0,"max_hp_gain":0,"max_hp_loss":0,"event_name":"Beggar","floor":20,"gold_loss":75},{"damage_healed":0,"gold_gain":0,"player_choice":"Obtained Relic","damage_taken":0,"relics_obtained":["Vajra"],"max_hp_gain":0,"max_hp_loss":0,"event_name":"Addict","floor":21,"gold_loss":85},{"cards_removed":["Strike_R"],"damage_healed":0,"gold_gain":0,"player_choice":"Purged","damage_taken":0,"max_hp_gain":0,"max_hp_loss":0,"event_name":"Purifier","floor":22,"gold_loss":0}],"is_beta":false,"boss_relics":[{"not_picked":["Runic Dome","Pandora\u0027s Box"],"picked":"Black Star"}],"items_purged_floors":[],"is_endless":false,"potions_floor_spawned":[2,3,7,11,14],"killed_by":"Shelled Parasite and Fungi","ascension_level":20}