{"gold_per_floor":[16,16,16,16,27,27,37,37,37,37,37,56,70,99,99,99],"floor_reached":16,"playtime":522,"items_purged":[],"score":100,"play_id":"64ddfadf-6963-4315-b553-52be0a46d8ea","local_time":"20190708010456","is_ascension_mode":false,"campfire_choices":[{"data":"Bash","floor":6,"key":"SMITH"},{"data":"Defend_R","floor":10,"key":"SMITH"},{"data":"Defend_R","floor":15,"key":"SMITH"}],"neow_cost":"NO_GOLD","seed_source_timestamp":1426152765770412,"circlet_count":0,"master_deck":["Strike_R","Strike_R","Defend_R+1","Defend_R","Defend_R","Defend_R+1","Bash+1","Dual Wield"],"relics":["Burning Blood","Magic Flower","Meat on the Bone"],"potions_floor_usage":[14,14,14],"damage_taken":[{"damage":0,"enemies":"2 Louse","floor":1,"turns":5},{"damage":6,"enemies":"Jaw Worm","floor":5,"turns":5},{"damage":10,"enemies":"Small Slimes","floor":7,"turns":4},{"damage":6,"enemies":"3 Louse","floor":12,"turns":5},{"damage":13,"enemies":"Blue Slaver","floor":13,"turns":6},{"damage":23,"enemies":"3 Sentries","floor":14,"turns":13},{"damage":90,"enemies":"Slime Boss","floor":16,"turns":11}],"seed_played":"6312450204260247373","potions_obtained":[{"floor":5,"key":"GamblersBrew"},{"floor":7,"key":"Regen Potion"},{"floor":12,"key":"Dexterity Potion"},{"floor":13,"key":"Weak Potion"}],"is_trial":false,"path_per_floor":["M","?","?","?","M","R","M","?","T","R","$","M","M","E","R","B"],"character_chosen":"IRONCLAD","items_purchased":[],"campfire_rested":0,"item_purchase_floors":[],"current_hp_per_floor":[80,80,85,85,85,85,81,81,81,81,81,84,80,85,85,0],"gold":99,"neow_bonus":"REMOVE_TWO","is_prod":false,"is_daily":false,"chose_seed":false,"campfire_upgraded":3,"win_rate":0,"timestamp":1562544296,"path_taken":["M","?","?","?","M","R","M","?","T","R","$","M","M","E","R","BOSS"],"build_version":"2019-07-05","purchased_purges":0,"victory":false,"max_hp_per_floor":[80,80,85,85,85,85,85,85,85,85,85,85,85,85,85,85],"card_choices":[{"not_picked":["Havoc","Perfected Strike","Cleave"],"picked":"SKIP","floor":1},{"not_picked":["Armaments","Clothesline","Corruption"],"picked":"SKIP","floor":5},{"not_picked":["Perfected Strike","Metallicize"],"picked":"Dual Wield","floor":7},{"not_picked":["Anger","Thunderclap","Cleave"],"picked":"SKIP","floor":12},{"not_picked":["Perfected Strike","Twin Strike","Pommel Strike"],"picked":"SKIP","floor":13},{"not_picked":["Rage","Dark Embrace","Second Wind"],"picked":"SKIP","floor":14}],"player_experience":258187,"relics_obtained":[{"floor":9,"key":"Magic Flower"},{"floor":14,"key":"Meat on the Bone"}],"event_choices":[{"cards_removed":["Strike_R"],"damage_healed":0,"gold_gain":0,"player_choice":"Forget","damage_taken":0,"max_hp_gain":0,"max_hp_loss":0,"event_name":"Living Wall","floor":2,"gold_loss":0},{"damage_healed":0,"gold_gain":0,"player_choice":"Donut","damage_taken":0,"max_hp_gain":5,"max_hp_loss":0,"event_name":"Big Fish","floor":3,"gold_loss":0},{"damage_healed":0,"gold_gain":0,"player_choice":"Ignored","damage_taken":0,"max_hp_gain":0,"max_hp_loss":0,"event_name":"Shining Light","floor":4,"gold_loss":0},{"damage_healed":0,"gold_gain":0,"player_choice":"Searched \u00270\u0027 times","damage_taken":0,"max_hp_gain":0,"max_hp_loss":0,"event_name":"Dead Adventurer","floor":8,"gold_loss":0}],"is_beta":false,"boss_relics":[],"items_purged_floors":[],"is_endless":false,"potions_floor_spawned":[5,7,12,13],"killed_by":"Slime Boss","ascension_level":0}