{"gold_per_floor":[117,42,42,117,137,170,170,182,182,182,27,59,59,76,76,154,154,166,178,178,228,153,153,153,169,169,25,43,73,73,106,106,177,177,190,190,190,210,210,241,241,258,258,43,43,56,73,103,103,103,103,103,103,53,86,86],"floor_reached":57,"playtime":1464,"items_purged":["Defend_B","Decay","Dualcast"],"score":3272,"play_id":"e3217855-2bb7-4ce7-9b89-ff9f5f04d02b","local_time":"20190620022630","is_ascension_mode":true,"campfire_choices":[{"floor":7,"key":"REST"},{"data":"Steam Power","floor":10,"key":"SMITH"},{"data":"Dark Embrace","floor":13,"key":"SMITH"},{"data":"Steam Power","floor":15,"key":"SMITH"},{"data":"Seek","floor":23,"key":"SMITH"},{"data":"Steam Power","floor":30,"key":"SMITH"},{"data":"Reboot","floor":32,"key":"SMITH"},{"data":"Feel No Pain","floor":41,"key":"SMITH"},{"floor":49,"key":"RECALL"},{"data":"Seek","floor":53,"key":"SMITH"}],"neow_cost":"","seed_source_timestamp":109437028784800,"circlet_count":0,"master_deck":["Mayhem","Grand Finale+1","Dark Embrace+1","Feel No Pain+1","Steam Power+1","Steam Power+1","Zap","Defend_B","Strike_B+1","Reboot+1","Seek+1","Chill","Steam Power+1","Seek+1"],"relics":["Cracked Core","Medical Kit","Bottled Flame","Bottled Tornado","Ginger","Strawberry","Empty Cage","Potion Belt","Tiny Chest","Smiling Mask","Coffee Dripper","Anchor","Blue Candle","TheAbacus","Whetstone","Boot"],"potions_floor_usage":[14,16,31,56,56,56,56],"damage_taken":[{"damage":16,"enemies":"2 Louse","floor":1,"turns":5},{"damage":24,"enemies":"Small Slimes","floor":5,"turns":5},{"damage":17,"enemies":"3 Sentries","floor":6,"turns":6},{"damage":7,"enemies":"Jaw Worm","floor":8,"turns":5},{"damage":5,"enemies":"Gremlin Nob","floor":12,"turns":3},{"damage":9,"enemies":"3 Louse","floor":14,"turns":2},{"damage":16,"enemies":"Slime Boss","floor":16,"turns":4},{"damage":0,"enemies":"3 Byrds","floor":18,"turns":2},{"damage":10,"enemies":"Shell Parasite","floor":19,"turns":2},{"damage":19,"enemies":"Snake Plant","floor":25,"turns":2},{"damage":0,"enemies":"3 Cultists","floor":28,"turns":2},{"damage":0,"enemies":"Slavers","floor":31,"turns":1},{"damage":0,"enemies":"Champ","floor":33,"turns":1},{"damage":0,"enemies":"Orb Walker","floor":35,"turns":1},{"damage":0,"enemies":"3 Darklings","floor":38,"turns":1},{"damage":0,"enemies":"Reptomancer","floor":40,"turns":1},{"damage":0,"enemies":"Sphere and 2 Shapes","floor":42,"turns":1},{"damage":0,"enemies":"Maw","floor":46,"turns":1},{"damage":0,"enemies":"Spire Growth","floor":47,"turns":1},{"damage":0,"enemies":"Nemesis","floor":48,"turns":1},{"damage":0,"enemies":"Donu and Deca","floor":50,"turns":1},{"damage":0,"enemies":"Time Eater","floor":51,"turns":3},{"damage":0,"enemies":"Shield and Spear","floor":55,"turns":1},{"damage":14,"enemies":"The Heart","floor":56,"turns":4}],"seed_played":"561552036447331785","potions_obtained":[{"floor":6,"key":"AttackPotion"},{"floor":8,"key":"Explosive Potion"},{"floor":16,"key":"Regen Potion"},{"floor":19,"key":"GamblersBrew"},{"floor":28,"key":"Ancient Potion"},{"floor":31,"key":"Block Potion"},{"floor":33,"key":"Strength Potion"}],"is_trial":true,"path_per_floor":["M","?","?","?","M","E","R","M","T","R","$","E","R","M","R","B",null,"M","M","?","?","?","R","?","M","T","$","M","T","R","E","R","B",null,"M","?","?","M","?","E","R","M","T","$","?","M","M","E","R","B","B",null,"R","$","E","B",null],"character_chosen":"DEFECT","items_purchased":["Reboot","Steam Power","TheAbacus"],"campfire_rested":1,"item_purchase_floors":[11,27,44],"current_hp_per_floor":[48,48,71,60,36,19,40,33,33,33,33,35,35,26,26,10,61,61,51,51,51,51,51,51,32,32,32,32,32,32,32,32,32,67,67,67,67,67,67,67,67,67,67,67,67,67,67,67,67,67,67,72,72,72,72,62],"gold":86,"neow_bonus":"","is_prod":false,"is_daily":false,"chose_seed":false,"campfire_upgraded":8,"win_rate":0,"timestamp":1560965190,"path_taken":["M","?","?","?","M","E","R","?","T","R","$","E","R","M","R","BOSS","M","M","?","?","?","R","?","?","T","$","M","?","R","E","R","BOSS","M","?","?","M","?","E","R","M","T","$","?","M","M","E","R","BOSS","BOSS","R","$","E","BOSS"],"build_version":"2019-01-23","purchased_purges":3,"victory":true,"max_hp_per_floor":[71,71,71,71,71,71,71,71,71,71,71,78,78,78,78,78,78,78,78,78,78,78,78,78,78,78,78,78,78,78,78,78,78,78,78,78,78,78,78,78,78,78,78,78,74,74,74,74,74,74,74,74,74,74,74,74],"card_choices":[{"not_picked":["Beam Cell","Storm","White Noise"],"picked":"SKIP","floor":1},{"not_picked":["Beam Cell","Hologram","Glacier"],"picked":"SKIP","floor":5},{"not_picked":["Coolheaded","Chaos","Barrage"],"picked":"SKIP","floor":6},{"not_picked":["Turbo","Reprogram","Steam"],"picked":"SKIP","floor":8},{"not_picked":["Compile Driver","Reinforced Body"],"picked":"Seek","floor":12},{"not_picked":["Leap","Undo"],"picked":"Chill","floor":14},{"not_picked":["Lockon","Gash","Tempest"],"picked":"SKIP","floor":18},{"not_picked":["Steam","Storm","Glacier"],"picked":"SKIP","floor":19},{"not_picked":["Gash","Self Repair","Chaos"],"picked":"SKIP","floor":25},{"not_picked":["Cold Snap","Hologram+1","Ball Lightning"],"picked":"SKIP","floor":28},{"not_picked":["Ball Lightning","Biased Cognition","Redo"],"picked":"SKIP","floor":31},{"not_picked":["Echo Form","Thunder Strike"],"picked":"Seek","floor":33},{"not_picked":["Rebound","Undo","Force Field"],"picked":"SKIP","floor":35},{"not_picked":["White Noise","Stack+1","Rip and Tear+1"],"picked":"SKIP","floor":38},{"not_picked":["Hologram","Meteor Strike","Blizzard"],"picked":"SKIP","floor":40},{"not_picked":["Beam Cell","Leap","Tempest"],"picked":"SKIP","floor":42},{"not_picked":["White Noise","Conserve Battery+1","Sweeping Beam"],"picked":"SKIP","floor":46},{"not_picked":["Double Energy","Conserve Battery","Leap"],"picked":"SKIP","floor":47},{"not_picked":["Compile Driver","Ball Lightning","Core Surge"],"picked":"SKIP","floor":48},{"not_picked":["Barrage","Steam","Ball Lightning"],"picked":"SKIP","floor":55}],"player_experience":5424799,"relics_obtained":[{"floor":6,"key":"Ginger"},{"floor":12,"key":"Strawberry"},{"floor":26,"key":"Potion Belt"},{"floor":29,"key":"Tiny Chest"},{"floor":31,"key":"Smiling Mask"},{"floor":40,"key":"Anchor"},{"floor":43,"key":"Blue Candle"},{"floor":48,"key":"Whetstone"},{"floor":55,"key":"Boot"}],"event_choices":[{"cards_removed":["Defend_B"],"damage_healed":0,"gold_gain":0,"player_choice":"Card Removal","damage_taken":0,"max_hp_gain":0,"max_hp_loss":0,"event_name":"The Cleric","floor":2,"gold_loss":75},{"damage_healed":23,"gold_gain":0,"player_choice":"Banana","damage_taken":0,"max_hp_gain":0,"max_hp_loss":0,"event_name":"Big Fish","floor":3,"gold_loss":0},{"damage_healed":0,"gold_gain":75,"player_choice":"Gather Gold","damage_taken":11,"max_hp_gain":0,"max_hp_loss":0,"event_name":"World of Goop","floor":4,"gold_loss":0},{"damage_healed":0,"gold_gain":0,"player_choice":"Ignored","damage_taken":0,"max_hp_gain":0,"max_hp_loss":0,"event_name":"Vampires","floor":20,"gold_loss":0},{"damage_healed":0,"gold_gain":50,"player_choice":"Stole From Cult","damage_taken":0,"max_hp_gain":0,"max_hp_loss":0,"event_name":"Nest","floor":21,"gold_loss":0},{"cards_removed":["Strike_B"],"damage_healed":0,"gold_gain":0,"player_choice":"Gave Gold","damage_taken":0,"max_hp_gain":0,"max_hp_loss":0,"event_name":"Beggar","floor":22,"gold_loss":75},{"damage_healed":0,"gold_gain":0,"player_choice":"Cursed","damage_taken":0,"max_hp_gain":0,"max_hp_loss":0,"event_name":"Wheel of Change","floor":24,"gold_loss":0,"cards_obtained":["Decay"]},{"damage_healed":0,"gold_gain":0,"player_choice":"Ignored","damage_taken":0,"max_hp_gain":0,"max_hp_loss":0,"event_name":"Tomb of Lord Red Mask","floor":36,"gold_loss":0},{"damage_healed":0,"gold_gain":0,"player_choice":"Memory 1","damage_taken":0,"max_hp_gain":0,"max_hp_loss":0,"event_name":"SensoryStone","floor":37,"gold_loss":0},{"cards_removed":["Strike_B"],"damage_healed":0,"gold_gain":0,"player_choice":"Removed Attack","damage_taken":0,"max_hp_gain":0,"max_hp_loss":0,"event_name":"Falling","floor":39,"gold_loss":0},{"damage_healed":0,"gold_gain":0,"player_choice":"Max HP","damage_taken":0,"max_hp_gain":0,"max_hp_loss":4,"event_name":"Winding Halls","floor":45,"gold_loss":0}],"is_beta":false,"boss_relics":[{"not_picked":["Tiny House","Lizard Tail"],"picked":"Empty Cage"},{"not_picked":["Velvet Choker","Inserter"],"picked":"Coffee Dripper"}],"items_purged_floors":[11,27,54],"is_endless":false,"potions_floor_spawned":[6,8,12,16,19,28,31,33,35,38,40],"ascension_level":20}