{"gold_per_floor":[18,28,39,50,67,67,87,122,195,221,221,46,76,76,76,151,151,161,178,189,204,221,221,238,271,271,29,62,62],"floor_reached":29,"playtime":1031,"items_purged":["Strike_R"],"score":858,"play_id":"a0fa469f-bf53-4fdb-b012-1ca6494dce9e","local_time":"20190504022426","is_ascension_mode":true,"campfire_choices":[{"data":"Body Slam","floor":6.0,"key":"SMITH"},{"data":"Rage","floor":11.0,"key":"SMITH"},{"data":"Bash","floor":15.0,"key":"SMITH"},{"floor":23.0,"key":"REST"}],"neow_cost":"NO_GOLD","seed_source_timestamp":1119970268702399,"circlet_count":0,"master_deck":["AscendersBane","Strike_R","Strike_R","Defend_R","Defend_R","Defend_R","Defend_R","Bash+1","Clothesline","Anger","Spot Weakness","Body Slam+1","Shrug It Off","Rage+1","Clash","Barricade+1","Shrug It Off","Offering","Body Slam+1","Burning Pact","Corruption","Disarm","Corruption"],"special_seed":0,"relics":["Burning Blood","Bottled Lightning","Molten Egg 2","Ancient Tea Set","Dead Branch","White Beast Statue","Turnip","Sundial","PreservedInsect","Art of War"],"potions_floor_usage":[29],"damage_taken":[{"damage":12.0,"enemies":"Cultist","floor":1.0,"turns":5.0},{"damage":8.0,"enemies":"Jaw Worm","floor":2.0,"turns":6.0},{"damage":0.0,"enemies":"2 Louse","floor":3.0,"turns":3.0},{"damage":6.0,"enemies":"Gremlin Gang","floor":4.0,"turns":5.0},{"damage":7.0,"enemies":"Blue Slaver","floor":5.0,"turns":4.0},{"damage":6.0,"enemies":"Red Slaver","floor":7.0,"turns":3.0},{"damage":0.0,"enemies":"Gremlin Nob","floor":8.0,"turns":2.0},{"damage":0.0,"enemies":"Lagavulin","floor":13.0,"turns":8.0},{"damage":0.0,"enemies":"The Guardian","floor":16.0,"turns":11.0},{"damage":18.0,"enemies":"2 Thieves","floor":18.0,"turns":3.0},{"damage":6.0,"enemies":"Spheric Guardian","floor":19.0,"turns":1.0},{"damage":11.0,"enemies":"Centurion and Healer","floor":20.0,"turns":6.0},{"damage":8.0,"enemies":"3 Cultists","floor":21.0,"turns":3.0},{"damage":27.0,"enemies":"Shelled Parasite and Fungi","floor":22.0,"turns":5.0},{"damage":6.0,"enemies":"Snake Plant","floor":24.0,"turns":5.0},{"damage":28.0,"enemies":"Gremlin Leader","floor":25.0,"turns":3.0},{"damage":40.0,"enemies":"Book of Stabbing","floor":28.0,"turns":5.0},{"damage":12,"enemies":"Sentry and Sphere","floor":29,"turns":3}],"seed_played":"-3804331599337785814","potions_obtained":[{"floor":4.0,"key":"Dexterity Potion"},{"floor":5.0,"key":"AttackPotion"},{"floor":8.0,"key":"Strength Potion"},{"floor":18.0,"key":"GamblersBrew"},{"floor":19.0,"key":"Weak Potion"},{"floor":20.0,"key":"Energy Potion"},{"floor":21.0,"key":"GamblersBrew"},{"floor":22.0,"key":"Poison Potion"},{"floor":24.0,"key":"Poison Potion"},{"floor":25.0,"key":"BloodPotion"},{"floor":28.0,"key":"Poison Potion"}],"is_trial":false,"path_per_floor":["M","M","M","M","M","R","M","E","T","T","R","$","E","?","R","B",null,"M","M","M","M","M","R","M","E","T","$","E","M"],"character_chosen":"IRONCLAD","items_purchased":["Barricade","Shrug It Off","PreservedInsect"],"campfire_rested":1,"item_purchase_floors":[12,12,27],"current_hp_per_floor":[62,60,66,66,65,65,65,71,71,71,71,71,75,75,75,75,75,63,63,58,56,35,57,57,35,35,35,8,0],"gold":62,"neow_bonus":"REMOVE_TWO","is_prod":false,"is_daily":false,"chose_seed":false,"campfire_upgraded":3,"win_rate":0,"timestamp":1556904266,"path_taken":["M","M","M","M","?","R","?","E","T","?","R","$","E","?","R","BOSS","M","M","M","M","M","R","?","E","T","$","E","?"],"build_version":"2019-01-23","purchased_purges":1,"victory":false,"max_hp_per_floor":[75,75,75,75,75,75,75,75,75,75,75,75,75,75,75,75,75,75,75,75,75,75,75,75,75,75,75,75,75],"card_choices":[{"not_picked":["Thunderclap","Rupture"],"picked":"Clothesline","floor":1.0},{"not_picked":["Fire Breathing","Bloodletting"],"picked":"Anger","floor":2.0},{"not_picked":["Anger","Uppercut"],"picked":"Spot Weakness","floor":3.0},{"not_picked":["Headbutt","Perfected Strike"],"picked":"Body Slam","floor":4.0},{"not_picked":["Berserk","Body Slam"],"picked":"Shrug It Off","floor":5.0},{"not_picked":["Sever Soul","Armaments"],"picked":"Rage","floor":7.0},{"not_picked":["Thunderclap","Twin Strike"],"picked":"Clash","floor":8.0},{"not_picked":["Heavy Blade+1","Pommel Strike+1","Infernal Blade"],"picked":"SKIP","floor":13.0},{"not_picked":["Demon Form","Berserk"],"picked":"Offering","floor":16.0},{"not_picked":["True Grit","Searing Blow+1"],"picked":"Body Slam+1","floor":18.0},{"not_picked":["Intimidate","Perfected Strike+1"],"picked":"Burning Pact","floor":19.0},{"not_picked":["Reckless Charge+1","Searing Blow+1"],"picked":"Corruption","floor":20.0},{"not_picked":["Inflame","Cleave+1","Pommel Strike+1"],"picked":"SKIP","floor":21.0},{"not_picked":["Evolve","Sword Boomerang+1"],"picked":"Disarm","floor":22.0},{"not_picked":["Thunderclap+1","Blood for Blood+1","Clothesline+1"],"picked":"SKIP","floor":24.0},{"not_picked":["Dark Embrace","Sword Boomerang+1","Burning Pact"],"picked":"SKIP","floor":25.0},{"not_picked":["Dark Embrace","Sword Boomerang+1","Burning Pact"],"picked":"SKIP","floor":25.0},{"not_picked":["Infernal Blade","Flame Barrier"],"picked":"Corruption","floor":28.0}],"player_experience":4906079,"relics_obtained":[{"floor":8.0,"key":"Bottled Lightning"},{"floor":9.0,"key":"Molten Egg 2"},{"floor":10.0,"key":"Ancient Tea Set"},{"floor":13.0,"key":"Dead Branch"},{"floor":25.0,"key":"Turnip"},{"floor":26.0,"key":"Sundial"},{"floor":28.0,"key":"Art of War"}],"event_choices":[{"damage_healed":0.0,"max_hp_gain":0.0,"max_hp_loss":0.0,"gold_gain":0.0,"event_name":"Upgrade Shrine","player_choice":"Upgraded","floor":14.0,"gold_loss":0.0,"damage_taken":0.0,"cards_upgraded":["Barricade"]}],"is_beta":false,"boss_relics":[{"not_picked":["Eternal Feather","Velvet Choker"],"picked":"White Beast Statue"}],"items_purged_floors":[27],"is_endless":false,"potions_floor_spawned":[4,5,8,18,19,20,21,22,24,25,28],"killed_by":"Sentry and Sphere","ascension_level":20}