{"gold_per_floor":[99,99,99,99,49,49,49,49,49,49,49,49,49,1,1,1],"floor_reached":16,"playtime":370,"items_purged":[],"score":100,"play_id":"f0398207-6cfd-43cb-bd74-f3dd7600bc2d","local_time":"20190518003531","is_ascension_mode":false,"campfire_choices":[{"floor":15,"key":"RECALL"}],"neow_cost":"","seed_source_timestamp":0,"circlet_count":0,"master_deck":["Strike_R","Strike_R","Strike_R","Defend_R","Defend_R","Defend_R","Defend_R","Bash","Sword Boomerang","Iron Wave","Flame Barrier","Metallicize","Anger"],"relics":["Burning Blood","Mark of Pain","Runic Dome","Dodecahedron","Velvet Choker","Busted Crown","Sozu","Ectoplasm","Cursed Key","Coffee Dripper","Philosopher\u0027s Stone","Nuclear Battery","Fusion Hammer","Golden Idol","Bronze Scales","Nunchaku"],"potions_floor_usage":[],"damage_taken":[{"damage":9,"enemies":"Small Slimes","floor":1,"turns":3},{"damage":7,"enemies":"Jaw Worm","floor":3,"turns":3},{"damage":1,"enemies":"2 Louse","floor":6,"turns":2},{"damage":25,"enemies":"3 Sentries","floor":11,"turns":8},{"damage":1,"enemies":"Exordium Wildlife","floor":12,"turns":3},{"damage":1,"enemies":"Large Slime","floor":13,"turns":7},{"damage":64,"enemies":"Slime Boss","floor":16,"turns":11}],"seed_played":"8157266339405089668","potions_obtained":[],"is_trial":true,"path_per_floor":["M","?","M","?","?","M","?","?","T","?","E","M","M","$","R","B"],"character_chosen":"IRONCLAD","items_purchased":["Anger"],"campfire_rested":0,"item_purchase_floors":[14],"current_hp_per_floor":[77,77,76,81,81,85,64,64,64,64,45,50,55,55,55,0],"gold":1,"neow_bonus":"","is_prod":false,"is_daily":false,"chose_seed":false,"campfire_upgraded":0,"win_rate":0,"timestamp":1558107331,"path_taken":["M","?","M","?","?","?","?","?","T","?","E","M","M","$","R","BOSS"],"build_version":"2019-01-23","purchased_purges":0,"victory":false,"max_hp_per_floor":[80,80,80,85,85,85,85,85,85,85,85,85,85,85,85,85],"card_choices":[{"not_picked":[],"picked":"Sword Boomerang","floor":1},{"not_picked":["Clash"],"picked":"SKIP","floor":3},{"not_picked":["Clash"],"picked":"SKIP","floor":6},{"not_picked":[],"picked":"Flame Barrier","floor":11},{"not_picked":[],"picked":"Metallicize","floor":12},{"not_picked":["Cleave"],"picked":"SKIP","floor":13}],"player_experience":5060316,"relics_obtained":[{"floor":11,"key":"Nunchaku"}],"event_choices":[{"damage_healed":0,"gold_gain":0,"player_choice":"Ignored","damage_taken":0,"max_hp_gain":0,"max_hp_loss":0,"event_name":"Liars Game","floor":2,"gold_loss":0},{"damage_healed":0,"gold_gain":0,"player_choice":"Donut","damage_taken":0,"max_hp_gain":5,"max_hp_loss":0,"event_name":"Big Fish","floor":4,"gold_loss":0},{"cards_removed":["Strike_R"],"damage_healed":0,"gold_gain":0,"player_choice":"Card Removal","damage_taken":0,"max_hp_gain":0,"max_hp_loss":0,"event_name":"The Cleric","floor":5,"gold_loss":50},{"damage_healed":0,"gold_gain":0,"player_choice":"Take Damage","damage_taken":21,"relics_obtained":["Golden Idol"],"max_hp_gain":0,"max_hp_loss":0,"event_name":"Golden Idol","floor":7,"gold_loss":0},{"damage_healed":0,"gold_gain":30,"player_choice":"Searched \u00272\u0027 times","damage_taken":0,"relics_obtained":["Bronze Scales"],"max_hp_gain":0,"max_hp_loss":0,"event_name":"Dead Adventurer","floor":8,"gold_loss":0},{"damage_healed":0,"gold_gain":0,"cards_transformed":["Strike_R"],"player_choice":"Change","damage_taken":0,"max_hp_gain":0,"max_hp_loss":0,"event_name":"Living Wall","floor":10,"gold_loss":0,"cards_obtained":["Iron Wave"]}],"is_beta":false,"boss_relics":[],"items_purged_floors":[],"is_endless":false,"potions_floor_spawned":[6,11,12],"killed_by":"Slime Boss","ascension_level":0}