{"gold_per_floor":[20,20,195,145,160,160,195,195,195,209,226,226],"floor_reached":12,"playtime":291,"items_purged":[],"score":105,"play_id":"87b31157-5174-472a-a2b2-da23c1cd87e8","local_time":"20190718125733","is_ascension_mode":true,"campfire_choices":[{"data":"Brutality","floor":6,"key":"SMITH"}],"neow_cost":"NO_GOLD","seed_source_timestamp":8080335714400,"circlet_count":0,"master_deck":["Strike_R","Strike_R","Strike_R","Strike_R","Strike_R","Defend_R","Defend_R","Defend_R","Defend_R","Bash","Brutality+1","Anger","Sword Boomerang","Brutality","Armaments","Shrug It Off"],"relics":["Burning Blood","Bottled Tornado","GremlinMask","Pantograph"],"potions_floor_usage":[],"damage_taken":[{"damage":7,"enemies":"Cultist","floor":1,"turns":5},{"damage":10,"enemies":"Jaw Worm","floor":5,"turns":3},{"damage":29,"enemies":"Gremlin Nob","floor":7,"turns":4},{"damage":14,"enemies":"2 Louse","floor":10,"turns":3},{"damage":21,"enemies":"Looter","floor":11,"turns":3},{"damage":22,"enemies":"Exordium Thugs","floor":12,"turns":2}],"seed_played":"-7984373388207544037","potions_obtained":[{"floor":10,"key":"Strength Potion"}],"is_trial":false,"path_per_floor":["M","$","?","?","M","R","E","?","T","M","M","M"],"character_chosen":"IRONCLAD","items_purchased":[],"campfire_rested":0,"item_purchase_floors":[],"current_hp_per_floor":[71,71,71,71,67,67,44,44,44,36,21,0],"gold":226,"neow_bonus":"THREE_RARE_CARDS","is_prod":false,"is_daily":false,"chose_seed":false,"campfire_upgraded":1,"win_rate":0,"timestamp":1563469053,"path_taken":["M","?","?","?","M","R","E","?","T","M","M","M"],"build_version":"2019-07-17","purchased_purges":0,"victory":false,"max_hp_per_floor":[80,80,80,80,80,80,80,80,80,80,80,80],"card_choices":[{"not_picked":["Limit Break","Exhume"],"picked":"Brutality","floor":0},{"not_picked":["Clash","Body Slam"],"picked":"Anger","floor":1},{"not_picked":["Havoc","Warcry"],"picked":"Sword Boomerang","floor":5},{"not_picked":["Thunderclap","Shockwave"],"picked":"Brutality","floor":7},{"not_picked":["Perfected Strike","Body Slam"],"picked":"Armaments","floor":10},{"not_picked":["Pommel Strike","Burning Pact"],"picked":"Shrug It Off","floor":11}],"player_experience":244356,"relics_obtained":[{"floor":7,"key":"Bottled Tornado"},{"floor":9,"key":"Pantograph"}],"event_choices":[{"damage_healed":0,"gold_gain":175,"player_choice":"AGREE","damage_taken":0,"max_hp_gain":0,"max_hp_loss":0,"event_name":"Liars Game","floor":3,"gold_loss":0,"cards_obtained":["Doubt"]},{"cards_removed":["Doubt"],"damage_healed":0,"gold_gain":0,"player_choice":"Card Removal","damage_taken":0,"max_hp_gain":0,"max_hp_loss":0,"event_name":"The Cleric","floor":4,"gold_loss":50},{"damage_healed":0,"gold_gain":0,"player_choice":"Trade","damage_taken":0,"relics_obtained":["GremlinMask"],"max_hp_gain":0,"max_hp_loss":0,"event_name":"FaceTrader","floor":8,"gold_loss":0}],"is_beta":false,"boss_relics":[],"items_purged_floors":[],"is_endless":false,"potions_floor_spawned":[10],"killed_by":"Exordium Thugs","ascension_level":7}