{"gold_per_floor":[112,122,141,195,195,220,239,239,239,239,267,192,204,238,238,311,311,329,429,447,175,175,175,175,175,199,199,199,199,209,223,223,297,297,313,326,336,123,138,169,169,188,269,269,289,314,361,393,393,393,393,393,393,119,147,147],"floor_reached":57,"playtime":2439,"items_purged":["Strike_R","Thunderclap"],"score":3210,"play_id":"2ec79700-0d30-42f2-b853-b845bf246620","local_time":"20190413004639","is_ascension_mode":true,"campfire_choices":[{"data":"Wild Strike","floor":8.0,"key":"SMITH"},{"data":"Clothesline","floor":10.0,"key":"SMITH"},{"data":"Barricade","floor":15.0,"key":"SMITH"},{"data":"Body Slam","floor":23.0,"key":"SMITH"},{"data":"Offering","floor":25.0,"key":"SMITH"},{"data":"Seeing Red","floor":29.0,"key":"SMITH"},{"data":"Second Wind","floor":32.0,"key":"SMITH"},{"floor":44.0,"key":"RECALL"},{"data":"Battle Trance","floor":49.0,"key":"SMITH"},{"data":"Double Tap","floor":53.0,"key":"SMITH"}],"neow_cost":"NONE","seed_source_timestamp":87650333742600,"circlet_count":0,"master_deck":["AscendersBane","Bash+1","Clothesline+1","Thunderclap","Second Wind+1","Wild Strike+1","Power Through","Barricade+1","Double Tap+1","Fire Breathing","Seeing Red+1","Body Slam+1","Ghostly Armor","Offering+1","Power Through+1","Offering+1","Warcry+1","Burning Pact+1","Battle Trance+1"],"special_seed":0,"relics":["Burning Blood","Omamori","Meat on the Bone","Gambling Chip","Pantograph","Self Forming Clay","Pandora\u0027s Box","Champion Belt","Pear","Bag of Preparation","Kunai","Lantern","Empty Cage","DollysMirror","Bird Faced Urn","Ornamental Fan","Bag of Marbles","Charon\u0027s Ashes","Oddly Smooth Stone","Sundial","Blue Candle"],"potions_floor_usage":[56,56],"damage_taken":[{"damage":1.0,"enemies":"Cultist","floor":1.0,"turns":3.0},{"damage":7.0,"enemies":"2 Louse","floor":2.0,"turns":2.0},{"damage":8.0,"enemies":"Small Slimes","floor":3.0,"turns":3.0},{"damage":45.0,"enemies":"Lagavulin","floor":6.0,"turns":6.0},{"damage":15.0,"enemies":"3 Louse","floor":7.0,"turns":3.0},{"damage":27.0,"enemies":"3 Sentries","floor":11.0,"turns":8.0},{"damage":4.0,"enemies":"2 Fungi Beasts","floor":13.0,"turns":2.0},{"damage":28.0,"enemies":"Gremlin Nob","floor":14.0,"turns":4.0},{"damage":49.0,"enemies":"Slime Boss","floor":16.0,"turns":13.0},{"damage":27.0,"enemies":"Shell Parasite","floor":18.0,"turns":5.0},{"damage":23.0,"enemies":"Colosseum Slavers","floor":19.0,"turns":5.0},{"damage":20.0,"enemies":"Colosseum Nobs","floor":19.0,"turns":4.0},{"damage":28.0,"enemies":"2 Thieves","floor":20.0,"turns":4.0},{"damage":6.0,"enemies":"Shelled Parasite and Fungi","floor":30.0,"turns":4.0},{"damage":0.0,"enemies":"Snake Plant","floor":31.0,"turns":1.0},{"damage":6.0,"enemies":"Champ","floor":33.0,"turns":13.0},{"damage":6.0,"enemies":"Orb Walker","floor":35.0,"turns":1.0},{"damage":6.0,"enemies":"3 Darklings","floor":36.0,"turns":6.0},{"damage":6.0,"enemies":"Spire Growth","floor":37.0,"turns":4.0},{"damage":12.0,"enemies":"Writhing Mass","floor":39.0,"turns":1.0},{"damage":12.0,"enemies":"Reptomancer","floor":40.0,"turns":1.0},{"damage":12.0,"enemies":"Transient","floor":42.0,"turns":6.0},{"damage":6.0,"enemies":"Sphere and 2 Shapes","floor":45.0,"turns":6.0},{"damage":6.0,"enemies":"2 Orb Walkers","floor":47.0,"turns":3.0},{"damage":12.0,"enemies":"Giant Head","floor":48.0,"turns":3.0},{"damage":12.0,"enemies":"Donu and Deca","floor":50.0,"turns":3.0},{"damage":6.0,"enemies":"Time Eater","floor":51.0,"turns":8.0},{"damage":12.0,"enemies":"Shield and Spear","floor":55.0,"turns":2.0},{"damage":13,"enemies":"The Heart","floor":56,"turns":8}],"seed_played":"1062971895713886936","potions_obtained":[{"floor":1.0,"key":"Regen Potion"},{"floor":5.0,"key":"Strength Potion"},{"floor":7.0,"key":"FearPotion"},{"floor":11.0,"key":"Strength Potion"},{"floor":20.0,"key":"AttackPotion"},{"floor":30.0,"key":"Block Potion"},{"floor":36.0,"key":"Swift Potion"}],"is_trial":false,"path_per_floor":["M","M","M","T","?","E","M","R","T","R","E","$","M","E","R","B",null,"M","?","M","$","?","R","?","R","T","?","?","R","M","M","R","B",null,"M","M","M","$","M","E","?","M","T","R","M","T","?","E","R","B","B",null,"R","$","E","B",null],"character_chosen":"IRONCLAD","items_purchased":["Bag of Preparation","DollysMirror","Sundial"],"campfire_rested":0,"item_purchase_floors":[21,38,54],"current_hp_per_floor":[73,72,70,70,70,43,46,46,46,46,37,37,51,41,41,35,65,44,47,37,37,37,37,37,37,37,37,37,37,49,55,55,80,84,84,84,84,84,78,72,72,70,70,70,74,74,78,76,76,81,85,85,85,85,81,80],"gold":147,"neow_bonus":"UPGRADE_CARD","is_prod":false,"is_daily":false,"chose_seed":false,"campfire_upgraded":9,"win_rate":0,"timestamp":1555083999,"path_taken":["M","M","M","?","?","E","M","R","T","R","E","$","?","E","R","BOSS","M","?","M","$","?","R","?","R","T","?","?","R","?","M","R","BOSS","M","M","M","$","M","E","?","M","T","R","?","?","?","E","R","BOSS","BOSS","R","$","E","BOSS"],"build_version":"2019-01-23","purchased_purges":2,"victory":true,"max_hp_per_floor":[75,75,75,75,75,75,75,75,75,75,75,75,75,75,75,75,75,75,85,85,85,85,85,85,85,85,85,85,85,85,85,85,85,85,85,85,85,85,85,85,85,85,85,85,85,85,85,85,85,85,85,85,85,85,85,85],"card_choices":[{"not_picked":["Whirlwind","Infernal Blade"],"picked":"Cleave","floor":1.0},{"not_picked":["Pommel Strike","Havoc"],"picked":"Clothesline","floor":2.0},{"not_picked":["Ghostly Armor","Iron Wave"],"picked":"Thunderclap","floor":3.0},{"not_picked":["Anger","Barricade"],"picked":"Second Wind","floor":6.0},{"not_picked":["Sword Boomerang","Iron Wave"],"picked":"Wild Strike","floor":7.0},{"not_picked":["Whirlwind","Blood for Blood"],"picked":"Power Through","floor":11.0},{"not_picked":["Sword Boomerang","Pommel Strike","Clash"],"picked":"SKIP","floor":13.0},{"not_picked":["Sword Boomerang","Pommel Strike","Clash"],"picked":"SKIP","floor":13.0},{"not_picked":["Infernal Blade","Feel No Pain"],"picked":"Barricade","floor":14.0},{"not_picked":["Brutality","Berserk"],"picked":"Fiend Fire","floor":16.0},{"not_picked":["Havoc","Spot Weakness","Uppercut"],"picked":"SKIP","floor":18.0},{"not_picked":["Pommel Strike","Heavy Blade+1"],"picked":"Body Slam","floor":19.0},{"not_picked":["Flex","Headbutt"],"picked":"Ghostly Armor","floor":20.0},{"not_picked":["Pummel","Warcry"],"picked":"Power Through+1","floor":30.0},{"not_picked":["Hemokinesis","Rupture","Pummel+1"],"picked":"SKIP","floor":31.0},{"not_picked":["Sentinel","Pommel Strike","Thunderclap"],"picked":"SKIP","floor":35.0},{"not_picked":["Cleave+1","Flex","Uppercut"],"picked":"SKIP","floor":36.0},{"not_picked":["Cleave","Pommel Strike","Dropkick+1"],"picked":"SKIP","floor":37.0},{"not_picked":["Infernal Blade","Warcry+1","Armaments"],"picked":"SKIP","floor":39.0},{"not_picked":["Infernal Blade","Armaments"],"picked":"Warcry+1","floor":39.0},{"not_picked":["Armaments+1","Wild Strike","Clothesline+1"],"picked":"SKIP","floor":40.0},{"not_picked":["Heavy Blade","Iron Wave","Thunderclap+1"],"picked":"SKIP","floor":42.0},{"not_picked":["Twin Strike+1","Hemokinesis","Clothesline+1"],"picked":"SKIP","floor":45.0},{"not_picked":["Searing Blow","Iron Wave"],"picked":"Burning Pact+1","floor":47.0},{"not_picked":["Blood for Blood+1","Shockwave"],"picked":"Battle Trance","floor":48.0},{"not_picked":["Iron Wave","Power Through","Sentinel"],"picked":"SKIP","floor":55.0}],"player_experience":4763913,"relics_obtained":[{"floor":4.0,"key":"Omamori"},{"floor":6.0,"key":"Meat on the Bone"},{"floor":9.0,"key":"Gambling Chip"},{"floor":11.0,"key":"Pantograph"},{"floor":14.0,"key":"Self Forming Clay"},{"floor":19.0,"key":"Champion Belt"},{"floor":19.0,"key":"Pear"},{"floor":26.0,"key":"Lantern"},{"floor":40.0,"key":"Bird Faced Urn"},{"floor":46.0,"key":"Bag of Marbles"},{"floor":47.0,"key":"Charon\u0027s Ashes"},{"floor":48.0,"key":"Oddly Smooth Stone"},{"floor":55.0,"key":"Blue Candle"}],"event_choices":[{"damage_healed":0.0,"max_hp_gain":0.0,"max_hp_loss":0.0,"gold_gain":0.0,"event_name":"Lab","player_choice":"Got Potions","floor":5.0,"gold_loss":0.0,"damage_taken":0.0},{"damage_healed":0.0,"max_hp_gain":0.0,"max_hp_loss":0.0,"gold_gain":0.0,"event_name":"Colosseum","player_choice":"Fight","floor":19.0,"gold_loss":0.0,"damage_taken":0.0},{"damage_healed":0.0,"max_hp_gain":0.0,"max_hp_loss":0.0,"gold_gain":0.0,"event_name":"Colosseum","player_choice":"Fought Nobs","floor":19.0,"gold_loss":0.0,"damage_taken":0.0},{"damage_healed":0.0,"max_hp_gain":0.0,"max_hp_loss":0.0,"gold_gain":0.0,"cards_transformed":["Whirlwind","Headbutt"],"event_name":"Drug Dealer","player_choice":"Became Test Subject","floor":22.0,"gold_loss":0.0,"damage_taken":0.0,"cards_obtained":["Offering","Wild Strike"]},{"damage_healed":0.0,"max_hp_gain":0.0,"max_hp_loss":0.0,"gold_gain":0.0,"event_name":"The Mausoleum","player_choice":"Opened","floor":24.0,"gold_loss":0.0,"damage_taken":0.0,"relics_obtained":["Kunai"],"cards_obtained":["Writhe"]},{"cards_removed":["Cleave"],"damage_healed":0.0,"max_hp_gain":0.0,"max_hp_loss":0.0,"gold_gain":0.0,"event_name":"Back to Basics","player_choice":"Elegance","floor":27.0,"gold_loss":0.0,"damage_taken":0.0},{"cards_removed":["Fiend Fire"],"damage_healed":0.0,"max_hp_gain":0.0,"max_hp_loss":0.0,"gold_gain":0.0,"event_name":"Purifier","player_choice":"Purged","floor":28.0,"gold_loss":0.0,"damage_taken":0.0},{"cards_removed":["Fiend Fire"],"damage_healed":0.0,"max_hp_gain":0.0,"max_hp_loss":0.0,"gold_gain":0.0,"event_name":"WeMeetAgain","player_choice":"Gave Card","floor":41.0,"gold_loss":0.0,"damage_taken":0.0,"relics_obtained":["Ornamental Fan"]},{"damage_healed":0.0,"max_hp_gain":0.0,"max_hp_loss":0.0,"gold_gain":0.0,"event_name":"Mysterious Sphere","player_choice":"Fight","floor":47.0,"gold_loss":0.0,"damage_taken":0.0}],"is_beta":false,"boss_relics":[{"not_picked":["Lizard Tail","Coffee Dripper"],"picked":"Pandora\u0027s Box"},{"not_picked":["Velvet Choker","Astrolabe"],"picked":"Empty Cage"}],"items_purged_floors":[12,21],"is_endless":false,"potions_floor_spawned":[1,7,11,13,14,20,30,36,39,45,47,48],"ascension_level":20}