{"gold_per_floor":[116,116,127,127,138,138,138,138,138,138,149,160,173,173,173,275,275,294,294,312,312,86,86,86,96,96,107,67,67,86,86],"floor_reached":31,"playtime":737,"items_purged":["Strike_R"],"score":227,"play_id":"ead2b4ce-1902-431f-865d-f0177d214202","local_time":"20190703185641","is_ascension_mode":false,"campfire_choices":[{"data":"Bash","floor":6,"key":"SMITH"},{"data":"Cleave","floor":8,"key":"SMITH"},{"data":"Thunderclap","floor":10,"key":"SMITH"},{"data":"Rage","floor":15,"key":"SMITH"},{"data":"Iron Wave","floor":23,"key":"SMITH"}],"neow_cost":"NONE","seed_source_timestamp":1058239676224785,"circlet_count":0,"master_deck":["Strike_R","Strike_R","Strike_R","Defend_R","Defend_R","Defend_R+1","Defend_R+1","Bash+1","Thunderclap+1","Cleave+1","Iron Wave+1","Rage+1","Demon Form","Dual Wield+1","Feed","J.A.X.","Rage"],"relics":["Cursed Key"],"potions_floor_usage":[16,25,31],"damage_taken":[{"damage":0,"enemies":"2 Louse","floor":1,"turns":2},{"damage":0,"enemies":"Small Slimes","floor":3,"turns":2},{"damage":1,"enemies":"Cultist","floor":5,"turns":3},{"damage":0,"enemies":"2 Fungi Beasts","floor":11,"turns":2},{"damage":3,"enemies":"Red Slaver","floor":12,"turns":3},{"damage":1,"enemies":"Looter","floor":13,"turns":2},{"damage":22,"enemies":"Slime Boss","floor":16,"turns":12},{"damage":16,"enemies":"2 Thieves","floor":18,"turns":4},{"damage":0,"enemies":"Chosen","floor":20,"turns":4},{"damage":21,"enemies":"3 Cultists","floor":25,"turns":4},{"damage":19,"enemies":"Snecko","floor":27,"turns":6},{"damage":25,"enemies":"Shelled Parasite and Fungi","floor":30,"turns":8},{"damage":8,"enemies":"Centurion and Healer","floor":31,"turns":2}],"seed_played":"-257660836299013839","potions_obtained":[{"floor":1,"key":"SkillPotion"},{"floor":3,"key":"LiquidBronze"},{"floor":12,"key":"FearPotion"},{"floor":14,"key":"Dexterity Potion"},{"floor":14,"key":"Regen Potion"},{"floor":16,"key":"EssenceOfSteel"}],"is_trial":false,"path_per_floor":["M","?","M","?","M","R","?","R","T","R","M","M","M","?","R","B",null,"M","?","M","?","$","R","?","M","T","M","?","$","M","M"],"character_chosen":"IRONCLAD","items_purchased":["Feed"],"campfire_rested":0,"item_purchase_floors":[22],"current_hp_per_floor":[80,80,80,80,79,79,79,79,79,79,79,76,75,75,75,53,80,64,64,64,64,64,64,64,51,51,32,32,32,7,0],"gold":86,"neow_bonus":"BOSS_RELIC","is_prod":false,"is_daily":false,"chose_seed":false,"campfire_upgraded":5,"win_rate":0,"timestamp":1562176601,"path_taken":["M","?","M","?","M","R","?","R","T","R","M","?","M","?","R","BOSS","M","?","M","?","$","R","?","M","T","M","?","$","M","M"],"build_version":"2019-07-01","purchased_purges":1,"victory":false,"max_hp_per_floor":[80,80,80,80,80,80,80,80,80,80,80,80,80,80,80,80,80,80,80,80,80,80,80,80,83,83,83,83,83,83,83],"card_choices":[{"not_picked":["Corruption","Warcry"],"picked":"Thunderclap","floor":1},{"not_picked":["Burning Pact","Flex","Combust"],"picked":"SKIP","floor":3},{"not_picked":["Pommel Strike","Wild Strike"],"picked":"Cleave","floor":5},{"not_picked":["Pummel","Warcry"],"picked":"Iron Wave","floor":11},{"not_picked":["Flex","Perfected Strike"],"picked":"Rage","floor":12},{"not_picked":["Warcry","Anger","Fire Breathing"],"picked":"SKIP","floor":13},{"not_picked":["Reaper","Immolate"],"picked":"Demon Form","floor":16},{"not_picked":["Perfected Strike+1","Inflame"],"picked":"Dual Wield+1","floor":18},{"not_picked":["Reckless Charge","Anger","Feel No Pain+1"],"picked":"SKIP","floor":20},{"not_picked":["Infernal Blade","Bloodletting","Perfected Strike"],"picked":"SKIP","floor":25},{"not_picked":["Corruption","Heavy Blade","Second Wind"],"picked":"SKIP","floor":27},{"not_picked":["Havoc","Cleave"],"picked":"Rage","floor":30}],"player_experience":97696,"relics_obtained":[],"event_choices":[{"damage_healed":0,"gold_gain":0,"player_choice":"Leave","damage_taken":0,"max_hp_gain":0,"max_hp_loss":0,"event_name":"The Cleric","floor":2,"gold_loss":0},{"damage_healed":0,"gold_gain":0,"player_choice":"Fled","damage_taken":0,"max_hp_gain":0,"max_hp_loss":0,"event_name":"Scrap Ooze","floor":4,"gold_loss":0},{"cards_removed":["Strike_R"],"damage_healed":0,"gold_gain":0,"player_choice":"Offered Basic","damage_taken":0,"max_hp_gain":0,"max_hp_loss":0,"event_name":"Bonfire Elementals","floor":7,"gold_loss":0},{"damage_healed":0,"gold_gain":0,"player_choice":"Got Potions","damage_taken":0,"max_hp_gain":0,"max_hp_loss":0,"event_name":"Lab","floor":14,"gold_loss":0},{"damage_healed":0,"gold_gain":0,"player_choice":"Ignored","damage_taken":0,"max_hp_gain":0,"max_hp_loss":0,"event_name":"Cursed Tome","floor":19,"gold_loss":0},{"damage_healed":0,"gold_gain":0,"player_choice":"Ignored","damage_taken":0,"max_hp_gain":0,"max_hp_loss":0,"event_name":"The Mausoleum","floor":21,"gold_loss":0},{"damage_healed":0,"gold_gain":0,"player_choice":"Obtain J.A.X.","damage_taken":0,"max_hp_gain":0,"max_hp_loss":0,"event_name":"Drug Dealer","floor":24,"gold_loss":0,"cards_obtained":["J.A.X."]},{"damage_healed":0,"gold_gain":0,"player_choice":"Upgraded Two","damage_taken":0,"max_hp_gain":0,"max_hp_loss":0,"event_name":"Designer","floor":28,"gold_loss":40,"cards_upgraded":["Defend_R","Defend_R"]}],"is_beta":false,"boss_relics":[{"not_picked":["Tiny House","Empty Cage","Orrery"]}],"items_purged_floors":[22],"is_endless":false,"potions_floor_spawned":[1,3,12,16,18],"killed_by":"Centurion and Healer","ascension_level":0}