{"gold_per_floor":[116,136,148,159,159,159,192,202,202,215,227,227,247,247,247,324,324,324,324,244,244,1,1,1,1,1,1,1,1,1,1,1,1,1,1,1,1,1,1,1,1,1,1,1,1,1,1,1,1,1,1],"floor_reached":52,"playtime":2122,"items_purged":["Parasite"],"score":1739,"play_id":"9fd3a4cc-084c-4875-bd33-e92a7007984e","local_time":"20190510010318","is_ascension_mode":true,"campfire_choices":[{"data":"Wraith Form v2","floor":6.0,"key":"SMITH"},{"data":"Well Laid Plans","floor":15.0,"key":"SMITH"},{"data":"Blade Dance","floor":23.0,"key":"SMITH"},{"data":"Calculated Gamble","floor":30,"key":"SMITH"},{"data":"Phantasmal Killer","floor":32,"key":"SMITH"},{"data":"Cloak And Dagger","floor":40,"key":"SMITH"},{"data":"Neutralize","floor":42,"key":"SMITH"},{"data":"After Image","floor":45,"key":"SMITH"},{"data":"Blade Dance","floor":49,"key":"SMITH"}],"neow_cost":"NONE","seed_source_timestamp":369049168045200,"circlet_count":0,"master_deck":["AscendersBane","Defend_G+1","Defend_G+1","Defend_G+1","Defend_G+1","Defend_G+1","Strike_G+1","Strike_G+1","Strike_G+1","Strike_G+1","Survivor","Neutralize+1","Burst","Blade Dance+1","Deflect","Flying Knee","Blade Dance+1","Wraith Form v2+1","PiercingWail","Cloak And Dagger+1","Well Laid Plans+1","Dagger Spray","Phantasmal Killer+1","Finisher","Calculated Gamble+1","PiercingWail","After Image+1","Infinite Blades+1","Backflip","Wraith Form v2+1"],"special_seed":0,"relics":["Ring of the Snake","Shuriken","Tingsha","Bird Faced Urn","Ectoplasm","GremlinMask","Pen Nib","Lantern","Meat on the Bone","Busted Crown","Thread and Needle","Vajra","Tough Bandages","Torii"],"potions_floor_usage":[31],"damage_taken":[{"damage":8.0,"enemies":"Jaw Worm","floor":1.0,"turns":9.0},{"damage":2.0,"enemies":"2 Louse","floor":2.0,"turns":4.0},{"damage":0.0,"enemies":"Small Slimes","floor":3.0,"turns":5.0},{"damage":6.0,"enemies":"2 Fungi Beasts","floor":4.0,"turns":5.0},{"damage":22.0,"enemies":"3 Sentries","floor":7.0,"turns":10.0},{"damage":2.0,"enemies":"Red Slaver","floor":8.0,"turns":3.0},{"damage":0.0,"enemies":"Looter","floor":10.0,"turns":5.0},{"damage":0.0,"enemies":"3 Louse","floor":11.0,"turns":3.0},{"damage":6.0,"enemies":"Blue Slaver","floor":13.0,"turns":4.0},{"damage":8.0,"enemies":"The Guardian","floor":16.0,"turns":10.0},{"damage":52.0,"enemies":"Chosen","floor":18.0,"turns":8.0},{"damage":0.0,"enemies":"2 Thieves","floor":20.0,"turns":4.0},{"damage":0,"enemies":"Colosseum Slavers","floor":25,"turns":3},{"damage":3,"enemies":"Snecko","floor":28,"turns":6},{"damage":14,"enemies":"Snake Plant","floor":31,"turns":5},{"damage":13,"enemies":"Collector","floor":33,"turns":9},{"damage":0,"enemies":"3 Shapes","floor":35,"turns":5},{"damage":0,"enemies":"Orb Walker","floor":36,"turns":3},{"damage":0,"enemies":"Mind Bloom Boss Battle","floor":37,"turns":8},{"damage":0,"enemies":"4 Shapes","floor":39,"turns":6},{"damage":0,"enemies":"Jaw Worm Horde","floor":41,"turns":5},{"damage":13,"enemies":"Writhing Mass","floor":44,"turns":6},{"damage":30,"enemies":"2 Orb Walkers","floor":46,"turns":4},{"damage":19,"enemies":"Nemesis","floor":47,"turns":7},{"damage":6,"enemies":"Time Eater","floor":50,"turns":10},{"damage":1,"enemies":"Awakened One","floor":51,"turns":8}],"seed_played":"-5463395583323496360","potions_obtained":[{"floor":2.0,"key":"SteroidPotion"},{"floor":8.0,"key":"GamblersBrew"},{"floor":10.0,"key":"Strength Potion"},{"floor":28,"key":"Regen Potion"},{"floor":37,"key":"Regen Potion"},{"floor":39,"key":"LiquidBronze"},{"floor":46,"key":"Regen Potion"}],"is_trial":false,"path_per_floor":["M","M","M","M","?","R","E","M","T","M","M","?","M","?","R","B",null,"M","?","M","?","$","R","?","?","T","T","M","$","R","M","R","B",null,"M","M","?","?","M","R","M","R","T","M","R","?","E","?","R","B","B",null],"character_chosen":"THE_SILENT","items_purchased":["Pen Nib"],"campfire_rested":0,"item_purchase_floors":[22],"current_hp_per_floor":[51,49,49,43,43,43,21,19,19,19,19,35,29,29,29,25,56,8,8,12,12,12,12,12,14,14,14,27,27,27,43,43,34,56,62,63,63,63,63,63,63,63,63,52,52,40,39,39,39,43,52],"gold":1,"neow_bonus":"ONE_RANDOM_RARE_CARD","is_prod":false,"is_daily":false,"chose_seed":false,"campfire_upgraded":9,"win_rate":0,"timestamp":1557417798,"path_taken":["M","M","M","M","?","R","E","M","T","M","M","?","M","?","R","BOSS","M","?","?","?","$","R","?","?","T","?","?","?","R","?","R","BOSS","M","M","?","?","M","R","?","R","T","M","R","?","E","?","R","BOSS","BOSS"],"build_version":"2019-01-23","purchased_purges":1,"victory":true,"max_hp_per_floor":[66,66,66,66,66,66,66,66,66,66,66,66,66,66,66,66,66,66,66,66,66,63,63,63,63,63,63,63,63,63,63,63,63,63,63,63,63,63,63,63,63,63,63,63,63,63,63,63,63,63,63],"card_choices":[{"not_picked":["Slice","Quick Slash"],"picked":"Blade Dance","floor":1.0},{"not_picked":["Acrobatics","Dodge and Roll"],"picked":"Deflect","floor":2.0},{"not_picked":["Cloak And Dagger","Calculated Gamble"],"picked":"Flying Knee","floor":3.0},{"not_picked":["Quick Slash","Masterful Stab"],"picked":"Blade Dance","floor":4.0},{"not_picked":["Deflect","Bane","Outmaneuver"],"picked":"SKIP","floor":7.0},{"not_picked":["Storm of Steel","Deadly Poison"],"picked":"PiercingWail","floor":8.0},{"not_picked":["Poisoned Stab","Deadly Poison"],"picked":"Cloak And Dagger","floor":10.0},{"not_picked":["Quick Slash","Acrobatics"],"picked":"Well Laid Plans","floor":11.0},{"not_picked":["Crippling Poison","Caltrops"],"picked":"Dagger Spray","floor":13.0},{"not_picked":["Glass Knife","Unload"],"picked":"Phantasmal Killer","floor":16.0},{"not_picked":["Dodge and Roll","Deflect","Sucker Punch"],"picked":"SKIP","floor":18.0},{"not_picked":["PiercingWail","Noxious Fumes"],"picked":"Finisher","floor":20.0},{"not_picked":["Finisher","Acrobatics"],"picked":"Calculated Gamble","floor":28},{"not_picked":["Dagger Throw","Catalyst","PiercingWail"],"picked":"SKIP","floor":31},{"not_picked":["Dagger Throw","Catalyst"],"picked":"PiercingWail","floor":31},{"not_picked":["Die Die Die","Burst"],"picked":"After Image","floor":33},{"not_picked":["Dash"],"picked":"SKIP","floor":35},{"not_picked":["Dodge and Roll"],"picked":"SKIP","floor":36},{"not_picked":["Prepared"],"picked":"SKIP","floor":39},{"not_picked":["Bane"],"picked":"SKIP","floor":41},{"not_picked":[],"picked":"Infinite Blades+1","floor":44},{"not_picked":[],"picked":"Backflip","floor":46},{"not_picked":["Underhanded Strike+1"],"picked":"SKIP","floor":47}],"player_experience":4964448,"relics_obtained":[{"floor":7.0,"key":"Shuriken"},{"floor":9.0,"key":"Tingsha"},{"floor":26,"key":"Lantern"},{"floor":27,"key":"Meat on the Bone"},{"floor":37,"key":"Thread and Needle"},{"floor":43,"key":"Vajra"},{"floor":46,"key":"Tough Bandages"},{"floor":47,"key":"Torii"}],"event_choices":[{"damage_healed":0.0,"max_hp_gain":0.0,"max_hp_loss":0.0,"gold_gain":0.0,"cards_transformed":["Strike_G"],"event_name":"Living Wall","player_choice":"Change","floor":5.0,"gold_loss":0.0,"damage_taken":0.0,"cards_obtained":["Wraith Form v2"]},{"damage_healed":16.0,"max_hp_gain":0.0,"max_hp_loss":0.0,"gold_gain":0.0,"event_name":"Mushrooms","player_choice":"Healed and dodged fight","floor":12.0,"gold_loss":0.0,"damage_taken":0.0,"cards_obtained":["Parasite"]},{"damage_healed":0.0,"max_hp_gain":0.0,"max_hp_loss":0.0,"gold_gain":0.0,"event_name":"Dead Adventurer","player_choice":"Searched \u00271\u0027 times","floor":14.0,"gold_loss":0.0,"damage_taken":0.0,"relics_obtained":["Bird Faced Urn"]},{"damage_healed":0.0,"max_hp_gain":0.0,"max_hp_loss":0.0,"gold_gain":0.0,"event_name":"FaceTrader","player_choice":"Trade","floor":19.0,"gold_loss":0.0,"damage_taken":0.0,"relics_obtained":["GremlinMask"]},{"damage_healed":0.0,"max_hp_gain":0.0,"max_hp_loss":0.0,"gold_gain":0.0,"event_name":"Back to Basics","player_choice":"Simplicity","floor":21.0,"gold_loss":0.0,"damage_taken":0.0,"cards_upgraded":["Defend_G","Defend_G","Defend_G","Defend_G","Defend_G","Strike_G","Strike_G","Strike_G","Strike_G"]},{"damage_healed":0.0,"max_hp_gain":0.0,"max_hp_loss":0.0,"gold_gain":0.0,"event_name":"Cursed Tome","player_choice":"Ignored","floor":24.0,"gold_loss":0.0,"damage_taken":0.0},{"damage_healed":0,"gold_gain":0,"player_choice":"Fight","damage_taken":0,"max_hp_gain":0,"max_hp_loss":0,"event_name":"Colosseum","floor":25,"gold_loss":0},{"damage_healed":0,"gold_gain":0,"player_choice":"Fled From Nobs","damage_taken":0,"max_hp_gain":0,"max_hp_loss":0,"event_name":"Colosseum","floor":25,"gold_loss":0},{"damage_healed":0,"gold_gain":0,"player_choice":"Fight","damage_taken":0,"max_hp_gain":0,"max_hp_loss":0,"event_name":"MindBloom","floor":37,"gold_loss":0},{"damage_healed":0,"gold_gain":0,"player_choice":"Ignored","damage_taken":0,"max_hp_gain":0,"max_hp_loss":0,"event_name":"SecretPortal","floor":38,"gold_loss":0},{"damage_healed":0,"gold_gain":0,"player_choice":"Fight","damage_taken":0,"max_hp_gain":0,"max_hp_loss":0,"event_name":"Mysterious Sphere","floor":46,"gold_loss":0},{"damage_healed":0,"gold_gain":0,"player_choice":"Copied","damage_taken":0,"max_hp_gain":0,"max_hp_loss":0,"event_name":"Duplicator","floor":48,"gold_loss":0,"cards_obtained":["Wraith Form v2"]}],"is_beta":false,"boss_relics":[{"not_picked":["Velvet Choker","Astrolabe"],"picked":"Ectoplasm"},{"not_picked":["Lizard Tail","Black Star"],"picked":"Busted Crown"}],"items_purged_floors":[22],"is_endless":false,"potions_floor_spawned":[2,8,10,13,25,28,37,39,46],"ascension_level":20}