{"gold_per_floor":[117,137,155,174,174,174,188,188,211,22,22,47,67,83,83,83],"floor_reached":16,"playtime":401,"items_purged":[],"score":208,"play_id":"a12e6151-0641-41aa-82e8-3c1ad0e3aac6","local_time":"20190419020447","is_ascension_mode":true,"campfire_choices":[{"data":"Setup","floor":6,"key":"SMITH"},{"data":"Neutralize","floor":8,"key":"SMITH"},{"data":"The Bomb","floor":15,"key":"SMITH"}],"neow_cost":"NONE","seed_source_timestamp":179749557681400,"circlet_count":0,"master_deck":["AscendersBane","Defend_G","Defend_G","Defend_G","Defend_G","Defend_G","Strike_G","Strike_G","Strike_G","Strike_G","Strike_G","Survivor","Neutralize+1","Quick Slash","Footwork","Quick Slash","Setup+1","Deflect","The Bomb+1","Die Die Die"],"relics":["Ring of the Snake","NeowsBlessing","Art of War","Orichalcum","Anchor"],"potions_floor_usage":[7,11,16],"damage_taken":[{"damage":0,"enemies":"Jaw Worm","floor":1,"turns":1},{"damage":0,"enemies":"2 Louse","floor":2,"turns":1},{"damage":0,"enemies":"Cultist","floor":3,"turns":1},{"damage":2,"enemies":"2 Fungi Beasts","floor":4,"turns":4},{"damage":11,"enemies":"Looter","floor":7,"turns":5},{"damage":13,"enemies":"Lagavulin","floor":12,"turns":8},{"damage":1,"enemies":"Gremlin Gang","floor":13,"turns":3},{"damage":0,"enemies":"Exordium Wildlife","floor":14,"turns":3},{"damage":26,"enemies":"Slime Boss","floor":16,"turns":6}],"seed_played":"2473576194933967287","potions_obtained":[{"floor":3,"key":"Regen Potion"},{"floor":4,"key":"Dexterity Potion"},{"floor":11,"key":"Fruit Juice"},{"floor":11,"key":"Ancient Potion"},{"floor":14,"key":"Fire Potion"}],"is_trial":false,"path_per_floor":["M","M","M","M","?","R","M","R","T","$","?","E","M","M","R","B"],"character_chosen":"THE_SILENT","items_purchased":["The Bomb"],"campfire_rested":0,"item_purchase_floors":[10],"current_hp_per_floor":[59,59,59,57,22,22,25,25,25,25,30,17,16,16,16,0],"gold":83,"neow_bonus":"THREE_ENEMY_KILL","is_prod":false,"is_daily":false,"chose_seed":false,"campfire_upgraded":3,"win_rate":0,"timestamp":1555607087,"path_taken":["M","M","M","M","?","R","M","R","T","$","?","E","M","?","R","BOSS"],"build_version":"2019-01-23","purchased_purges":0,"victory":false,"max_hp_per_floor":[66,66,66,66,66,66,66,66,66,66,71,71,71,71,71,71],"card_choices":[{"not_picked":["Reflex","Sucker Punch"],"picked":"Quick Slash","floor":1},{"not_picked":["Outmaneuver","Accuracy"],"picked":"Footwork","floor":2},{"not_picked":["Deflect","Dodge and Roll"],"picked":"Quick Slash","floor":3},{"not_picked":["Catalyst","Slice"],"picked":"Setup","floor":4},{"not_picked":["Sucker Punch","Finisher"],"picked":"Deflect","floor":7},{"not_picked":["Sucker Punch","PiercingWail"],"picked":"Die Die Die","floor":12},{"not_picked":["Slice","Sucker Punch","Prepared"],"picked":"SKIP","floor":13},{"not_picked":["Noxious Fumes","Flying Knee","Accuracy"],"picked":"SKIP","floor":14}],"player_experience":4839529,"relics_obtained":[{"floor":9,"key":"Orichalcum"},{"floor":12,"key":"Anchor"}],"event_choices":[{"damage_healed":0,"gold_gain":0,"player_choice":"Success","damage_taken":35,"relics_obtained":["Art of War"],"max_hp_gain":0,"max_hp_loss":0,"event_name":"Scrap Ooze","floor":5,"gold_loss":0},{"damage_healed":0,"gold_gain":0,"player_choice":"Got Potions","damage_taken":0,"max_hp_gain":0,"max_hp_loss":0,"event_name":"Lab","floor":11,"gold_loss":0}],"is_beta":false,"boss_relics":[],"items_purged_floors":[],"is_endless":false,"potions_floor_spawned":[3,4,14],"killed_by":"Slime Boss","ascension_level":20}