{"gold_per_floor":[113,388,406,46,57,72,100,113,113,113,123,123,137,37,37,37],"floor_reached":16,"playtime":728,"items_purged":["Regret","Injury"],"score":140,"play_id":"d35fb97b-648c-4917-96eb-bc7d9927b9ef","local_time":"20190718152926","is_ascension_mode":true,"campfire_choices":[{"data":"Heavy Blade","floor":10,"key":"SMITH"},{"data":"Immolate","floor":15,"key":"SMITH"}],"neow_cost":"NONE","seed_source_timestamp":16756623854000,"circlet_count":0,"master_deck":["Strike_R","Strike_R","Strike_R","Strike_R","Strike_R","Defend_R","Defend_R","Defend_R","Defend_R","Bash","Inflame","Inflame","Bandage Up","Heavy Blade+1","Ghostly Armor","Flame Barrier","Pommel Strike","Immolate+1","True Grit"],"relics":["Runic Cube","Centennial Puzzle","PreservedInsect","Bronze Scales","Golden Idol"],"potions_floor_usage":[16,16,16,16,16,16],"damage_taken":[{"damage":1,"enemies":"Small Slimes","floor":1,"turns":4},{"damage":9,"enemies":"Cultist","floor":3,"turns":3},{"damage":6,"enemies":"2 Louse","floor":5,"turns":2},{"damage":9,"enemies":"2 Fungi Beasts","floor":6,"turns":3},{"damage":30,"enemies":"3 Sentries","floor":7,"turns":7},{"damage":10,"enemies":"Exordium Thugs","floor":8,"turns":5},{"damage":2,"enemies":"Looter","floor":11,"turns":3},{"damage":0,"enemies":"3 Louse","floor":13,"turns":1},{"damage":30,"enemies":"Slime Boss","floor":16,"turns":4}],"seed_played":"-7102693887651207990","potions_obtained":[{"floor":1,"key":"Swift Potion"},{"floor":3,"key":"GamblersBrew"},{"floor":6,"key":"FearPotion"},{"floor":7,"key":"EntropicBrew"},{"floor":11,"key":"Energy Potion"}],"is_trial":false,"path_per_floor":["M","?","M","$","M","M","E","M","T","R","M","?","M","$","R","B"],"character_chosen":"IRONCLAD","items_purchased":["Bandage Up","Centennial Puzzle","Heavy Blade"],"campfire_rested":0,"item_purchase_floors":[4,4,4],"current_hp_per_floor":[71,71,62,62,60,55,29,23,23,23,25,25,25,25,25,0],"gold":37,"neow_bonus":"BOSS_RELIC","is_prod":false,"is_daily":false,"chose_seed":false,"campfire_upgraded":2,"win_rate":0,"timestamp":1563478166,"path_taken":["M","?","M","$","M","M","E","M","T","R","?","?","M","$","R","BOSS"],"build_version":"2019-07-17","purchased_purges":2,"victory":false,"max_hp_per_floor":[80,80,80,80,80,80,80,80,80,80,80,80,80,80,80,80],"card_choices":[{"not_picked":["Evolve","Dual Wield"],"picked":"Inflame","floor":1},{"not_picked":["Wild Strike","Sword Boomerang"],"picked":"Inflame","floor":3},{"not_picked":["Pommel Strike","Headbutt"],"picked":"Ghostly Armor","floor":5},{"not_picked":["True Grit","Flex"],"picked":"Flame Barrier","floor":6},{"not_picked":["Clash","Perfected Strike"],"picked":"Pommel Strike","floor":7},{"not_picked":["Wild Strike","Sever Soul"],"picked":"Immolate","floor":8},{"not_picked":["Clothesline","Body Slam"],"picked":"True Grit","floor":11},{"not_picked":["Burning Pact","Wild Strike","Perfected Strike"],"picked":"SKIP","floor":13}],"player_experience":249105,"relics_obtained":[{"floor":7,"key":"PreservedInsect"},{"floor":9,"key":"Bronze Scales"}],"event_choices":[{"damage_healed":0,"gold_gain":275,"player_choice":"Desecrate","damage_taken":0,"max_hp_gain":0,"max_hp_loss":0,"event_name":"Golden Shrine","floor":2,"gold_loss":0,"cards_obtained":["Regret"]},{"damage_healed":0,"gold_gain":0,"player_choice":"Take Wound","damage_taken":0,"relics_obtained":["Golden Idol"],"max_hp_gain":0,"max_hp_loss":0,"event_name":"Golden Idol","floor":12,"gold_loss":0,"cards_obtained":["Injury"]}],"is_beta":false,"boss_relics":[],"items_purged_floors":[4,14],"is_endless":false,"potions_floor_spawned":[1,3,6,7,11],"killed_by":"Slime Boss","ascension_level":7}