{"gold_per_floor":[368,368,380,394,394,394,54,54,78,78,93,132,153,193,193,292,292,317,242,242,242,242,280,280,314,338,338,106,120,120,120,120,213,213,229,252,115,138,138,179,179,210,210,248,248,261,276,104,104,104,104,104,104,38,71,71],"floor_reached":57,"playtime":2443,"items_purged":["Defend_R","Defend_R"],"score":2968,"play_id":"de7742c6-cbdd-4643-a9ba-f07bef68ee4c","local_time":"20190724233414","is_ascension_mode":true,"campfire_choices":[{"data":"Hemokinesis","floor":6.0,"key":"SMITH"},{"data":"Apotheosis","floor":8.0,"key":"SMITH"},{"floor":10.0,"key":"REST"},{"data":"Strike_R","floor":15.0,"key":"PURGE"},{"data":"Intimidate","floor":24.0,"key":"PURGE"},{"data":"Headbutt","floor":27.0,"key":"PURGE"},{"data":"Defend_R","floor":30.0,"key":"PURGE"},{"data":"Defend_R","floor":32.0,"key":"PURGE"},{"data":"Hemokinesis+1","floor":41,"key":"PURGE"},{"floor":45,"key":"RECALL"},{"data":"Sever Soul","floor":49,"key":"PURGE"},{"data":"Bash","floor":53,"key":"PURGE"}],"neow_cost":"PERCENT_DAMAGE","seed_source_timestamp":48692119896000,"circlet_count":0,"master_deck":["AscendersBane","Infernal Blade","Shrug It Off","Feed","Apotheosis+1","Berserk","Blood for Blood","Demon Form+1","Ghostly","Ghostly","Ghostly","Carnage","Seeing Red","Shrug It Off+1","Reaper","Sword Boomerang+1","Power Through","Uppercut+1","Impervious","Dual Wield","Shrug It Off","Limit Break"],"special_seed":0,"relics":["Burning Blood","Golden Idol","Orichalcum","Juzu Bracelet","Peace Pipe","Snecko Eye","Du-Vu Doll","Ancient Tea Set","Lantern","Coffee Dripper","Anchor","Regal Pillow","Pantograph","The Courier","Medical Kit","Boot"],"potions_floor_usage":[42,56],"damage_taken":[{"damage":8.0,"enemies":"Small Slimes","floor":1.0,"turns":4.0},{"damage":10.0,"enemies":"Jaw Worm","floor":3.0,"turns":3.0},{"damage":0.0,"enemies":"2 Louse","floor":4.0,"turns":3.0},{"damage":5.0,"enemies":"Blue Slaver","floor":11.0,"turns":3.0},{"damage":5.0,"enemies":"Gremlin Nob","floor":12.0,"turns":3.0},{"damage":6.0,"enemies":"Gremlin Gang","floor":13.0,"turns":5.0},{"damage":15.0,"enemies":"Lagavulin","floor":14.0,"turns":8.0},{"damage":34.0,"enemies":"Hexaghost","floor":16.0,"turns":6.0},{"damage":3.0,"enemies":"Spheric Guardian","floor":18.0,"turns":3.0},{"damage":2.0,"enemies":"Book of Stabbing","floor":23.0,"turns":4.0},{"damage":1.0,"enemies":"Slavers","floor":25.0,"turns":5.0},{"damage":2.0,"enemies":"Chosen","floor":29.0,"turns":4.0},{"damage":27,"enemies":"Automaton","floor":33,"turns":7},{"damage":2,"enemies":"3 Darklings","floor":35,"turns":4},{"damage":2,"enemies":"3 Shapes","floor":36,"turns":5},{"damage":1,"enemies":"Spire Growth","floor":38,"turns":4},{"damage":48,"enemies":"Nemesis","floor":40,"turns":7},{"damage":0,"enemies":"Reptomancer","floor":42,"turns":6},{"damage":0,"enemies":"Nemesis","floor":44,"turns":5},{"damage":1,"enemies":"Sphere and 2 Shapes","floor":46,"turns":6},{"damage":0,"enemies":"Transient","floor":47,"turns":6},{"damage":30,"enemies":"Awakened One","floor":50,"turns":9},{"damage":66,"enemies":"Time Eater","floor":51,"turns":13},{"damage":57,"enemies":"Shield and Spear","floor":55,"turns":8},{"damage":103,"enemies":"The Heart","floor":56,"turns":10}],"seed_played":"3950158160930348332","potions_obtained":[{"floor":1.0,"key":"BloodPotion"},{"floor":13.0,"key":"FearPotion"},{"floor":14.0,"key":"SkillPotion"},{"floor":16.0,"key":"EssenceOfSteel"},{"floor":29.0,"key":"EssenceOfSteel"},{"floor":35,"key":"SteroidPotion"},{"floor":42,"key":"Swift Potion"}],"is_trial":false,"path_per_floor":["M","?","M","M","?","R","$","R","T","R","M","E","M","E","R","B",null,"M","?","?","?","?","E","R","E","T","R","$","M","R","?","R","B",null,"M","M","$","M","?","E","R","E","T","E","R","M","M","$","R","B","B",null,"R","$","E","B",null],"character_chosen":"IRONCLAD","items_purchased":["Feed","Apotheosis","Lantern","Power Through","Medical Kit","Dual Wield","Shrug It Off"],"campfire_rested":1,"item_purchase_floors":[7,7,28,37,48,54,54],"current_hp_per_floor":[48,48,44,50,24,24,24,24,24,46,50,51,54,69,69,45,78,85,85,46,46,46,46,46,46,46,46,46,49,49,49,49,32,48,57,61,61,61,61,24,24,64,64,69,69,73,73,73,73,77,48,73,73,73,45,85],"gold":71,"neow_bonus":"TWO_FIFTY_GOLD","is_prod":false,"is_daily":false,"chose_seed":false,"campfire_upgraded":2,"win_rate":0,"timestamp":1563978854,"path_taken":["M","?","M","M","?","R","$","R","T","R","M","E","M","E","R","BOSS","M","?","?","?","?","E","R","E","T","R","$","M","R","?","R","BOSS","M","M","$","M","?","E","R","E","T","E","R","M","M","$","R","BOSS","BOSS","R","$","E","BOSS"],"build_version":"2019-07-17","purchased_purges":2,"victory":true,"max_hp_per_floor":[75,75,75,75,75,75,75,75,75,75,78,78,81,85,85,89,89,93,93,46,46,46,46,46,46,46,46,46,49,49,49,49,53,53,57,61,61,61,61,65,65,69,69,69,69,73,73,73,73,77,81,81,81,81,85,85],"card_choices":[{"not_picked":["Perfected Strike","Havoc"],"picked":"Hemokinesis","floor":1.0},{"not_picked":["Pommel Strike","Warcry"],"picked":"Infernal Blade","floor":3.0},{"not_picked":["Flex","Pommel Strike"],"picked":"Shrug It Off","floor":4.0},{"not_picked":["Burning Pact","Clothesline"],"picked":"Headbutt","floor":11.0},{"not_picked":["Entrench","Rage"],"picked":"Berserk","floor":12.0},{"not_picked":["Clothesline","True Grit"],"picked":"Blood for Blood","floor":13.0},{"not_picked":["Wild Strike","Headbutt"],"picked":"Demon Form","floor":14.0},{"not_picked":["Limit Break","Reaper"],"picked":"Immolate","floor":16.0},{"not_picked":["Sword Boomerang","Armaments","Warcry"],"picked":"SKIP","floor":18.0},{"not_picked":["Searing Blow","Cleave","Infernal Blade"],"picked":"SKIP","floor":23.0},{"not_picked":["Perfected Strike","Iron Wave","Brutality"],"picked":"SKIP","floor":25.0},{"not_picked":["Sever Soul","Perfected Strike"],"picked":"Shrug It Off+1","floor":29.0},{"not_picked":["Dark Embrace","Berserk"],"picked":"Reaper","floor":33},{"not_picked":["Carnage+1","Armaments"],"picked":"Sword Boomerang+1","floor":35},{"not_picked":["Warcry+1","Clash","Hemokinesis"],"picked":"SKIP","floor":36},{"not_picked":["Warcry+1","Clash","Hemokinesis"],"picked":"SKIP","floor":36},{"not_picked":["Body Slam","Blood for Blood","Clash"],"picked":"SKIP","floor":38},{"not_picked":["Heavy Blade","Havoc+1"],"picked":"Uppercut+1","floor":40},{"not_picked":["Metallicize","Sword Boomerang","Havoc"],"picked":"SKIP","floor":42},{"not_picked":["Cleave+1","Combust"],"picked":"Impervious","floor":44},{"not_picked":["Warcry","Perfected Strike","Anger"],"picked":"SKIP","floor":46},{"not_picked":["Pommel Strike","Uppercut","Intimidate"],"picked":"SKIP","floor":47},{"not_picked":["Armaments+1","Havoc+1"],"picked":"Limit Break","floor":55}],"player_experience":5801154,"relics_obtained":[{"floor":9.0,"key":"Orichalcum"},{"floor":12.0,"key":"Juzu Bracelet"},{"floor":14.0,"key":"Peace Pipe"},{"floor":23.0,"key":"Du-Vu Doll"},{"floor":25.0,"key":"Ancient Tea Set"},{"floor":40,"key":"Anchor"},{"floor":42,"key":"Regal Pillow"},{"floor":43,"key":"Pantograph"},{"floor":44,"key":"The Courier"},{"floor":55,"key":"Boot"}],"event_choices":[{"damage_healed":0.0,"max_hp_gain":0.0,"max_hp_loss":0.0,"gold_gain":0.0,"cards_transformed":["Strike_R"],"event_name":"Living Wall","player_choice":"Change","floor":2.0,"gold_loss":0.0,"damage_taken":0.0,"cards_obtained":["Sever Soul"]},{"damage_healed":0.0,"max_hp_gain":0.0,"max_hp_loss":0.0,"gold_gain":0.0,"event_name":"Golden Idol","player_choice":"Take Damage","floor":5.0,"gold_loss":0.0,"damage_taken":26.0,"relics_obtained":["Golden Idol"]},{"cards_removed":["Strike_R"],"damage_healed":0.0,"max_hp_gain":0.0,"max_hp_loss":0.0,"gold_gain":0.0,"event_name":"Beggar","player_choice":"Gave Gold","floor":19.0,"gold_loss":75.0,"damage_taken":0.0},{"damage_healed":0.0,"max_hp_gain":0.0,"max_hp_loss":47.0,"gold_gain":0.0,"event_name":"Ghosts","player_choice":"Became a Ghost","floor":20.0,"gold_loss":0.0,"damage_taken":0.0,"cards_obtained":["Ghostly","Ghostly","Ghostly"]},{"damage_healed":0.0,"max_hp_gain":0.0,"max_hp_loss":0.0,"gold_gain":0.0,"cards_transformed":["Strike_R","Strike_R"],"event_name":"Drug Dealer","player_choice":"Became Test Subject","floor":21.0,"gold_loss":0.0,"damage_taken":0.0,"cards_obtained":["Intimidate","Carnage"]},{"damage_healed":0.0,"max_hp_gain":0.0,"max_hp_loss":0.0,"gold_gain":0.0,"event_name":"Match and Keep!","player_choice":"1 cards matched","floor":22.0,"gold_loss":0.0,"damage_taken":0.0,"cards_obtained":["Seeing Red"]},{"damage_healed":0.0,"max_hp_gain":0.0,"max_hp_loss":0.0,"gold_gain":0.0,"event_name":"Upgrade Shrine","player_choice":"Upgraded","floor":31.0,"gold_loss":0.0,"damage_taken":0.0,"cards_upgraded":["Demon Form"]},{"cards_removed":["Immolate"],"damage_healed":0,"gold_gain":0,"player_choice":"Removed Attack","damage_taken":0,"max_hp_gain":0,"max_hp_loss":0,"event_name":"Falling","floor":39,"gold_loss":0}],"is_beta":false,"boss_relics":[{"not_picked":["Runic Pyramid","Astrolabe"],"picked":"Snecko Eye"},{"not_picked":["Black Star","Philosopher\u0027s Stone"],"picked":"Coffee Dripper"}],"items_purged_floors":[28,37],"is_endless":false,"potions_floor_spawned":[1,13,14,16,29,35,42,44],"ascension_level":20}