{"gold_per_floor":[109,109,109,126,12,37,50,50,73,73,85,85,126,144,144,240,240,256,256,306,319,84,84,3,3,50,50,66,99,99,123,123,212,212,233,233,233,358,430,430,444,457,457,457,457,480,518,538,538,538],"floor_reached":50,"playtime":1511,"items_purged":["Strike_G","Strike_G"],"score":1096,"play_id":"7a15eb99-8b50-407c-b88f-7f2d40fe338b","local_time":"20190515050640","is_ascension_mode":true,"campfire_choices":[{"data":"Noxious Fumes","floor":8.0,"key":"SMITH"},{"data":"Infinite Blades","floor":15.0,"key":"SMITH"},{"floor":23.0,"key":"REST"},{"data":"Crippling Poison","floor":25.0,"key":"SMITH"},{"floor":30.0,"key":"REST"},{"data":"Bouncing Flask","floor":32.0,"key":"SMITH"},{"floor":40.0,"key":"REST"},{"data":"Crippling Poison","floor":45.0,"key":"SMITH"},{"floor":49.0,"key":"RECALL"}],"neow_cost":"NONE","seed_source_timestamp":816277122031500,"circlet_count":0,"master_deck":["AscendersBane","Defend_G","Defend_G","Defend_G","Defend_G+1","Strike_G","Strike_G","Strike_G+1","Survivor","Neutralize","Infinite Blades+1","Noxious Fumes+1","Dash","Flying Knee","Terror","Dash","Distraction","A Thousand Cuts+1","Underhanded Strike","Bouncing Flask+1","Underhanded Strike","Crippling Poison+1","Leg Sweep","Leg Sweep","Acrobatics","Crippling Poison+1","HandOfGreed","The Bomb","Dark Shackles","Catalyst+1","Leg Sweep","Bouncing Flask"],"special_seed":0,"relics":["Ring of the Snake","NeowsBlessing","Art of War","Paper Crane","Juzu Bracelet","PreservedInsect","Golden Idol","Bronze Scales","Snecko Eye","Bag of Preparation","Bag of Marbles","HoveringKite","Mango","Ancient Tea Set","Regal Pillow"],"potions_floor_usage":[],"damage_taken":[{"damage":0.0,"enemies":"2 Louse","floor":1.0,"turns":1.0},{"damage":0.0,"enemies":"Jaw Worm","floor":4.0,"turns":1.0},{"damage":0.0,"enemies":"3 Sentries","floor":6.0,"turns":2.0},{"damage":4.0,"enemies":"Cultist","floor":7.0,"turns":5.0},{"damage":0.0,"enemies":"Blue Slaver","floor":11.0,"turns":4.0},{"damage":11.0,"enemies":"Gremlin Nob","floor":13.0,"turns":3.0},{"damage":1.0,"enemies":"Red Slaver","floor":14.0,"turns":3.0},{"damage":10.0,"enemies":"Slime Boss","floor":16.0,"turns":9.0},{"damage":14.0,"enemies":"Shell Parasite","floor":18.0,"turns":7.0},{"damage":8.0,"enemies":"Chosen","floor":21.0,"turns":4.0},{"damage":12.0,"enemies":"3 Cultists","floor":28.0,"turns":4.0},{"damage":4.0,"enemies":"Slavers","floor":29.0,"turns":3.0},{"damage":0.0,"enemies":"Chosen and Byrds","floor":31.0,"turns":3.0},{"damage":22.0,"enemies":"Automaton","floor":33.0,"turns":11.0},{"damage":21.0,"enemies":"3 Darklings","floor":35.0,"turns":3.0},{"damage":0.0,"enemies":"Mind Bloom Boss Battle","floor":38.0,"turns":5.0},{"damage":0.0,"enemies":"3 Shapes","floor":41.0,"turns":3.0},{"damage":0.0,"enemies":"Transient","floor":42.0,"turns":6.0},{"damage":16.0,"enemies":"Spire Growth","floor":46.0,"turns":3.0},{"damage":0.0,"enemies":"Nemesis","floor":47.0,"turns":3.0},{"damage":15.0,"enemies":"3 Darklings","floor":48.0,"turns":4.0},{"damage":41,"enemies":"Donu and Deca","floor":50,"turns":5}],"seed_played":"-6235964220590336931","potions_obtained":[{"floor":6.0,"key":"GhostInAJar"},{"floor":13.0,"key":"PowerPotion"},{"floor":14.0,"key":"Strength Potion"},{"floor":21.0,"key":"EssenceOfSteel"},{"floor":31.0,"key":"Block Potion"},{"floor":33.0,"key":"Dexterity Potion"},{"floor":41.0,"key":"Regen Potion"},{"floor":42.0,"key":"AttackPotion"}],"is_trial":false,"path_per_floor":["M","?","?","M","$","E","M","R","T","?","M","?","E","M","R","B",null,"M","?","?","M","$","R","$","R","T","?","M","E","R","M","R","B",null,"M","?","?","?","T","R","M","M","T","?","R","M","E","M","R","B"],"character_chosen":"THE_SILENT","items_purchased":["Noxious Fumes","Bouncing Flask","Underhanded Strike","Crippling Poison"],"campfire_rested":3,"item_purchase_floors":[5,22,22,24],"current_hp_per_floor":[59,39,34,34,34,34,30,30,30,30,30,30,19,18,18,8,47,33,33,33,25,25,43,43,43,43,43,31,27,45,45,45,23,51,30,30,20,34,34,56,56,71,71,71,71,55,55,40,40,0],"gold":538,"neow_bonus":"THREE_ENEMY_KILL","is_prod":false,"is_daily":false,"chose_seed":false,"campfire_upgraded":5,"win_rate":0,"timestamp":1557864400,"path_taken":["M","?","?","M","?","E","M","R","T","?","M","?","E","M","R","BOSS","M","?","?","M","$","R","?","R","T","?","M","E","R","M","R","BOSS","M","?","?","?","?","R","M","M","T","?","R","M","E","M","R","BOSS"],"build_version":"2019-01-23","purchased_purges":2,"victory":false,"max_hp_per_floor":[66,66,66,66,66,66,66,66,66,66,66,60,60,60,60,60,60,60,60,60,60,60,60,60,60,60,60,60,60,60,60,60,60,60,60,60,60,74,74,74,74,74,74,74,74,74,74,74,74,74],"card_choices":[{"not_picked":["Flying Knee","Concentrate"],"picked":"Infinite Blades","floor":1.0},{"not_picked":["Blade Dance","Accuracy"],"picked":"Tactician","floor":4.0},{"not_picked":["Predator","Deflect"],"picked":"Dash","floor":6.0},{"not_picked":["Reflex","Sucker Punch"],"picked":"Flying Knee","floor":7.0},{"not_picked":["Flechettes","Escape Plan"],"picked":"Terror","floor":11.0},{"not_picked":["Leg Sweep","Finisher"],"picked":"Dash","floor":13.0},{"not_picked":["Slice","Flying Knee"],"picked":"Distraction","floor":14.0},{"not_picked":["Burst","Unload"],"picked":"A Thousand Cuts","floor":16.0},{"not_picked":["Endless Agony+1","Heel Hook"],"picked":"Underhanded Strike","floor":18.0},{"not_picked":["Deadly Poison","Setup","Masterful Stab"],"picked":"SKIP","floor":21.0},{"not_picked":["Outmaneuver","Bane+1"],"picked":"Leg Sweep","floor":28.0},{"not_picked":["Escape Plan","Flying Knee"],"picked":"Acrobatics","floor":29.0},{"not_picked":["Dagger Throw","Bouncing Flask"],"picked":"Crippling Poison","floor":31.0},{"not_picked":["Deflect+1","Poisoned Stab","Cloak And Dagger+1"],"picked":"SKIP","floor":35.0},{"not_picked":["Dramatic Entrance","Master of Strategy"],"picked":"HandOfGreed","floor":37.0},{"not_picked":["Panacea","Good Instincts"],"picked":"The Bomb","floor":37.0},{"not_picked":["Madness","Jack Of All Trades"],"picked":"Dark Shackles","floor":37.0},{"not_picked":["Well Laid Plans","Terror+1"],"picked":"Catalyst","floor":38.0},{"not_picked":["Dagger Throw","Underhanded Strike","Dagger Spray"],"picked":"SKIP","floor":41.0},{"not_picked":["Flechettes","Blade Dance+1"],"picked":"Leg Sweep","floor":42.0},{"not_picked":["Deadly Poison","Acrobatics"],"picked":"Bouncing Flask","floor":46.0},{"not_picked":["Underhanded Strike+1","Dodge and Roll","Prepared"],"picked":"SKIP","floor":47.0},{"not_picked":["Heel Hook","Accuracy+1","Setup"],"picked":"SKIP","floor":48.0}],"player_experience":5032609,"relics_obtained":[{"floor":6.0,"key":"Paper Crane"},{"floor":9.0,"key":"Juzu Bracelet"},{"floor":13.0,"key":"Bronze Scales"},{"floor":26.0,"key":"Bag of Preparation"},{"floor":29.0,"key":"Bag of Marbles"},{"floor":38.0,"key":"Mango"},{"floor":43.0,"key":"Ancient Tea Set"},{"floor":47.0,"key":"Regal Pillow"}],"event_choices":[{"damage_healed":0.0,"max_hp_gain":0.0,"max_hp_loss":0.0,"gold_gain":0.0,"event_name":"Shining Light","player_choice":"Entered Light","floor":2.0,"gold_loss":0.0,"damage_taken":20.0,"cards_upgraded":["Defend_G","Strike_G"]},{"damage_healed":0.0,"max_hp_gain":0.0,"max_hp_loss":0.0,"gold_gain":0.0,"event_name":"Scrap Ooze","player_choice":"Success","floor":3.0,"gold_loss":0.0,"damage_taken":5.0,"relics_obtained":["Art of War"]},{"cards_removed":["Tactician"],"damage_healed":0.0,"max_hp_gain":0.0,"max_hp_loss":0.0,"gold_gain":0.0,"event_name":"WeMeetAgain","player_choice":"Gave Card","floor":10.0,"gold_loss":0.0,"damage_taken":0.0,"relics_obtained":["PreservedInsect"]},{"damage_healed":0.0,"max_hp_gain":0.0,"max_hp_loss":6.0,"gold_gain":0.0,"event_name":"Golden Idol","player_choice":"Lose Max HP","floor":12.0,"gold_loss":0.0,"damage_taken":0.0,"relics_obtained":["Golden Idol"]},{"damage_healed":0.0,"max_hp_gain":0.0,"max_hp_loss":0.0,"gold_gain":0.0,"event_name":"Upgrade Shrine","player_choice":"Upgraded","floor":19.0,"gold_loss":0.0,"damage_taken":0.0,"cards_upgraded":["A Thousand Cuts"]},{"damage_healed":0.0,"max_hp_gain":0.0,"max_hp_loss":0.0,"gold_gain":50.0,"event_name":"Golden Shrine","player_choice":"Pray","floor":20.0,"gold_loss":0.0,"damage_taken":0.0},{"damage_healed":0.0,"max_hp_gain":0.0,"max_hp_loss":0.0,"gold_gain":0.0,"event_name":"The Library","player_choice":"Read","floor":27.0,"gold_loss":0.0,"damage_taken":0.0,"cards_obtained":["Leg Sweep"]},{"cards_removed":["Defend_G"],"damage_healed":0.0,"max_hp_gain":0.0,"max_hp_loss":0.0,"gold_gain":0.0,"event_name":"Falling","player_choice":"Removed Skill","floor":36.0,"gold_loss":0.0,"damage_taken":0.0},{"damage_healed":0.0,"max_hp_gain":0.0,"max_hp_loss":0.0,"gold_gain":0.0,"event_name":"SensoryStone","player_choice":"Memory 3","floor":37.0,"gold_loss":0.0,"damage_taken":10.0},{"damage_healed":0.0,"max_hp_gain":0.0,"max_hp_loss":0.0,"gold_gain":0.0,"event_name":"MindBloom","player_choice":"Fight","floor":38.0,"gold_loss":0.0,"damage_taken":0.0},{"damage_healed":0.0,"max_hp_gain":0.0,"max_hp_loss":0.0,"gold_gain":0.0,"event_name":"Upgrade Shrine","player_choice":"Upgraded","floor":44.0,"gold_loss":0.0,"damage_taken":0.0,"cards_upgraded":["Catalyst"]}],"is_beta":false,"boss_relics":[{"not_picked":["White Beast Statue","Runic Pyramid"],"picked":"Snecko Eye"},{"not_picked":["Fusion Hammer","Ring of the Serpent"],"picked":"HoveringKite"}],"items_purged_floors":[5,22],"is_endless":false,"potions_floor_spawned":[6,13,14,21,31,33,41,42,46],"killed_by":"Donu and Deca","ascension_level":20}