{"gold_per_floor":[12,23,35,110,130,130,164,182,259,259,287,299,310,310,310,384,384,401,418,432,92,92,92,103,103,128,153,253,101,26,26,26,26],"floor_reached":33,"playtime":1459,"items_purged":["Strike_R","Strike_R+1"],"score":554,"play_id":"7c9958f4-0728-4414-9e25-08c5017f3d64","local_time":"20190621002213","is_ascension_mode":true,"campfire_choices":[{"data":"Blood for Blood","floor":6,"key":"SMITH"},{"data":"Disarm","floor":10,"key":"SMITH"},{"data":"Shockwave","floor":15,"key":"SMITH"},{"data":"Offering","floor":23,"key":"SMITH"},{"data":"Armaments","floor":25,"key":"SMITH"},{"floor":32,"key":"RECALL"}],"neow_cost":"NO_GOLD","seed_source_timestamp":192338454659200,"circlet_count":0,"master_deck":["AscendersBane","Strike_R+1","Defend_R+1","Defend_R+1","Defend_R+1","Defend_R+1","Bash","Double Tap","Perfected Strike+1","Headbutt","Blood for Blood+1","Battle Trance","Shrug It Off","Disarm+1","Wild Strike","Seeing Red","Shockwave+1","Offering+1","Pommel Strike+1","Armaments+1","Blood for Blood+1","Metallicize","Body Slam","Shrug It Off"],"relics":["Burning Blood","PreservedInsect","Bottled Lightning","Torii","Coffee Dripper","MealTicket","Omamori","Whetstone","WingedGreaves","Kunai","WarpedTongs"],"potions_floor_usage":[16,16,33,33],"damage_taken":[{"damage":4,"enemies":"Jaw Worm","floor":1,"turns":4},{"damage":4,"enemies":"Small Slimes","floor":2,"turns":3},{"damage":2,"enemies":"2 Louse","floor":3,"turns":3},{"damage":16,"enemies":"Blue Slaver","floor":5,"turns":3},{"damage":8,"enemies":"Gremlin Nob","floor":7,"turns":3},{"damage":7,"enemies":"2 Fungi Beasts","floor":8,"turns":2},{"damage":14,"enemies":"Lagavulin","floor":11,"turns":5},{"damage":7,"enemies":"3 Louse","floor":12,"turns":4},{"damage":10,"enemies":"Exordium Thugs","floor":13,"turns":4},{"damage":7,"enemies":"Hexaghost","floor":16,"turns":9},{"damage":7,"enemies":"Chosen","floor":18,"turns":3},{"damage":10,"enemies":"3 Byrds","floor":19,"turns":5},{"damage":5,"enemies":"Snake Plant","floor":20,"turns":4},{"damage":7,"enemies":"Centurion and Healer","floor":24,"turns":3},{"damage":7,"enemies":"Slavers","floor":27,"turns":3},{"damage":17,"enemies":"Colosseum Slavers","floor":28,"turns":5},{"damage":24,"enemies":"Colosseum Nobs","floor":28,"turns":4},{"damage":51,"enemies":"Collector","floor":33,"turns":7}],"seed_played":"-4630364387422885835","potions_obtained":[{"floor":1,"key":"GamblersBrew"},{"floor":5,"key":"FairyPotion"},{"floor":11,"key":"Poison Potion"},{"floor":12,"key":"SkillPotion"},{"floor":18,"key":"Weak Potion"},{"floor":20,"key":"PowerPotion"}],"is_trial":false,"path_per_floor":["M","M","M","?","M","R","E","M","T","R","E","M","M","?","R","B",null,"M","M","M","$","?","R","M","R","T","E","?","$","?","?","R","B"],"character_chosen":"IRONCLAD","items_purchased":["MealTicket","Armaments","Shrug It Off"],"campfire_rested":0,"item_purchase_floors":[21,21,29],"current_hp_per_floor":[70,72,75,64,54,54,52,51,51,51,43,42,38,31,31,30,64,63,59,60,60,60,60,59,59,59,58,29,44,44,44,44,0],"gold":26,"neow_bonus":"THREE_RARE_CARDS","is_prod":false,"is_daily":false,"chose_seed":false,"campfire_upgraded":5,"win_rate":0,"timestamp":1561044133,"path_taken":["M","M","M","?","M","R","E","M","T","R","E","M","M","?","R","BOSS","M","M","M","$","?","R","M","R","T","E","?","$","?","?","R","BOSS"],"build_version":"2019-01-23","purchased_purges":2,"victory":false,"max_hp_per_floor":[75,75,75,75,75,75,75,75,75,75,75,75,75,75,75,75,75,75,75,75,75,75,75,75,75,75,75,75,75,75,75,75,75],"card_choices":[{"not_picked":["Brutality","Berserk"],"picked":"Double Tap","floor":0},{"not_picked":["Dual Wield","Power Through"],"picked":"Perfected Strike","floor":1},{"not_picked":["Sword Boomerang","Iron Wave"],"picked":"Headbutt","floor":2},{"not_picked":["Clothesline","Shrug It Off"],"picked":"Blood for Blood","floor":3},{"not_picked":["Shrug It Off","True Grit"],"picked":"Battle Trance","floor":5},{"not_picked":["Cleave","Burning Pact"],"picked":"Shrug It Off","floor":7},{"not_picked":["Body Slam","Twin Strike"],"picked":"Disarm","floor":8},{"not_picked":["Sentinel","Searing Blow"],"picked":"Wild Strike","floor":11},{"not_picked":["Armaments","Warcry"],"picked":"Seeing Red","floor":12},{"not_picked":["Havoc","Anger"],"picked":"Shockwave","floor":13},{"not_picked":["Double Tap","Dark Embrace"],"picked":"Offering","floor":16},{"not_picked":["Warcry","Infernal Blade","Sever Soul"],"picked":"SKIP","floor":18},{"not_picked":["Sentinel","Iron Wave","Sword Boomerang"],"picked":"SKIP","floor":19},{"not_picked":["Heavy Blade","Clash"],"picked":"Pommel Strike+1","floor":20},{"not_picked":["Twin Strike","Sever Soul"],"picked":"Blood for Blood","floor":24},{"not_picked":["Twin Strike","Pummel"],"picked":"Metallicize","floor":27},{"not_picked":["Sword Boomerang","Second Wind"],"picked":"Body Slam","floor":28}],"player_experience":5429674,"relics_obtained":[{"floor":7,"key":"PreservedInsect"},{"floor":9,"key":"Bottled Lightning"},{"floor":11,"key":"Torii"},{"floor":26,"key":"Omamori"},{"floor":27,"key":"Whetstone"},{"floor":28,"key":"WingedGreaves"},{"floor":28,"key":"Kunai"}],"event_choices":[{"damage_healed":0,"gold_gain":75,"player_choice":"Gather Gold","damage_taken":11,"max_hp_gain":0,"max_hp_loss":0,"event_name":"World of Goop","floor":4,"gold_loss":0},{"cards_removed":["Strike_R"],"damage_healed":0,"gold_gain":0,"player_choice":"Card Removal","damage_taken":7,"max_hp_gain":0,"max_hp_loss":0,"event_name":"Golden Wing","floor":14,"gold_loss":0},{"damage_healed":0,"gold_gain":0,"player_choice":"Simplicity","damage_taken":0,"max_hp_gain":0,"max_hp_loss":0,"event_name":"Back to Basics","floor":22,"gold_loss":0,"cards_upgraded":["Strike_R","Strike_R","Strike_R","Defend_R","Defend_R","Defend_R","Defend_R"]},{"damage_healed":0,"gold_gain":0,"player_choice":"Fight","damage_taken":0,"max_hp_gain":0,"max_hp_loss":0,"event_name":"Colosseum","floor":28,"gold_loss":0},{"damage_healed":0,"gold_gain":0,"player_choice":"Fought Nobs","damage_taken":0,"max_hp_gain":0,"max_hp_loss":0,"event_name":"Colosseum","floor":28,"gold_loss":0},{"cards_removed":["Strike_R"],"damage_healed":0,"gold_gain":0,"player_choice":"Gave Gold","damage_taken":0,"max_hp_gain":0,"max_hp_loss":0,"event_name":"Beggar","floor":30,"gold_loss":75},{"damage_healed":0,"gold_gain":0,"player_choice":"Rummage","damage_taken":0,"relics_obtained":["WarpedTongs"],"max_hp_gain":0,"max_hp_loss":0,"event_name":"Accursed Blacksmith","floor":31,"gold_loss":0,"cards_obtained":["Pain"]}],"is_beta":false,"boss_relics":[{"not_picked":["Empty Cage","Runic Dome"],"picked":"Coffee Dripper"}],"items_purged_floors":[21,29],"is_endless":false,"potions_floor_spawned":[1,5,11,12,18,20],"killed_by":"Collector","ascension_level":20}