{"gold_per_floor":[111,128,143,143,143,143,158,158,158,177,177,211,211,107,107,203,203,226,186],"floor_reached":19,"playtime":387,"items_purged":["Strike_B"],"score":434,"play_id":"b683e8fa-0781-4e7f-852a-998fecbf5e0c","local_time":"20190713011348","is_ascension_mode":true,"campfire_choices":[{"data":"Defragment","floor":6,"key":"SMITH"},{"floor":8,"key":"REST"},{"data":"Darkness","floor":15,"key":"SMITH"}],"neow_cost":"NONE","seed_source_timestamp":199654985625700,"circlet_count":0,"master_deck":["AscendersBane","Strike_B","Defend_B","Defend_B","Defend_B","Zap","Dualcast","Darkness+1","Defragment+1","Doom and Gloom","Conserve Battery","Hologram","Machine Learning","Redo","Hyperbeam","Self Repair+1","Compile Driver+1","Gash+1","Gash+1"],"relics":["Cracked Core","NeowsBlessing","Dodecahedron","Golden Idol","WingedGreaves","Astrolabe"],"potions_floor_usage":[],"damage_taken":[{"damage":0,"enemies":"Cultist","floor":1,"turns":1},{"damage":0,"enemies":"Jaw Worm","floor":2,"turns":1},{"damage":0,"enemies":"Small Slimes","floor":3,"turns":1},{"damage":41,"enemies":"Exordium Thugs","floor":7,"turns":4},{"damage":8,"enemies":"3 Louse","floor":10,"turns":2},{"damage":33,"enemies":"Gremlin Nob","floor":12,"turns":4},{"damage":0,"enemies":"Hexaghost","floor":16,"turns":5},{"damage":37,"enemies":"Shell Parasite","floor":18,"turns":4},{"damage":22,"enemies":"2 Thieves","floor":19,"turns":1}],"seed_played":"1238352363237655217","potions_obtained":[{"floor":2,"key":"Energy Potion"},{"floor":12,"key":"Ancient Potion"},{"floor":16,"key":"Fire Potion"}],"is_trial":false,"path_per_floor":["M","M","M","?","?","R","M","R","T","M","?","E","?","$","R","B",null,"M","M"],"character_chosen":"DEFECT","items_purchased":["Redo"],"campfire_rested":1,"item_purchase_floors":[14],"current_hp_per_floor":[64,64,64,64,64,64,23,44,44,36,36,3,3,3,3,3,49,22,0],"gold":186,"neow_bonus":"THREE_ENEMY_KILL","is_prod":false,"is_daily":false,"chose_seed":false,"campfire_upgraded":2,"win_rate":0,"timestamp":1562948028,"path_taken":["M","?","M","?","?","R","?","R","T","M","?","E","?","$","R","BOSS","M","M"],"build_version":"2019-07-05","purchased_purges":1,"victory":false,"max_hp_per_floor":[71,71,71,71,71,71,71,71,71,71,64,64,64,64,64,64,64,64,64],"card_choices":[{"not_picked":["Redo","Turbo"],"picked":"Darkness","floor":1},{"not_picked":["Hologram","Conserve Battery"],"picked":"Defragment","floor":2},{"not_picked":["Leap","Glacier"],"picked":"Doom and Gloom","floor":3},{"not_picked":["Force Field","Aggregate"],"picked":"Conserve Battery","floor":7},{"not_picked":["Consume","Beam Cell"],"picked":"Hologram","floor":10},{"not_picked":["Rebound","Barrage"],"picked":"Machine Learning","floor":12},{"not_picked":["Thunder Strike","Biased Cognition"],"picked":"Hyperbeam","floor":16},{"not_picked":["Stack","Redo"],"picked":"Gash+1","floor":18}],"player_experience":5662656,"relics_obtained":[{"floor":12,"key":"WingedGreaves"}],"event_choices":[{"damage_healed":0,"gold_gain":0,"player_choice":"Ignored","damage_taken":0,"max_hp_gain":0,"max_hp_loss":0,"event_name":"Liars Game","floor":4,"gold_loss":0},{"damage_healed":0,"gold_gain":0,"player_choice":"Gave Potion","damage_taken":0,"relics_obtained":["Dodecahedron"],"max_hp_gain":0,"max_hp_loss":0,"event_name":"WeMeetAgain","floor":5,"gold_loss":0},{"damage_healed":0,"gold_gain":0,"player_choice":"Lose Max HP","damage_taken":0,"relics_obtained":["Golden Idol"],"max_hp_gain":0,"max_hp_loss":7,"event_name":"Golden Idol","floor":11,"gold_loss":0},{"damage_healed":0,"gold_gain":0,"player_choice":"Ignored","damage_taken":0,"max_hp_gain":0,"max_hp_loss":0,"event_name":"Shining Light","floor":13,"gold_loss":0}],"is_beta":false,"boss_relics":[{"not_picked":["Empty Cage","Calling Bell"],"picked":"Astrolabe"}],"items_purged_floors":[14],"is_endless":false,"potions_floor_spawned":[2,12,16],"killed_by":"2 Thieves","ascension_level":20}