{"gold_per_floor":[111,126,138,151,165,196,213,243,243,258,258,321,335,361,361,435,435,451,451,470,110,110,142,158,158,185,185,185,97,127,141,141,218,218,228,41,41,59,59,59,59,59,59,70,70,81,81,93,93,93,93,93,93,8,8],"floor_reached":55,"playtime":1865,"items_purged":["Melter","Defend_B"],"score":1813,"play_id":"e907293e-01eb-4b84-af9d-d55f8ac9824a","local_time":"20190620000449","is_ascension_mode":true,"campfire_choices":[{"floor":11.0,"key":"REST"},{"floor":15.0,"key":"REST"},{"data":"1","floor":25.0,"key":"LIFT"},{"floor":28.0,"key":"REST"},{"floor":32.0,"key":"REST"},{"data":"Defragment","floor":40.0,"key":"SMITH"},{"data":"Defragment","floor":42.0,"key":"SMITH"},{"floor":47.0,"key":"RECALL"},{"floor":49.0,"key":"REST"},{"data":"Capacitor","floor":53.0,"key":"SMITH"}],"neow_cost":"NONE","seed_source_timestamp":104436578534100,"circlet_count":0,"master_deck":["AscendersBane","Defend_B","Defend_B","Zap+1","Dualcast","Streamline","Ball Lightning","Beam Cell","Coolheaded","Glacier","Go for the Eyes+1","Sweeping Beam+1","Sweeping Beam+1","Go for the Eyes+1","Cold Snap+1","Glacier","Biased Cognition","All For One+1","Reinforced Body+1","Melter+1","Doom and Gloom+1","Seek","Coolheaded","Self Repair","Capacitor+1","Gash+1","Defragment+1","Skim","Blizzard+1","FTL+1","Defragment+1","Purity","Panacea","Master of Strategy","Glacier","Coolheaded","Hologram"],"special_seed":0,"relics":["Cracked Core","Molten Egg 2","Girya","Symbiotic Virus","Mango","Odd Mushroom","Astrolabe","Mummified Hand","Nunchaku","Lantern","Dodecahedron","Runic Pyramid","Frozen Egg 2"],"potions_floor_usage":[55],"damage_taken":[{"damage":4.0,"enemies":"2 Louse","floor":1.0,"turns":3.0},{"damage":1.0,"enemies":"Small Slimes","floor":2.0,"turns":3.0},{"damage":4.0,"enemies":"Jaw Worm","floor":3.0,"turns":3.0},{"damage":2.0,"enemies":"Looter","floor":4.0,"turns":3.0},{"damage":9.0,"enemies":"2 Fungi Beasts","floor":5.0,"turns":3.0},{"damage":8.0,"enemies":"Gremlin Nob","floor":6.0,"turns":3.0},{"damage":10.0,"enemies":"Large Slime","floor":7.0,"turns":4.0},{"damage":12.0,"enemies":"3 Sentries","floor":8.0,"turns":7.0},{"damage":5.0,"enemies":"3 Louse","floor":10.0,"turns":3.0},{"damage":11.0,"enemies":"Gremlin Nob","floor":12.0,"turns":3.0},{"damage":4.0,"enemies":"Looter","floor":13.0,"turns":3.0},{"damage":5.0,"enemies":"The Mushroom Lair","floor":14.0,"turns":2.0},{"damage":19.0,"enemies":"The Guardian","floor":16.0,"turns":16.0},{"damage":7.0,"enemies":"2 Thieves","floor":18.0,"turns":4.0},{"damage":2.0,"enemies":"Shell Parasite","floor":20.0,"turns":5.0},{"damage":23.0,"enemies":"Slavers","floor":23.0,"turns":6.0},{"damage":9.0,"enemies":"Snake Plant","floor":24.0,"turns":3.0},{"damage":24.0,"enemies":"Gremlin Leader","floor":30.0,"turns":4.0},{"damage":0.0,"enemies":"Centurion and Healer","floor":31.0,"turns":4.0},{"damage":30.0,"enemies":"Automaton","floor":33.0,"turns":8.0},{"damage":29.0,"enemies":"3 Darklings","floor":35.0,"turns":5.0},{"damage":4.0,"enemies":"Orb Walker","floor":38.0,"turns":3.0},{"damage":3.0,"enemies":"4 Shapes","floor":44.0,"turns":6.0},{"damage":8.0,"enemies":"Sphere and 2 Shapes","floor":46.0,"turns":5.0},{"damage":1.0,"enemies":"Spire Growth","floor":48.0,"turns":4.0},{"damage":36.0,"enemies":"Awakened One","floor":50.0,"turns":22.0},{"damage":10.0,"enemies":"Time Eater","floor":51.0,"turns":17.0},{"damage":73,"enemies":"Shield and Spear","floor":55,"turns":3}],"seed_played":"1110020423978086209","potions_obtained":[{"floor":3.0,"key":"PowerPotion"},{"floor":6.0,"key":"Dexterity Potion"},{"floor":7.0,"key":"Strength Potion"},{"floor":8.0,"key":"AttackPotion"},{"floor":16.0,"key":"Poison Potion"},{"floor":20.0,"key":"Fire Potion"},{"floor":31.0,"key":"PowerPotion"},{"floor":33.0,"key":"Swift Potion"},{"floor":44.0,"key":"FocusPotion"},{"floor":46.0,"key":"Energy Potion"}],"is_trial":false,"path_per_floor":["M","M","M","M","M","E","M","E","T","M","R","?","M","?","R","B",null,"M","?","M","$","?","E","M","R","T","?","R","$","E","M","R","B",null,"M","$","?","M","?","R","?","R","T","M","T","M","R","M","R","B","B",null,"R","$","E"],"character_chosen":"DEFECT","items_purchased":["Mummified Hand","Defragment","Defragment","FocusPotion"],"campfire_rested":5,"item_purchase_floors":[21,29,36,54],"current_hp_per_floor":[60,59,55,53,44,36,26,14,14,9,30,33,29,24,49,30,71,64,64,62,62,62,46,44,44,44,19,46,46,29,36,63,40,78,56,56,46,49,49,49,49,49,49,46,46,45,45,44,69,40,37,73,73,73,0],"gold":8,"neow_bonus":"UPGRADE_CARD","is_prod":false,"is_daily":false,"chose_seed":false,"campfire_upgraded":3,"win_rate":0,"timestamp":1560956689,"path_taken":["M","M","M","M","M","E","M","E","T","M","R","?","M","?","R","BOSS","M","?","M","?","?","E","M","R","T","?","R","$","E","M","R","BOSS","M","$","?","M","?","R","?","R","T","M","?","M","R","M","R","BOSS","BOSS","R","$","E"],"build_version":"2019-01-23","purchased_purges":2,"victory":false,"max_hp_per_floor":[71,71,71,71,71,71,71,71,71,71,71,85,85,85,85,85,85,85,85,85,85,85,85,85,85,85,90,90,90,90,90,90,90,90,90,90,90,90,85,85,85,85,85,85,85,85,85,85,85,85,85,85,85,85,85],"card_choices":[{"not_picked":["Conserve Battery","Streamline"],"picked":"Melter","floor":1.0},{"not_picked":["Go for the Eyes","Double Energy"],"picked":"Streamline","floor":2.0},{"not_picked":["White Noise","Rebound"],"picked":"Ball Lightning","floor":3.0},{"not_picked":["Meteor Strike","Steam Power"],"picked":"Beam Cell","floor":4.0},{"not_picked":["Force Field","Sweeping Beam"],"picked":"Coolheaded","floor":5.0},{"not_picked":["Gash","Conserve Battery"],"picked":"Glacier","floor":6.0},{"not_picked":["Chaos","Compile Driver+1"],"picked":"Go for the Eyes+1","floor":7.0},{"not_picked":["Redo","Multi-Cast"],"picked":"Sweeping Beam+1","floor":8.0},{"not_picked":["Melter+1","Leap"],"picked":"Sweeping Beam+1","floor":10.0},{"not_picked":["Coolheaded","Self Repair"],"picked":"Go for the Eyes+1","floor":12.0},{"not_picked":["Compile Driver+1","Chill"],"picked":"Cold Snap+1","floor":13.0},{"not_picked":["Sweeping Beam+1","Streamline+1"],"picked":"Glacier","floor":14.0},{"not_picked":["Reboot","Amplify"],"picked":"Biased Cognition","floor":16.0},{"not_picked":["Fusion","Coolheaded"],"picked":"Doom and Gloom+1","floor":18.0},{"not_picked":["Rebound+1","Heatsinks"],"picked":"Self Repair","floor":20.0},{"not_picked":["Tempest","Ball Lightning+1"],"picked":"Capacitor","floor":23.0},{"not_picked":["Rip and Tear+1","Barrage+1"],"picked":"Gash+1","floor":24.0},{"not_picked":["Barrage+1","Rebound+1"],"picked":"Skim","floor":30.0},{"not_picked":["Steam","Leap"],"picked":"Blizzard+1","floor":31.0},{"not_picked":["Multi-Cast","Seek"],"picked":"Electrodynamics","floor":33.0},{"not_picked":["Streamline+1","Compile Driver+1"],"picked":"FTL+1","floor":35.0},{"not_picked":["Good Instincts","Dramatic Entrance+1"],"picked":"Purity","floor":37.0},{"not_picked":["Forethought","Blind"],"picked":"Panacea","floor":37.0},{"not_picked":["Purity","Thinking Ahead"],"picked":"Master of Strategy","floor":37.0},{"not_picked":["Reinforced Body","Steam"],"picked":"Glacier","floor":38.0},{"not_picked":["Rebound+1","Stack+1"],"picked":"Coolheaded","floor":44.0},{"not_picked":["Cold Snap+1","Conserve Battery"],"picked":"Hologram","floor":46.0},{"not_picked":["Tempest+1","Leap","Cold Snap+1"],"picked":"SKIP","floor":48.0}],"player_experience":5417212,"relics_obtained":[{"floor":6.0,"key":"Molten Egg 2"},{"floor":8.0,"key":"Girya"},{"floor":9.0,"key":"Symbiotic Virus"},{"floor":12.0,"key":"Mango"},{"floor":14.0,"key":"Odd Mushroom"},{"floor":23.0,"key":"Nunchaku"},{"floor":26.0,"key":"Lantern"},{"floor":30.0,"key":"Dodecahedron"},{"floor":45.0,"key":"Frozen Egg 2"}],"event_choices":[{"damage_healed":0.0,"max_hp_gain":0.0,"max_hp_loss":0.0,"gold_gain":0.0,"event_name":"Dead Adventurer","player_choice":"Searched \u00271\u0027 times","floor":12.0,"gold_loss":0.0,"damage_taken":0.0},{"damage_healed":0.0,"max_hp_gain":0.0,"max_hp_loss":0.0,"gold_gain":0.0,"event_name":"Mushrooms","player_choice":"Fought Mushrooms","floor":14.0,"gold_loss":0.0,"damage_taken":0.0},{"damage_healed":0.0,"max_hp_gain":0.0,"max_hp_loss":0.0,"gold_gain":0.0,"cards_transformed":["Strike_B","Defend_B"],"event_name":"Drug Dealer","player_choice":"Became Test Subject","floor":19.0,"gold_loss":0.0,"damage_taken":0.0,"cards_obtained":["Seek","Coolheaded"]},{"damage_healed":0.0,"max_hp_gain":0.0,"max_hp_loss":0.0,"gold_gain":0.0,"event_name":"The Mausoleum","player_choice":"Ignored","floor":22.0,"gold_loss":0.0,"damage_taken":0.0},{"damage_healed":0.0,"max_hp_gain":5.0,"max_hp_loss":0.0,"gold_gain":0.0,"event_name":"Forgotten Altar","player_choice":"Shed Blood","floor":27.0,"gold_loss":0.0,"damage_taken":30.0},{"damage_healed":0.0,"max_hp_gain":0.0,"max_hp_loss":0.0,"gold_gain":0.0,"event_name":"SensoryStone","player_choice":"Memory 3","floor":37.0,"gold_loss":0.0,"damage_taken":10.0},{"damage_healed":0.0,"max_hp_gain":0.0,"max_hp_loss":5.0,"gold_gain":0.0,"event_name":"Winding Halls","player_choice":"Max HP","floor":39.0,"gold_loss":0.0,"damage_taken":0.0},{"cards_removed":["Electrodynamics"],"damage_healed":0.0,"max_hp_gain":0.0,"max_hp_loss":0.0,"gold_gain":0.0,"event_name":"Falling","player_choice":"Removed Power","floor":41.0,"gold_loss":0.0,"damage_taken":0.0}],"is_beta":false,"boss_relics":[{"not_picked":["Inserter","Velvet Choker"],"picked":"Astrolabe"},{"not_picked":["White Beast Statue","Tiny House"],"picked":"Runic Pyramid"}],"items_purged_floors":[21,36],"is_endless":false,"potions_floor_spawned":[3,6,7,8,16,20,31,33,38,44,46],"killed_by":"Shield and Spear","ascension_level":20}