{"gold_per_floor":[113,125,138,156,173,173,173,173,199,199,223,33,74,94,94,188,188,208,47,71,121,121],"floor_reached":22,"playtime":540,"items_purged":["Strike_G"],"score":376,"play_id":"bdfa6a9b-de5b-4761-bbb5-5f745b40eafc","local_time":"20190510002601","is_ascension_mode":true,"campfire_choices":[{"data":"Die Die Die","floor":6,"key":"SMITH"},{"floor":8,"key":"REST"},{"floor":15,"key":"REST"}],"neow_cost":"NONE","seed_source_timestamp":368501253159100,"circlet_count":0,"master_deck":["AscendersBane","Defend_G","Defend_G+1","Defend_G","Defend_G","Defend_G+1","Strike_G","Strike_G","Strike_G","Strike_G","Survivor","Neutralize","Deadly Poison","Outmaneuver","Deadly Poison","Die Die Die+1","Blur","Dagger Throw","Bane","Catalyst","A Thousand Cuts","Noxious Fumes"],"relics":["Ring of the Snake","Blood Vial","Golden Idol","War Paint","Snake Skull","Regal Pillow","Eternal Feather"],"potions_floor_usage":[22],"damage_taken":[{"damage":0,"enemies":"2 Louse","floor":1,"turns":3},{"damage":11,"enemies":"Small Slimes","floor":2,"turns":5},{"damage":1,"enemies":"Cultist","floor":3,"turns":4},{"damage":19,"enemies":"Large Slime","floor":4,"turns":10},{"damage":24,"enemies":"Lots of Slimes","floor":5,"turns":5},{"damage":0,"enemies":"Gremlin Gang","floor":11,"turns":1},{"damage":20,"enemies":"Lagavulin","floor":13,"turns":7},{"damage":10,"enemies":"Large Slime","floor":14,"turns":5},{"damage":35,"enemies":"Hexaghost","floor":16,"turns":10},{"damage":15,"enemies":"Chosen","floor":18,"turns":5},{"damage":24,"enemies":"3 Byrds","floor":20,"turns":4},{"damage":21,"enemies":"Sentry and Sphere","floor":22,"turns":3}],"seed_played":"-8484342605385806802","potions_obtained":[{"floor":1,"key":"Strength Potion"},{"floor":2,"key":"Strength Potion"},{"floor":11,"key":"Explosive Potion"},{"floor":14,"key":"Strength Potion"},{"floor":20,"key":"AttackPotion"}],"is_trial":false,"path_per_floor":["M","M","M","M","M","R","?","R","T","?","M","$","E","M","R","B",null,"M","$","M","?","M"],"character_chosen":"THE_SILENT","items_purchased":["Snake Skull","Dagger Throw","Noxious Fumes"],"campfire_rested":2,"item_purchase_floors":[12,12,19],"current_hp_per_floor":[61,52,53,36,14,14,14,32,32,29,31,31,13,5,38,5,46,33,33,11,11,0],"gold":121,"neow_bonus":"RANDOM_COMMON_RELIC","is_prod":false,"is_daily":false,"chose_seed":false,"campfire_upgraded":1,"win_rate":0,"timestamp":1557415561,"path_taken":["M","M","M","M","M","R","?","R","T","?","?","$","E","M","R","BOSS","M","$","M","?","M"],"build_version":"2019-01-23","purchased_purges":1,"victory":false,"max_hp_per_floor":[66,66,66,66,66,66,60,60,60,60,60,60,60,60,60,60,60,60,60,60,60,60],"card_choices":[{"not_picked":["Catalyst","Setup"],"picked":"Deadly Poison","floor":1},{"not_picked":["Sucker Punch","Accuracy"],"picked":"Outmaneuver","floor":2},{"not_picked":["Underhanded Strike","Distraction"],"picked":"Deadly Poison","floor":3},{"not_picked":["Eviscerate","Sucker Punch","Deadly Poison"],"picked":"SKIP","floor":4},{"not_picked":["Flying Knee","Skewer"],"picked":"Die Die Die","floor":5},{"not_picked":["Accuracy","All Out Attack"],"picked":"Blur","floor":11},{"not_picked":["Cloak And Dagger","Choke"],"picked":"Bane","floor":13},{"not_picked":["Dodge and Roll","Expertise"],"picked":"Catalyst","floor":14},{"not_picked":["Grand Finale","Unload"],"picked":"A Thousand Cuts","floor":16},{"not_picked":["Slice","Poisoned Stab","Cloak And Dagger"],"picked":"SKIP","floor":18},{"not_picked":["Predator","Quick Slash","Endless Agony"],"picked":"SKIP","floor":20}],"player_experience":4963908,"relics_obtained":[{"floor":9,"key":"War Paint"},{"floor":13,"key":"Regal Pillow"}],"event_choices":[{"damage_healed":0,"gold_gain":0,"player_choice":"Lose Max HP","damage_taken":0,"relics_obtained":["Golden Idol"],"max_hp_gain":0,"max_hp_loss":6,"event_name":"Golden Idol","floor":7,"gold_loss":0},{"damage_healed":0,"gold_gain":0,"player_choice":"Bought 0 Potions","damage_taken":0,"max_hp_gain":0,"max_hp_loss":0,"event_name":"The Woman in Blue","floor":10,"gold_loss":0},{"damage_healed":0,"gold_gain":50,"player_choice":"Pray","damage_taken":0,"max_hp_gain":0,"max_hp_loss":0,"event_name":"Golden Shrine","floor":21,"gold_loss":0}],"is_beta":false,"boss_relics":[{"not_picked":["White Beast Statue","Ring of the Serpent"],"picked":"Eternal Feather"}],"items_purged_floors":[19],"is_endless":false,"potions_floor_spawned":[1,2,11,14,20],"killed_by":"Sentry and Sphere","ascension_level":20}