{"gold_per_floor":[113,113,123,133,149,149,165,198,198,198,216,232,157,182,182,259,309,326,342,70,90,105,105,119,119,169,185,185,215,215,232,232,305,305,324,324,324,338,338,363,363,394,448,448,17,17,30,49,49,49],"floor_reached":50,"playtime":1989,"items_purged":["Pain","Strike_R","Strike_R"],"score":1197,"play_id":"7c766667-12e3-4577-9ff3-3c009197c654","local_time":"20190617050818","is_ascension_mode":true,"campfire_choices":[{"data":"Poisoned Stab","floor":6.0,"key":"SMITH"},{"floor":10.0,"key":"REST"},{"data":"Infinite Blades","floor":15.0,"key":"SMITH"},{"floor":23.0,"key":"REST"},{"floor":25.0,"key":"REST"},{"floor":28.0,"key":"REST"},{"data":"Ghostly","floor":32.0,"key":"SMITH"},{"floor":41,"key":"RECALL"},{"floor":44,"key":"REST"},{"floor":49,"key":"REST"}],"neow_cost":"","seed_source_timestamp":200282446279200,"circlet_count":0,"master_deck":["AscendersBane","Strike_R","Strike_R","Strike_R","Defend_R","Defend_R","Defend_R","Defend_R","Bash+1","Poisoned Stab+1","Rebound","Chill","Dagger Throw","Adrenaline","Infinite Blades+1","PiercingWail","Cold Snap","Pummel","Echo Form","Feel No Pain","Entrench","FTL","Seeing Red","Body Slam","Shrug It Off","Ghostly+1","Ghostly","Ghostly","Bandage Up","Dual Wield","Blade Dance","Skim+1","Echo Form","Battle Trance","Finesse","Battle Trance+1"],"special_seed":0,"relics":["Burning Blood","PrismaticShard","WarpedTongs","Dream Catcher","Happy Flower","Potion Belt","Tiny House","Regal Pillow","Lantern","Shuriken","Fusion Hammer","Anchor","Juzu Bracelet","DollysMirror"],"potions_floor_usage":[40,42,50],"damage_taken":[{"damage":6.0,"enemies":"Small Slimes","floor":1.0,"turns":3.0},{"damage":6.0,"enemies":"Cultist","floor":3.0,"turns":3.0},{"damage":9.0,"enemies":"Jaw Worm","floor":4.0,"turns":3.0},{"damage":9.0,"enemies":"2 Fungi Beasts","floor":5.0,"turns":4.0},{"damage":6.0,"enemies":"Looter","floor":7.0,"turns":3.0},{"damage":19.0,"enemies":"Lagavulin","floor":8.0,"turns":6.0},{"damage":17.0,"enemies":"Exordium Thugs","floor":11.0,"turns":4.0},{"damage":4.0,"enemies":"Large Slime","floor":12.0,"turns":4.0},{"damage":11.0,"enemies":"3 Sentries","floor":14.0,"turns":7.0},{"damage":2.0,"enemies":"Slime Boss","floor":16.0,"turns":8.0},{"damage":10.0,"enemies":"Chosen","floor":18.0,"turns":5.0},{"damage":22.0,"enemies":"Spheric Guardian","floor":19.0,"turns":5.0},{"damage":27.0,"enemies":"Shelled Parasite and Fungi","floor":21.0,"turns":6.0},{"damage":26.0,"enemies":"Snecko","floor":22.0,"turns":7.0},{"damage":54.0,"enemies":"Cultist and Chosen","floor":24.0,"turns":7.0},{"damage":29.0,"enemies":"Centurion and Healer","floor":27.0,"turns":8.0},{"damage":33.0,"enemies":"Book of Stabbing","floor":29.0,"turns":6.0},{"damage":10.0,"enemies":"Snecko","floor":31.0,"turns":6.0},{"damage":0.0,"enemies":"Automaton","floor":33.0,"turns":8.0},{"damage":7.0,"enemies":"3 Darklings","floor":35.0,"turns":6.0},{"damage":22.0,"enemies":"Orb Walker","floor":38.0,"turns":4.0},{"damage":3,"enemies":"Reptomancer","floor":40,"turns":8},{"damage":13,"enemies":"Giant Head","floor":42,"turns":9},{"damage":0,"enemies":"Jaw Worm Horde","floor":47,"turns":5},{"damage":25,"enemies":"Spire Growth","floor":48,"turns":5},{"damage":54,"enemies":"Time Eater","floor":50,"turns":13}],"seed_played":"-2648050796616716039","potions_obtained":[{"floor":4.0,"key":"Swift Potion"},{"floor":5.0,"key":"SteroidPotion"},{"floor":8.0,"key":"Fruit Juice"},{"floor":11.0,"key":"Dexterity Potion"},{"floor":14.0,"key":"Fire Potion"},{"floor":17.0,"key":"SteroidPotion"},{"floor":24.0,"key":"Swift Potion"},{"floor":27.0,"key":"Strength Potion"},{"floor":31.0,"key":"AttackPotion"},{"floor":38.0,"key":"Strength Potion"},{"floor":40,"key":"Regen Potion"},{"floor":48,"key":"SmokeBomb"}],"is_trial":true,"path_per_floor":["M","?","M","M","M","R","M","E","T","R","M","M","$","E","R","B",null,"M","M","$","M","M","R","M","R","T","M","R","E","?","M","R","B",null,"M","?","?","M","?","E","R","E","T","R","$","?","M","M","R","B"],"character_chosen":"IRONCLAD","items_purchased":["Regal Pillow","DollysMirror","Battle Trance"],"campfire_rested":6,"item_purchase_floors":[20,45,45],"current_hp_per_floor":[68,68,68,65,62,62,62,54,54,78,67,69,69,64,64,68,82,78,62,62,41,21,61,13,53,53,30,70,43,42,38,38,42,42,42,42,40,24,24,31,31,35,35,40,40,35,40,29,40,0],"gold":49,"neow_bonus":"","is_prod":false,"is_daily":false,"chose_seed":false,"campfire_upgraded":3,"win_rate":0,"timestamp":1560715698,"path_taken":["M","?","M","M","M","R","?","E","T","R","M","M","$","E","R","BOSS","M","?","$","M","M","R","M","R","T","M","R","E","?","M","R","BOSS","M","?","?","?","?","E","R","E","T","R","$","?","M","M","R","BOSS"],"build_version":"2019-01-23","purchased_purges":3,"victory":false,"max_hp_per_floor":[75,75,75,75,75,75,75,80,80,80,80,80,80,80,80,80,85,85,85,85,85,85,85,85,85,85,85,85,85,42,42,42,42,42,42,42,40,40,40,40,40,40,40,40,40,40,40,40,40,40],"card_choices":[{"not_picked":["Infernal Blade","Dual Wield"],"picked":"Poisoned Stab","floor":1.0},{"not_picked":["Backflip","Thunderclap"],"picked":"Rebound","floor":3.0},{"not_picked":["Wild Strike","Rip and Tear"],"picked":"Chill","floor":4.0},{"not_picked":["Gash","Burning Pact"],"picked":"Dagger Throw","floor":5.0},{"not_picked":["Poisoned Stab","Riddle With Holes"],"picked":"Adrenaline","floor":7.0},{"not_picked":["Calculated Gamble","Steam","Tools of the Trade"],"picked":"SKIP","floor":8.0},{"not_picked":["Streamline","Iron Wave"],"picked":"Infinite Blades","floor":10.0},{"not_picked":["Shrug It Off","Deflect"],"picked":"PiercingWail","floor":11.0},{"not_picked":["Dagger Throw","Outmaneuver"],"picked":"Cold Snap","floor":12.0},{"not_picked":["Impatience","Armaments"],"picked":"Pummel","floor":14.0},{"not_picked":["Bludgeon","Meteor Strike"],"picked":"Echo Form","floor":16.0},{"not_picked":["Anger","Hologram"],"picked":"Feel No Pain","floor":17.0},{"not_picked":["Steam+1","Quick Slash"],"picked":"Turbo","floor":18.0},{"not_picked":["Dagger Throw","Lockon","Flying Knee"],"picked":"SKIP","floor":19.0},{"not_picked":["Power Through","Clothesline"],"picked":"Entrench","floor":21.0},{"not_picked":["Thunderclap","Barrage"],"picked":"FTL","floor":22.0},{"not_picked":["Catalyst","Storm"],"picked":"Seeing Red","floor":23.0},{"not_picked":["Darkness","Flying Knee","Underhanded Strike"],"picked":"SKIP","floor":24.0},{"not_picked":["Magnetism","Havoc","Streamline"],"picked":"SKIP","floor":27.0},{"not_picked":["Twin Strike+1","Redo"],"picked":"Body Slam","floor":28.0},{"not_picked":["Anger","Heatsinks"],"picked":"Shrug It Off","floor":29.0},{"not_picked":["Magnetism","Dropkick"],"picked":"Bandage Up","floor":31.0},{"not_picked":["Thunderclap","Poisoned Stab"],"picked":"Dual Wield","floor":35.0},{"not_picked":["Sword Boomerang","Capacitor"],"picked":"Blade Dance","floor":38.0},{"not_picked":["Spot Weakness","Entrench","Compile Driver+1"],"picked":"SKIP","floor":40},{"not_picked":["Cleave","Compile Driver"],"picked":"Skim+1","floor":42},{"not_picked":["Forethought","Dramatic Entrance"],"picked":"Finesse","floor":46},{"not_picked":["Clothesline","Turbo","Deadly Poison"],"picked":"SKIP","floor":47},{"not_picked":["Enlightenment","Compile Driver+1"],"picked":"Battle Trance+1","floor":48}],"player_experience":5394420,"relics_obtained":[{"floor":8.0,"key":"Dream Catcher"},{"floor":9.0,"key":"Happy Flower"},{"floor":14.0,"key":"Potion Belt"},{"floor":26.0,"key":"Lantern"},{"floor":29.0,"key":"Shuriken"},{"floor":40,"key":"Anchor"},{"floor":42,"key":"Juzu Bracelet"}],"event_choices":[{"damage_healed":0.0,"max_hp_gain":0.0,"max_hp_loss":0.0,"gold_gain":0.0,"event_name":"Accursed Blacksmith","player_choice":"Rummage","floor":2.0,"gold_loss":0.0,"damage_taken":0.0,"relics_obtained":["WarpedTongs"],"cards_obtained":["Pain"]},{"damage_healed":0.0,"max_hp_gain":0.0,"max_hp_loss":43.0,"gold_gain":0.0,"event_name":"Ghosts","player_choice":"Became a Ghost","floor":30.0,"gold_loss":0.0,"damage_taken":0.0,"cards_obtained":["Ghostly","Ghostly","Ghostly"]},{"damage_healed":0.0,"max_hp_gain":0.0,"max_hp_loss":0.0,"gold_gain":0.0,"event_name":"Tomb of Lord Red Mask","player_choice":"Ignored","floor":36.0,"gold_loss":0.0,"damage_taken":0.0},{"damage_healed":0.0,"max_hp_gain":0.0,"max_hp_loss":2.0,"gold_gain":0.0,"event_name":"Winding Halls","player_choice":"Max HP","floor":37.0,"gold_loss":0.0,"damage_taken":0.0},{"cards_removed":["Turbo"],"damage_healed":0.0,"max_hp_gain":0.0,"max_hp_loss":0.0,"gold_gain":0.0,"event_name":"Falling","player_choice":"Removed Skill","floor":39.0,"gold_loss":0.0,"damage_taken":0.0},{"damage_healed":0,"gold_gain":0,"player_choice":"Memory 2","damage_taken":5,"max_hp_gain":0,"max_hp_loss":0,"event_name":"SensoryStone","floor":46,"gold_loss":0}],"is_beta":false,"boss_relics":[{"not_picked":["Eternal Feather","Philosopher\u0027s Stone"],"picked":"Tiny House"},{"not_picked":["Calling Bell","Mark of Pain"],"picked":"Fusion Hammer"}],"items_purged_floors":[13,20,45],"is_endless":false,"potions_floor_spawned":[4,5,8,11,14,24,27,31,38,40,48],"killed_by":"Time Eater","ascension_level":20}