{"gold_per_floor":[112,112,37,54,74,74,74,74,101,132,132,132,164,179,179,275,325,336,352,15,15,15,15,15],"floor_reached":24,"playtime":889,"items_purged":["Defend_R"],"score":222,"play_id":"211d3d7c-40d2-4ec7-8473-1ac0aca657d4","local_time":"20190724163052","is_ascension_mode":true,"campfire_choices":[{"floor":6,"key":"RECALL"},{"floor":15,"key":"REST"},{"data":"Searing Blow","floor":23,"key":"SMITH"}],"neow_cost":"NONE","seed_source_timestamp":1203869202964900,"circlet_count":0,"master_deck":["Strike_R","Strike_R","Strike_R","Strike_R","Defend_R+1","Defend_R","Defend_R","Bash","Burning Pact","Searing Blow+1","Immolate","Spot Weakness","Clash","Combust","Limit Break","Metallicize","Twin Strike+1","Rage"],"relics":["Burning Blood","Paper Frog","Pantograph","Vajra","Incense Burner","Tiny House","Brimstone","Pen Nib","Nilry\u0027s Codex"],"potions_floor_usage":[10,10,13,16,24],"damage_taken":[{"damage":11,"enemies":"Jaw Worm","floor":1,"turns":5},{"damage":11,"enemies":"Cultist","floor":4,"turns":4},{"damage":18,"enemies":"2 Louse","floor":5,"turns":3},{"damage":17,"enemies":"Gremlin Nob","floor":10,"turns":3},{"damage":38,"enemies":"Lagavulin","floor":13,"turns":4},{"damage":15,"enemies":"2 Fungi Beasts","floor":14,"turns":3},{"damage":7,"enemies":"Slime Boss","floor":16,"turns":7},{"damage":27,"enemies":"Shell Parasite","floor":18,"turns":5},{"damage":22,"enemies":"2 Thieves","floor":19,"turns":4},{"damage":40,"enemies":"Slavers","floor":24,"turns":2}],"seed_played":"6968482064286423864","potions_obtained":[{"floor":1,"key":"Regen Potion"},{"floor":2,"key":"Poison Potion"},{"floor":2,"key":"Ancient Potion"},{"floor":10,"key":"AttackPotion"},{"floor":13,"key":"PowerPotion"},{"floor":14,"key":"GamblersBrew"},{"floor":17,"key":"SteroidPotion"}],"is_trial":false,"path_per_floor":["M","?","$","M","M","R","?","?","T","E","?","?","E","M","R","B",null,"M","M","$","?","?","R","E"],"character_chosen":"IRONCLAD","items_purchased":["Brimstone","Pen Nib"],"campfire_rested":1,"item_purchase_floors":[20,20],"current_hp_per_floor":[83,83,83,78,66,66,66,63,63,61,54,54,22,13,39,63,93,72,56,56,56,40,40,0],"gold":15,"neow_bonus":"TEN_PERCENT_HP_BONUS","is_prod":false,"is_daily":false,"chose_seed":false,"campfire_upgraded":1,"win_rate":0,"timestamp":1564003852,"path_taken":["M","?","$","?","M","R","?","?","T","E","?","?","E","M","R","BOSS","M","M","$","?","?","R","E"],"build_version":"2019-07-17","purchased_purges":1,"victory":false,"max_hp_per_floor":[88,88,88,88,88,88,88,88,88,88,88,88,88,88,88,88,93,93,93,93,93,93,93,93],"card_choices":[{"not_picked":["Corruption","Clash"],"picked":"Burning Pact","floor":1},{"not_picked":["Sever Soul","True Grit"],"picked":"Searing Blow","floor":4},{"not_picked":["Perfected Strike","Second Wind"],"picked":"Immolate","floor":5},{"not_picked":["Warcry","Clothesline"],"picked":"Spot Weakness","floor":10},{"not_picked":["Feel No Pain","Sever Soul"],"picked":"Clash","floor":13},{"not_picked":["Spot Weakness","Wild Strike"],"picked":"Combust","floor":14},{"not_picked":["Barricade","Impervious"],"picked":"Limit Break","floor":16},{"not_picked":["Wild Strike","Disarm"],"picked":"Metallicize","floor":17},{"not_picked":["Pommel Strike","Searing Blow"],"picked":"Twin Strike+1","floor":18},{"not_picked":["Pommel Strike","Ghostly Armor+1"],"picked":"Rage","floor":19}],"player_experience":160337,"relics_obtained":[{"floor":10,"key":"Vajra"},{"floor":13,"key":"Incense Burner"},{"floor":22,"key":"Nilry\u0027s Codex"}],"event_choices":[{"damage_healed":0,"gold_gain":0,"player_choice":"Got Potions","damage_taken":0,"max_hp_gain":0,"max_hp_loss":0,"event_name":"Lab","floor":2,"gold_loss":0},{"damage_healed":0,"gold_gain":0,"player_choice":"Box","damage_taken":0,"relics_obtained":["Paper Frog"],"max_hp_gain":0,"max_hp_loss":0,"event_name":"Big Fish","floor":7,"gold_loss":0,"cards_obtained":["Regret"]},{"damage_healed":0,"gold_gain":0,"player_choice":"Success","damage_taken":3,"relics_obtained":["Pantograph"],"max_hp_gain":0,"max_hp_loss":0,"event_name":"Scrap Ooze","floor":8,"gold_loss":0},{"cards_removed":["Strike_R"],"damage_healed":0,"gold_gain":0,"player_choice":"Card Removal","damage_taken":7,"max_hp_gain":0,"max_hp_loss":0,"event_name":"Golden Wing","floor":11,"gold_loss":0},{"cards_removed":["Regret"],"damage_healed":0,"gold_gain":0,"player_choice":"Purged","damage_taken":0,"max_hp_gain":0,"max_hp_loss":0,"event_name":"Purifier","floor":12,"gold_loss":0},{"damage_healed":0,"gold_gain":0,"player_choice":"Ignored","damage_taken":0,"max_hp_gain":0,"max_hp_loss":0,"event_name":"Ghosts","floor":21,"gold_loss":0},{"damage_healed":0,"gold_gain":0,"player_choice":"Obtained Book","damage_taken":16,"max_hp_gain":0,"max_hp_loss":0,"event_name":"Cursed Tome","floor":22,"gold_loss":0}],"is_beta":false,"boss_relics":[{"not_picked":["Eternal Feather","Snecko Eye"],"picked":"Tiny House"}],"items_purged_floors":[3],"is_endless":false,"potions_floor_spawned":[1,10,13,14,19],"killed_by":"Slavers","ascension_level":2}