{"gold_per_floor":[114,132,144,159,176,176,176,203,226,226,28,28,85,96,96,168,168,182,236,236,236,34,34,84,99,99,114,129,141,141,157,157,230,230,241,291,311,326,343,368,24,24,105,105,133,152,152,168,168,168,168,168,168,33,68,68],"floor_reached":57,"playtime":2495,"items_purged":["Strike_R"],"score":2727,"play_id":"16a78e14-4829-4b28-ab4b-06a9719ccbc2","local_time":"20190628010601","is_ascension_mode":true,"campfire_choices":[{"data":"Armaments","floor":6.0,"key":"SMITH"},{"data":"Battle Trance","floor":12.0,"key":"SMITH"},{"data":"Corruption","floor":15.0,"key":"SMITH"},{"data":"Dark Embrace","floor":23.0,"key":"SMITH"},{"data":"Armaments","floor":30.0,"key":"SMITH"},{"data":"Feel No Pain","floor":32.0,"key":"SMITH"},{"floor":42.0,"key":"REST"},{"floor":44.0,"key":"RECALL"},{"floor":49.0,"key":"REST"},{"floor":53.0,"key":"REST"}],"neow_cost":"TEN_PERCENT_HP_LOSS","seed_source_timestamp":798626429686800,"circlet_count":0,"master_deck":["AscendersBane","Defend_R","Defend_R","Defend_R","Defend_R","Bash","Battle Trance+1","Iron Wave+1","Rampage","Armaments+1","Blood for Blood+1","Shockwave","Metallicize","Feel No Pain+1","Corruption+1","Warcry","Feel No Pain","Shrug It Off","Dark Embrace+1","Necronomicurse","Evolve","Power Through","Armaments+1","Feed","Whirlwind","Double Tap","Sentinel","Seeing Red","Corruption+1","Ghostly Armor","Reaper","Second Wind","Reaper","Seeing Red","Armaments","Sentinel","Shrug It Off"],"special_seed":0,"relics":["Burning Blood","The Courier","Lantern","Tiny Chest","Empty Cage","Vajra","Necronomicon","Whetstone","Bird Faced Urn","Fusion Hammer","Singing Bowl","Bottled Tornado","Self Forming Clay","Unceasing Top","Sundial","Kunai"],"potions_floor_usage":[56,56],"damage_taken":[{"damage":0.0,"enemies":"Small Slimes","floor":1.0,"turns":4.0},{"damage":4.0,"enemies":"Jaw Worm","floor":2.0,"turns":6.0},{"damage":1.0,"enemies":"Cultist","floor":3.0,"turns":4.0},{"damage":3.0,"enemies":"Large Slime","floor":4.0,"turns":5.0},{"damage":4.0,"enemies":"Looter","floor":5.0,"turns":4.0},{"damage":32.0,"enemies":"3 Sentries","floor":8.0,"turns":10.0},{"damage":0.0,"enemies":"Lagavulin","floor":13.0,"turns":7.0},{"damage":8.0,"enemies":"3 Louse","floor":14.0,"turns":4.0},{"damage":35.0,"enemies":"The Guardian","floor":16.0,"turns":10.0},{"damage":0.0,"enemies":"Shell Parasite","floor":18.0,"turns":8.0},{"damage":0.0,"enemies":"Spheric Guardian","floor":25.0,"turns":6.0},{"damage":46.0,"enemies":"Shelled Parasite and Fungi","floor":27.0,"turns":7.0},{"damage":6.0,"enemies":"Sentry and Sphere","floor":28.0,"turns":7.0},{"damage":0.0,"enemies":"Centurion and Healer","floor":29.0,"turns":7.0},{"damage":15.0,"enemies":"3 Cultists","floor":31.0,"turns":6.0},{"damage":34.0,"enemies":"Automaton","floor":33.0,"turns":12.0},{"damage":2.0,"enemies":"3 Shapes","floor":35.0,"turns":2.0},{"damage":0.0,"enemies":"Orb Walker","floor":37.0,"turns":4.0},{"damage":21.0,"enemies":"Transient","floor":38.0,"turns":6.0},{"damage":30.0,"enemies":"Spire Growth","floor":39.0,"turns":5.0},{"damage":33.0,"enemies":"Nemesis","floor":40.0,"turns":7.0},{"damage":0.0,"enemies":"Reptomancer","floor":45.0,"turns":4.0},{"damage":10.0,"enemies":"4 Shapes","floor":46.0,"turns":5.0},{"damage":9.0,"enemies":"Writhing Mass","floor":48.0,"turns":7.0},{"damage":83.0,"enemies":"Time Eater","floor":50.0,"turns":13.0},{"damage":42.0,"enemies":"Donu and Deca","floor":51.0,"turns":6.0},{"damage":22,"enemies":"Shield and Spear","floor":55,"turns":6},{"damage":56,"enemies":"The Heart","floor":56,"turns":9}],"seed_played":"-1590299868615438988","potions_obtained":[{"floor":1.0,"key":"Dexterity Potion"},{"floor":5.0,"key":"Block Potion"},{"floor":16.0,"key":"SneckoOil"},{"floor":28.0,"key":"SpeedPotion"},{"floor":31.0,"key":"AttackPotion"},{"floor":38.0,"key":"Dexterity Potion"},{"floor":40.0,"key":"Explosive Potion"},{"floor":45.0,"key":"PowerPotion"}],"is_trial":false,"path_per_floor":["M","M","M","M","M","R","?","E","T","?","$","R","E","M","R","B",null,"M","T","?","?","$","R","?","M","T","M","M","M","R","M","R","B",null,"M","?","M","M","M","E","$","R","T","R","E","M","T","M","R","B","B",null,"R","$","E","B",null],"character_chosen":"IRONCLAD","items_purchased":["Feel No Pain","Corruption","Warcry","Evolve","Whetstone","Bottled Tornado","Reaper","Seeing Red","Armaments","Sentinel"],"campfire_rested":3,"item_purchase_floors":[11,11,11,22,22,41,41,54,54,54],"current_hp_per_floor":[68,68,68,68,68,68,68,42,42,32,32,32,38,36,36,7,53,59,59,59,38,38,38,38,44,44,16,28,50,50,57,57,41,67,75,75,76,69,53,38,38,60,60,60,78,78,78,78,78,24,42,69,78,78,81,48],"gold":68,"neow_bonus":"TRANSFORM_TWO_CARDS","is_prod":false,"is_daily":false,"chose_seed":false,"campfire_upgraded":6,"win_rate":0,"timestamp":1561651561,"path_taken":["M","M","M","M","M","R","?","E","T","?","$","R","E","M","R","BOSS","M","?","?","?","$","R","?","M","T","M","M","M","R","M","R","BOSS","M","?","M","M","?","E","?","R","T","R","E","M","?","M","R","BOSS","BOSS","R","$","E","BOSS"],"build_version":"2019-01-23","purchased_purges":1,"victory":true,"max_hp_per_floor":[68,68,68,68,68,68,68,68,68,68,68,68,68,68,68,68,68,68,68,68,68,68,68,68,68,68,68,68,72,72,76,76,76,76,76,76,76,76,76,76,76,76,76,76,78,78,78,78,78,78,78,78,78,78,81,81],"card_choices":[{"not_picked":["Thunderclap","Warcry"],"picked":"Rampage","floor":1.0},{"not_picked":["Hemokinesis","Blood for Blood"],"picked":"Armaments","floor":2.0},{"not_picked":["Twin Strike","Blood for Blood","Sentinel"],"picked":"SKIP","floor":3.0},{"not_picked":["Twin Strike","Sentinel"],"picked":"Blood for Blood","floor":3.0},{"not_picked":["Cleave","Power Through"],"picked":"Shockwave","floor":4.0},{"not_picked":["Clothesline","Limit Break","Clash"],"picked":"SKIP","floor":5.0},{"not_picked":["Havoc","Hemokinesis"],"picked":"Metallicize","floor":8.0},{"not_picked":["Clothesline","Rage"],"picked":"Feel No Pain","floor":13.0},{"not_picked":["Rampage","Rupture"],"picked":"Shrug It Off","floor":14.0},{"not_picked":["Brutality","Bludgeon"],"picked":"Dark Embrace","floor":16.0},{"not_picked":["Anger","Twin Strike","Headbutt"],"picked":"SKIP","floor":18.0},{"not_picked":["Cleave+1","Thunderclap+1"],"picked":"Power Through","floor":25.0},{"not_picked":["Fire Breathing","True Grit"],"picked":"Armaments","floor":27.0},{"not_picked":["Sword Boomerang","Armaments"],"picked":"Feed","floor":28.0},{"not_picked":["Twin Strike","Iron Wave","Perfected Strike"],"picked":"SKIP","floor":29.0},{"not_picked":["Havoc","Cleave+1"],"picked":"Whirlwind","floor":31.0},{"not_picked":["Bludgeon","Berserk"],"picked":"Double Tap","floor":33.0},{"not_picked":["Twin Strike","Clothesline"],"picked":"Sentinel","floor":35.0},{"not_picked":["Rampage","Twin Strike+1"],"picked":"Seeing Red","floor":37.0},{"not_picked":["Thunderclap+1","Pummel"],"picked":"Corruption+1","floor":38.0},{"not_picked":["Heavy Blade","Fire Breathing","Berserk"],"picked":"SKIP","floor":39.0},{"not_picked":["Heavy Blade","Fire Breathing","Berserk"],"picked":"SKIP","floor":39.0},{"not_picked":["Clash","Cleave+1"],"picked":"Ghostly Armor","floor":40.0},{"not_picked":["Metallicize","Rupture","Anger"],"picked":"Singing Bowl","floor":45.0},{"not_picked":["Feel No Pain","Twin Strike"],"picked":"Second Wind","floor":46.0},{"not_picked":["Sword Boomerang","Heavy Blade"],"picked":"Reaper","floor":48.0},{"not_picked":["Headbutt","Flex"],"picked":"Shrug It Off","floor":55}],"player_experience":5509675,"relics_obtained":[{"floor":8.0,"key":"Lantern"},{"floor":13.0,"key":"Tiny Chest"},{"floor":19.0,"key":"Vajra"},{"floor":21.0,"key":"Necronomicon"},{"floor":26.0,"key":"Bird Faced Urn"},{"floor":40.0,"key":"Singing Bowl"},{"floor":43.0,"key":"Self Forming Clay"},{"floor":45.0,"key":"Unceasing Top"},{"floor":47.0,"key":"Sundial"},{"floor":55,"key":"Kunai"}],"event_choices":[{"damage_healed":0.0,"max_hp_gain":0.0,"max_hp_loss":0.0,"gold_gain":0.0,"event_name":"Dead Adventurer","player_choice":"Searched \u00271\u0027 times","floor":7.0,"gold_loss":0.0,"damage_taken":0.0,"relics_obtained":["The Courier"]},{"damage_healed":0.0,"max_hp_gain":0.0,"max_hp_loss":0.0,"gold_gain":0.0,"event_name":"Wheel of Change","player_choice":"Damaged","floor":10.0,"gold_loss":0.0,"damage_taken":10.0},{"damage_healed":0.0,"max_hp_gain":0.0,"max_hp_loss":0.0,"gold_gain":0.0,"event_name":"The Mausoleum","player_choice":"Ignored","floor":20.0,"gold_loss":0.0,"damage_taken":0.0},{"damage_healed":0.0,"max_hp_gain":0.0,"max_hp_loss":0.0,"gold_gain":0.0,"event_name":"Cursed Tome","player_choice":"Obtained Book","floor":21.0,"gold_loss":0.0,"damage_taken":21.0},{"damage_healed":0.0,"max_hp_gain":0.0,"max_hp_loss":0.0,"gold_gain":50.0,"event_name":"Nest","player_choice":"Stole From Cult","floor":24.0,"gold_loss":0.0,"damage_taken":0.0},{"damage_healed":0.0,"max_hp_gain":0.0,"max_hp_loss":0.0,"gold_gain":50.0,"event_name":"Golden Shrine","player_choice":"Pray","floor":36.0,"gold_loss":0.0,"damage_taken":0.0}],"is_beta":false,"boss_relics":[{"not_picked":["Runic Dome","Runic Cube"],"picked":"Empty Cage"},{"not_picked":["Black Star","Velvet Choker"],"picked":"Fusion Hammer"}],"items_purged_floors":[11],"is_endless":false,"potions_floor_spawned":[1,5,16,28,31,38,40,45,55],"ascension_level":20}