{"gold_per_floor":[110,122,47,21,21,21,36,47,47,47,47,62,37,50,50,125,125,145,161,86,86,5,5,40,40,66,66,77,77,24,24,24,24],"floor_reached":33,"playtime":851,"items_purged":["Regret"],"score":506,"play_id":"3105d132-45cf-46e2-8353-b8b62a98e50d","local_time":"20190328020406","is_ascension_mode":true,"campfire_choices":[{"data":"Neutralize","floor":6.0,"key":"SMITH"},{"data":"Malaise","floor":11.0,"key":"SMITH"},{"floor":15,"key":"REST"},{"floor":23,"key":"REST"},{"data":"Envenom","floor":25,"key":"SMITH"},{"floor":27,"key":"REST"},{"floor":29,"key":"REST"},{"data":"Bouncing Flask","floor":32,"key":"SMITH"}],"neow_cost":"NONE","seed_source_timestamp":1217224897231000,"circlet_count":0,"master_deck":["AscendersBane","Defend_G","Defend_G","Defend_G","Strike_G+1","Strike_G","Strike_G","Strike_G","Survivor","Neutralize+1","Leg Sweep","Endless Agony","Blade Dance+1","Die Die Die","Malaise+1","Deadly Poison","Acrobatics","Dodge and Roll","Envenom+1","Injury","Injury","PiercingWail","Slice+1","Bouncing Flask+1","Well Laid Plans+1","Backflip"],"special_seed":0,"relics":["Ring of the Snake","Paper Crane","Calling Bell","Dream Catcher","Mercury Hourglass","Prayer Wheel","Singing Bowl","Potion Belt"],"potions_floor_usage":[12,16,18,24],"damage_taken":[{"damage":6.0,"enemies":"Cultist","floor":1.0,"turns":4.0},{"damage":1.0,"enemies":"Small Slimes","floor":2.0,"turns":5.0},{"damage":4.0,"enemies":"Jaw Worm","floor":7.0,"turns":4.0},{"damage":5.0,"enemies":"Red Slaver","floor":8.0,"turns":3.0},{"damage":14,"enemies":"Exordium Thugs","floor":12,"turns":3},{"damage":1,"enemies":"Exordium Wildlife","floor":14,"turns":3},{"damage":6,"enemies":"The Guardian","floor":16,"turns":13},{"damage":13,"enemies":"2 Thieves","floor":18,"turns":4},{"damage":10,"enemies":"3 Byrds","floor":19,"turns":6},{"damage":44,"enemies":"Book of Stabbing","floor":24,"turns":9},{"damage":5,"enemies":"Snake Plant","floor":28,"turns":5},{"damage":57,"enemies":"Automaton","floor":33,"turns":10}],"seed_played":"-8600811771425944090","potions_obtained":[{"floor":1.0,"key":"FearPotion"},{"floor":2.0,"key":"EssenceOfSteel"},{"floor":14,"key":"PowerPotion"}],"is_trial":false,"path_per_floor":["M","M","?","$","?","R","M","M","T","?","R","M","$","M","R","B",null,"M","M","$","?","$","R","E","R","T","R","M","R","$","?","R","B"],"character_chosen":"THE_SILENT","items_purchased":["Blade Dance","Acrobatics","Regen Potion","Backflip"],"campfire_rested":4,"item_purchase_floors":[4,13,22,30],"current_hp_per_floor":[53,52,52,52,32,32,28,23,23,23,23,9,9,8,27,21,55,42,32,32,14,14,35,8,8,8,29,28,53,53,53,53,0],"gold":24,"neow_bonus":"REMOVE_CARD","is_prod":false,"is_daily":false,"chose_seed":false,"campfire_upgraded":4,"win_rate":0,"timestamp":1553706246,"path_taken":["M","M","?","$","?","R","M","M","T","?","R","M","?","M","R","BOSS","M","M","?","?","$","R","E","R","T","R","M","R","?","?","R","BOSS"],"build_version":"2019-01-23","purchased_purges":1,"victory":false,"max_hp_per_floor":[66,66,66,66,66,66,66,66,66,66,66,66,66,66,66,66,66,66,66,66,71,71,71,73,73,73,73,77,79,79,79,79,79],"card_choices":[{"not_picked":["Catalyst","Deflect"],"picked":"Leg Sweep","floor":1.0},{"not_picked":["PiercingWail","Leg Sweep"],"picked":"Endless Agony","floor":2.0},{"not_picked":["Quick Slash","Reflex"],"picked":"Die Die Die","floor":7.0},{"not_picked":["Prepared","Dodge and Roll","Blur"],"picked":"SKIP","floor":8.0},{"not_picked":["Deflect","Eviscerate"],"picked":"Deadly Poison","floor":12},{"not_picked":["Bane","Underhanded Strike"],"picked":"Dodge and Roll","floor":14},{"not_picked":["Adrenaline","Storm of Steel"],"picked":"Envenom","floor":16},{"not_picked":["Outmaneuver","Backflip"],"picked":"PiercingWail","floor":18},{"not_picked":["Riddle With Holes","Bane","Escape Plan"],"picked":"SKIP","floor":18},{"not_picked":["Dodge and Roll+1","Underhanded Strike"],"picked":"Slice+1","floor":19},{"not_picked":["Expertise","Sucker Punch","Slice"],"picked":"SKIP","floor":19},{"not_picked":["Expertise","Sucker Punch","Slice"],"picked":"SKIP","floor":19},{"not_picked":["Deadly Poison","Dagger Spray"],"picked":"Bouncing Flask","floor":23},{"not_picked":["Slice","Deadly Poison","Envenom"],"picked":"Singing Bowl","floor":24},{"not_picked":["PiercingWail","Outmaneuver"],"picked":"Well Laid Plans+1","floor":27},{"not_picked":["Underhanded Strike","Dagger Spray+1","Deadly Poison"],"picked":"Singing Bowl","floor":28},{"not_picked":["Escape Plan","Quick Slash","Flying Knee"],"picked":"Singing Bowl","floor":28},{"not_picked":["Slice","Deadly Poison","Dagger Throw"],"picked":"Singing Bowl","floor":29}],"player_experience":4645215,"relics_obtained":[{"floor":9.0,"key":"Paper Crane"},{"floor":17,"key":"Dream Catcher"},{"floor":17,"key":"Mercury Hourglass"},{"floor":17,"key":"Prayer Wheel"},{"floor":24,"key":"Singing Bowl"},{"floor":26,"key":"Potion Belt"}],"event_choices":[{"cards_removed":["Defend_G"],"damage_healed":0.0,"max_hp_gain":0.0,"max_hp_loss":0.0,"gold_gain":0.0,"event_name":"The Cleric","player_choice":"Card Removal","floor":3.0,"gold_loss":75.0,"damage_taken":0.0},{"damage_healed":0.0,"max_hp_gain":0.0,"max_hp_loss":0.0,"gold_gain":0.0,"event_name":"Shining Light","player_choice":"Entered Light","floor":5.0,"gold_loss":0.0,"damage_taken":20.0,"cards_upgraded":["Strike_G","Blade Dance"]},{"damage_healed":0.0,"max_hp_gain":0.0,"max_hp_loss":0.0,"gold_gain":0.0,"cards_transformed":["Strike_G"],"event_name":"Living Wall","player_choice":"Change","floor":10.0,"gold_loss":0.0,"damage_taken":0.0,"cards_obtained":["Malaise"]},{"damage_healed":0,"gold_gain":0,"player_choice":"Shed Blood","damage_taken":23,"max_hp_gain":5,"max_hp_loss":0,"event_name":"Forgotten Altar","floor":21,"gold_loss":0}],"is_beta":false,"boss_relics":[{"not_picked":["Velvet Choker","HoveringKite"],"picked":"Calling Bell"}],"items_purged_floors":[20],"is_endless":false,"potions_floor_spawned":[1,2,8,14],"killed_by":"Automaton","ascension_level":20}