{"gold_per_floor":[113,133,152,152,166,193,193,173,219,254,271,299,319,346,346,422,422,442,454,470,488,505,834,850,876,901,929,708,708,742,321,321,398,398,418,308,44,61,76,106,124,151,151,165,180,191,225,241,241,241,241,241,241,0,28,28],"floor_reached":57,"playtime":3730,"items_purged":["Pain","Strike_R","Strike_R"],"score":3970,"play_id":"ec1a8e6a-40ba-45b4-af03-ab9717e27115","local_time":"20190610012544","daily_mods":["Diverse"],"is_ascension_mode":true,"campfire_choices":[{"data":"Corruption","floor":7,"key":"SMITH"},{"data":"Burning Pact","floor":15,"key":"SMITH"},{"floor":32,"key":"RECALL"},{"data":"Burst","floor":49,"key":"SMITH"},{"floor":53,"key":"REST"}],"neow_cost":"","seed_source_timestamp":1219282296885600,"circlet_count":0,"master_deck":["Defend_R","Defend_R","Defend_R+1","Defend_R","Strike_R+1","Strike_R+1","Corruption+1","Creative AI+1","Terror","Self Repair","Warcry","Blur","Burning Pact+1","Burst+1","PiercingWail","Master of Strategy","Skim+1","Acrobatics","Seek"],"relics":["Burning Blood","Dead Branch","PrismaticShard","Nuclear Battery","Bottled Tornado","WarpedTongs","Mummified Hand","Oddly Smooth Stone","Whetstone","Blood Vial","Philosopher\u0027s Stone","Old Coin","Dodecahedron","Smiling Mask","Bag of Preparation","Ancient Tea Set","Art of War","Membership Card","Tiny Chest","Red Skull","Black Star","Omamori","Singing Bowl","Shuriken","Juzu Bracelet","Self Forming Clay","Centennial Puzzle","Letter Opener","Lantern","PreservedInsect","OrangePellets","Pantograph","Kunai","Unceasing Top"],"potions_floor_usage":[11,16,56],"damage_taken":[{"damage":5,"enemies":"Small Slimes","floor":1,"turns":3},{"damage":9,"enemies":"Cultist","floor":2,"turns":5},{"damage":6,"enemies":"2 Louse","floor":3,"turns":3},{"damage":1,"enemies":"Lots of Slimes","floor":5,"turns":5},{"damage":13,"enemies":"3 Sentries","floor":6,"turns":4},{"damage":1,"enemies":"Lagavulin","floor":10,"turns":4},{"damage":27,"enemies":"Exordium Thugs","floor":11,"turns":4},{"damage":5,"enemies":"Gremlin Nob","floor":12,"turns":3},{"damage":8,"enemies":"Red Slaver","floor":13,"turns":2},{"damage":6,"enemies":"Lagavulin","floor":14,"turns":4},{"damage":1,"enemies":"The Guardian","floor":16,"turns":6},{"damage":1,"enemies":"Spheric Guardian","floor":18,"turns":2},{"damage":3,"enemies":"Shell Parasite","floor":19,"turns":3},{"damage":4,"enemies":"Chosen and Byrds","floor":20,"turns":4},{"damage":12,"enemies":"Cultist and Chosen","floor":21,"turns":5},{"damage":2,"enemies":"Centurion and Healer","floor":22,"turns":4},{"damage":1,"enemies":"Book of Stabbing","floor":23,"turns":4},{"damage":1,"enemies":"Snake Plant","floor":24,"turns":1},{"damage":3,"enemies":"Gremlin Leader","floor":25,"turns":3},{"damage":1,"enemies":"Slavers","floor":27,"turns":2},{"damage":0,"enemies":"Book of Stabbing","floor":30,"turns":2},{"damage":0,"enemies":"Collector","floor":33,"turns":1},{"damage":0,"enemies":"3 Shapes","floor":35,"turns":2},{"damage":3,"enemies":"3 Darklings","floor":38,"turns":2},{"damage":0,"enemies":"Jaw Worm Horde","floor":39,"turns":3},{"damage":0,"enemies":"Reptomancer","floor":40,"turns":1},{"damage":0,"enemies":"Sphere and 2 Shapes","floor":41,"turns":1},{"damage":0,"enemies":"Nemesis","floor":42,"turns":3},{"damage":0,"enemies":"Maw","floor":44,"turns":2},{"damage":0,"enemies":"Writhing Mass","floor":45,"turns":2},{"damage":0,"enemies":"3 Darklings","floor":46,"turns":1},{"damage":0,"enemies":"Giant Head","floor":47,"turns":2},{"damage":0,"enemies":"4 Shapes","floor":48,"turns":1},{"damage":33,"enemies":"Time Eater","floor":50,"turns":9},{"damage":0,"enemies":"Donu and Deca","floor":51,"turns":2},{"damage":0,"enemies":"Shield and Spear","floor":55,"turns":1},{"damage":5,"enemies":"The Heart","floor":56,"turns":7}],"seed_played":"-7836663085049563102","potions_obtained":[{"floor":5,"key":"SmokeBomb"},{"floor":6,"key":"PowerPotion"},{"floor":8,"key":"Poison Potion"},{"floor":12,"key":"Block Potion"},{"floor":18,"key":"Block Potion"},{"floor":21,"key":"Fire Potion"},{"floor":55,"key":"Dexterity Potion"}],"is_trial":true,"path_per_floor":["M","M","M","?","M","E","R","?","T","E","M","E","M","E","R","B",null,"M","M","M","M","M","E","M","E","T","E","$","?","E","$","R","B",null,"M","?","$","M","M","E","M","E","T","M","M","M","E","M","R","B","B",null,"R","$","E","B",null],"character_chosen":"IRONCLAD","items_purchased":["Ancient Tea Set","Membership Card","Tiny Chest","Red Skull","Swift Potion","Omamori","Singing Bowl","OrangePellets","Pantograph"],"campfire_rested":1,"item_purchase_floors":[28,31,31,31,31,37,37,54,54],"current_hp_per_floor":[69,66,73,73,75,75,75,75,75,75,61,69,67,74,74,75,75,75,75,75,75,75,75,75,75,75,75,75,75,75,75,75,75,75,75,75,75,77,79,81,83,85,85,87,89,91,93,95,95,75,90,94,95,95,97,97],"gold":28,"neow_bonus":"","is_prod":false,"is_daily":false,"chose_seed":false,"campfire_upgraded":3,"win_rate":0,"timestamp":1560097544,"path_taken":["M","M","M","?","?","E","R","?","T","E","M","E","M","E","R","BOSS","M","M","M","M","M","E","M","E","T","E","$","?","E","?","R","BOSS","M","?","$","M","?","E","M","E","T","M","M","M","E","M","R","BOSS","BOSS","R","$","E","BOSS"],"build_version":"2019-01-23","purchased_purges":3,"victory":true,"max_hp_per_floor":[75,75,75,75,75,75,75,75,75,75,75,75,75,75,75,75,75,75,75,75,75,75,75,75,75,75,75,75,75,75,75,75,75,75,75,75,75,77,79,81,83,85,85,87,89,91,93,95,95,95,95,95,95,95,97,97],"card_choices":[{"not_picked":["Underhanded Strike","Searing Blow"],"picked":"Terror","floor":1},{"not_picked":["Thunderclap","Dual Wield"],"picked":"Self Repair","floor":2},{"not_picked":["Glacier","Madness","Terror"],"picked":"SKIP","floor":3},{"not_picked":["Sever Soul","Lockon"],"picked":"Warcry","floor":5},{"not_picked":["Backflip","Deflect"],"picked":"Blur","floor":6},{"not_picked":["Consume","Prepared","Wild Strike"],"picked":"SKIP","floor":10},{"not_picked":["Sucker Punch","Thunderclap"],"picked":"Burning Pact","floor":11},{"not_picked":["Pommel Strike","Whirlwind"],"picked":"Burst","floor":12},{"not_picked":["Rebound","Clash","Outmaneuver"],"picked":"SKIP","floor":13},{"not_picked":["Dramatic Entrance","Endless Agony"],"picked":"PiercingWail","floor":14},{"not_picked":["Grand Finale","HandOfGreed"],"picked":"Master of Strategy","floor":16},{"not_picked":["Auto Shields","Deadly Poison","PanicButton"],"picked":"SKIP","floor":18},{"not_picked":["Bane+1","Cloak And Dagger"],"picked":"Skim+1","floor":19},{"not_picked":["Deadly Poison","Sweeping Beam","Shrug It Off"],"picked":"SKIP","floor":20},{"not_picked":["Corpse Explosion","Dagger Spray"],"picked":"Acrobatics","floor":21},{"not_picked":["Heavy Blade","Go for the Eyes","Body Slam"],"picked":"SKIP","floor":22},{"not_picked":["Blind","Evolve","Underhanded Strike"],"picked":"SKIP","floor":23},{"not_picked":["Conserve Battery","Steam+1"],"picked":"Seek","floor":24},{"not_picked":["Crippling Poison","Steam","Glass Knife"],"picked":"SKIP","floor":25},{"not_picked":["Conserve Battery","Havoc","Deadly Poison"],"picked":"SKIP","floor":27},{"not_picked":["Streamline","Fire Breathing","Blade Dance"],"picked":"SKIP","floor":30},{"not_picked":["Genetic Algorithm","Stack","Havoc"],"picked":"SKIP","floor":35},{"not_picked":["Corruption","Compile Driver","Beam Cell"],"picked":"Singing Bowl","floor":38},{"not_picked":["Fire Breathing","Dash","Dagger Throw"],"picked":"Singing Bowl","floor":39},{"not_picked":["Infernal Blade+1","Wild Strike+1","Reinforced Body"],"picked":"Singing Bowl","floor":40},{"not_picked":["Redo","Coolheaded+1","Flying Knee"],"picked":"Singing Bowl","floor":41},{"not_picked":["Streamline","Darkness","Barrage"],"picked":"Singing Bowl","floor":42},{"not_picked":["Leap","Prepared","Static Discharge+1"],"picked":"Singing Bowl","floor":44},{"not_picked":["Fire Breathing","Exhume","Go for the Eyes+1"],"picked":"Singing Bowl","floor":45},{"not_picked":["Wild Strike","Pommel Strike","Warcry"],"picked":"Singing Bowl","floor":46},{"not_picked":["Skewer","Intimidate","Barrage"],"picked":"Singing Bowl","floor":47},{"not_picked":["Lockon","Outmaneuver","PiercingWail+1"],"picked":"Singing Bowl","floor":48},{"not_picked":["Self Repair","True Grit","Havoc"],"picked":"Singing Bowl","floor":55}],"player_experience":5307907,"relics_obtained":[{"floor":6,"key":"Mummified Hand"},{"floor":10,"key":"Oddly Smooth Stone"},{"floor":12,"key":"Whetstone"},{"floor":14,"key":"Blood Vial"},{"floor":23,"key":"Old Coin"},{"floor":25,"key":"Dodecahedron"},{"floor":26,"key":"Smiling Mask"},{"floor":27,"key":"Bag of Preparation"},{"floor":30,"key":"Art of War"},{"floor":40,"key":"Shuriken"},{"floor":40,"key":"Juzu Bracelet"},{"floor":42,"key":"Self Forming Clay"},{"floor":42,"key":"Centennial Puzzle"},{"floor":43,"key":"Letter Opener"},{"floor":47,"key":"Lantern"},{"floor":47,"key":"PreservedInsect"},{"floor":55,"key":"Kunai"},{"floor":55,"key":"Unceasing Top"}],"event_choices":[{"damage_healed":0,"gold_gain":0,"player_choice":"Rummage","damage_taken":0,"relics_obtained":["WarpedTongs"],"max_hp_gain":0,"max_hp_loss":0,"event_name":"Accursed Blacksmith","floor":4,"gold_loss":0,"cards_obtained":["Pain"]},{"damage_healed":0,"gold_gain":0,"player_choice":"Bought 1 Potion","damage_taken":0,"max_hp_gain":0,"max_hp_loss":0,"event_name":"The Woman in Blue","floor":8,"gold_loss":0},{"damage_healed":0,"gold_gain":0,"player_choice":"Upgraded","damage_taken":0,"max_hp_gain":0,"max_hp_loss":0,"event_name":"Upgrade Shrine","floor":29,"gold_loss":0,"cards_upgraded":["Creative AI"]},{"cards_removed":["Strike_R"],"damage_healed":0,"gold_gain":0,"player_choice":"Upgrade and Remove","damage_taken":0,"max_hp_gain":0,"max_hp_loss":0,"event_name":"Designer","floor":36,"gold_loss":110,"cards_upgraded":["Defend_R"]}],"is_beta":false,"boss_relics":[{"not_picked":["Runic Dome","Eternal Feather"],"picked":"Philosopher\u0027s Stone"},{"not_picked":["Astrolabe","Snecko Eye"],"picked":"Black Star"}],"items_purged_floors":[28,31,37],"is_endless":false,"potions_floor_spawned":[5,6,10,12,13,18,21,22,24,30,33,38,40,45,48,55],"ascension_level":20}