{"gold_per_floor":[111,128,147,147,160,193,193,221,221,44,71,84,84,101,101,177,177,190,190,4,24,42,42,73,73,73,99,99,133,149,74,74,153,153,169,269,144,157,171,171,21,31,85,116,129,141,169,189,189,189,189,189,189,40,66,66],"floor_reached":56,"playtime":2046,"items_purged":["Strike_R","Strike_R","Strike_R","Pommel Strike"],"score":2128,"play_id":"5664ae39-bb33-434a-98e6-ac000d534f9c","local_time":"20190511025131","is_ascension_mode":true,"campfire_choices":[{"data":"Armaments","floor":7.0,"key":"SMITH"},{"data":"Whirlwind","floor":13.0,"key":"SMITH"},{"data":"Dual Wield","floor":15.0,"key":"SMITH"},{"data":"Inflame","floor":23.0,"key":"SMITH"},{"data":"Inflame","floor":25.0,"key":"SMITH"},{"data":"Whirlwind","floor":28.0,"key":"SMITH"},{"data":"Trip","floor":32.0,"key":"SMITH"},{"floor":49.0,"key":"RECALL"},{"floor":53.0,"key":"REST"}],"neow_cost":"","seed_source_timestamp":455632289340700,"circlet_count":0,"master_deck":["Defend_R","Defend_R","Defend_R","Defend_R","Whirlwind+1","Bash","Dual Wield+1","Armaments+1","Whirlwind+1","Trip+1","Reaper","Power Through+1","Inflame+1","Inflame+1","Heavy Blade+1","Metallicize+1","Demon Form","Burning Pact","True Grit+1","Reaper+1","Sentinel+1"],"special_seed":0,"relics":["Burning Blood","Chemical X","Darkstone Periapt","Lantern","Singing Bowl","Turnip","Snecko Eye","Kunai","Art of War","Molten Egg 2","Fusion Hammer","Nunchaku","Potion Belt","Bronze Scales","Meat on the Bone","Bottled Tornado"],"potions_floor_usage":[56,56,56,56],"damage_taken":[{"damage":2.0,"enemies":"Jaw Worm","floor":1.0,"turns":4.0},{"damage":3.0,"enemies":"2 Louse","floor":2.0,"turns":3.0},{"damage":0.0,"enemies":"Cultist","floor":3.0,"turns":2.0},{"damage":14.0,"enemies":"Blue Slaver","floor":5.0,"turns":4.0},{"damage":15.0,"enemies":"3 Sentries","floor":6.0,"turns":4.0},{"damage":6.0,"enemies":"Gremlin Nob","floor":8.0,"turns":3.0},{"damage":15.0,"enemies":"Lagavulin","floor":11.0,"turns":5.0},{"damage":8.0,"enemies":"Large Slime","floor":12.0,"turns":2.0},{"damage":0.0,"enemies":"Exordium Thugs","floor":14.0,"turns":1.0},{"damage":39.0,"enemies":"The Guardian","floor":16.0,"turns":8.0},{"damage":0.0,"enemies":"Spheric Guardian","floor":18.0,"turns":1.0},{"damage":0.0,"enemies":"2 Thieves","floor":21.0,"turns":2.0},{"damage":0.0,"enemies":"Centurion and Healer","floor":22.0,"turns":3.0},{"damage":0.0,"enemies":"Slavers","floor":24.0,"turns":1.0},{"damage":33.0,"enemies":"Book of Stabbing","floor":27.0,"turns":4.0},{"damage":0.0,"enemies":"Slavers","floor":29.0,"turns":1.0},{"damage":19.0,"enemies":"Snake Plant","floor":30.0,"turns":2.0},{"damage":23.0,"enemies":"Collector","floor":33.0,"turns":6.0},{"damage":56.0,"enemies":"3 Shapes","floor":35.0,"turns":12.0},{"damage":46.0,"enemies":"Mind Bloom Boss Battle","floor":36.0,"turns":6.0},{"damage":0.0,"enemies":"3 Darklings","floor":38.0,"turns":1.0},{"damage":0.0,"enemies":"Sphere and 2 Shapes","floor":39.0,"turns":1.0},{"damage":9.0,"enemies":"Maw","floor":42.0,"turns":6.0},{"damage":28.0,"enemies":"Reptomancer","floor":44.0,"turns":4.0},{"damage":22.0,"enemies":"Transient","floor":45.0,"turns":6.0},{"damage":0.0,"enemies":"3 Darklings","floor":46.0,"turns":2.0},{"damage":5.0,"enemies":"Giant Head","floor":47.0,"turns":5.0},{"damage":57.0,"enemies":"4 Shapes","floor":48.0,"turns":10.0},{"damage":300.0,"enemies":"Time Eater","floor":50.0,"turns":16.0},{"damage":72.0,"enemies":"Donu and Deca","floor":51.0,"turns":5.0},{"damage":119.0,"enemies":"Shield and Spear","floor":55.0,"turns":6.0},{"damage":187,"enemies":"The Heart","floor":56,"turns":8}],"seed_played":"5651711287820630324","potions_obtained":[{"floor":3.0,"key":"Dexterity Potion"},{"floor":5.0,"key":"EntropicBrew"},{"floor":11.0,"key":"Weak Potion"},{"floor":14.0,"key":"Dexterity Potion"},{"floor":21.0,"key":"Strength Potion"},{"floor":44.0,"key":"Strength Potion"},{"floor":45.0,"key":"Poison Potion"},{"floor":46.0,"key":"GamblersBrew"},{"floor":55.0,"key":"Block Potion"}],"is_trial":true,"path_per_floor":["M","M","M","?","M","E","R","E","T","$","E","M","R","M","R","B",null,"M","?","$","M","M","R","E","R","T","E","R","E","M","?","R","B",null,"M","?","$","M","M","?","$","M","T","E","M","M","E","M","R","B","B",null,"R","$","E","B"],"character_chosen":"IRONCLAD","items_purchased":["Trip","Inflame","Reaper+1"],"campfire_rested":1,"item_purchase_floors":[10,20,54],"current_hp_per_floor":[72,75,75,80,72,63,63,63,63,63,56,56,56,64,64,31,72,78,78,78,86,86,86,88,88,88,61,61,69,58,58,58,84,90,92,94,94,96,96,92,92,91,91,106,108,110,112,114,114,114,60,101,114,114,64,0],"gold":66,"neow_bonus":"","is_prod":false,"is_daily":false,"chose_seed":false,"campfire_upgraded":7,"win_rate":0,"timestamp":1557510691,"path_taken":["M","M","M","?","M","E","R","E","T","$","E","M","R","M","R","BOSS","M","?","$","?","M","R","E","R","T","E","R","E","M","?","R","BOSS","M","?","$","M","M","?","$","M","T","E","M","M","E","?","R","BOSS","BOSS","R","$","E","BOSS"],"build_version":"2019-01-23","purchased_purges":4,"victory":false,"max_hp_per_floor":[75,75,75,80,80,80,80,80,80,80,82,84,84,86,86,86,86,86,86,86,86,86,86,88,88,88,88,88,90,92,92,92,92,92,92,94,94,96,96,102,102,104,104,106,108,110,112,114,114,114,114,114,114,114,114,114],"card_choices":[{"not_picked":["Wild Strike","Warcry"],"picked":"Dual Wield","floor":1.0},{"not_picked":["Sentinel","True Grit"],"picked":"Pommel Strike","floor":2.0},{"not_picked":["Havoc","Wild Strike","Dual Wield"],"picked":"SKIP","floor":3.0},{"not_picked":["Metallicize","Feel No Pain"],"picked":"Armaments","floor":5.0},{"not_picked":["Power Through","Spot Weakness"],"picked":"Whirlwind","floor":6.0},{"not_picked":["Exhume","Warcry","Body Slam"],"picked":"SKIP","floor":8.0},{"not_picked":["Intimidate","True Grit","Anger"],"picked":"Singing Bowl","floor":11.0},{"not_picked":["Armaments","Flex","Sword Boomerang"],"picked":"Singing Bowl","floor":12.0},{"not_picked":["Searing Blow","Hemokinesis","Sever Soul"],"picked":"Singing Bowl","floor":14.0},{"not_picked":["Limit Break","Bludgeon"],"picked":"Reaper","floor":16.0},{"not_picked":["Wild Strike","True Grit"],"picked":"Power Through+1","floor":18.0},{"not_picked":["Ghostly Armor","Havoc"],"picked":"Inflame","floor":21.0},{"not_picked":["Armaments","Pommel Strike"],"picked":"Heavy Blade+1","floor":22.0},{"not_picked":["Sword Boomerang","Rage","Havoc"],"picked":"Singing Bowl","floor":24.0},{"not_picked":["Heavy Blade+1","Pummel"],"picked":"Metallicize+1","floor":27.0},{"not_picked":["Twin Strike+1","Headbutt","Pommel Strike"],"picked":"Singing Bowl","floor":29.0},{"not_picked":["Blood for Blood+1","Sever Soul+1","Intimidate"],"picked":"Singing Bowl","floor":30.0},{"not_picked":["Berserk","Immolate+1"],"picked":"Demon Form","floor":33.0},{"not_picked":["Pommel Strike+1","Feel No Pain"],"picked":"Burning Pact","floor":35.0},{"not_picked":["Sword Boomerang+1","Pommel Strike+1","Blood for Blood+1"],"picked":"Singing Bowl","floor":36.0},{"not_picked":["Pommel Strike+1","Wild Strike+1","Body Slam+1"],"picked":"Singing Bowl","floor":38.0},{"not_picked":["Clothesline+1","Headbutt+1"],"picked":"True Grit+1","floor":39.0},{"not_picked":["Metamorphosis","Discovery","Jack Of All Trades"],"picked":"Singing Bowl","floor":40.0},{"not_picked":["Master of Strategy","Finesse","PanicButton"],"picked":"Singing Bowl","floor":40.0},{"not_picked":["Blind","Bandage Up","Dark Shackles"],"picked":"Singing Bowl","floor":40.0},{"not_picked":["Havoc","Rupture+1","Bloodletting+1"],"picked":"Singing Bowl","floor":42.0},{"not_picked":["Shrug It Off","Havoc","Warcry"],"picked":"Singing Bowl","floor":44.0},{"not_picked":["Perfected Strike+1","Berserk","Wild Strike+1"],"picked":"Singing Bowl","floor":45.0},{"not_picked":["True Grit","Heavy Blade+1","Wild Strike+1"],"picked":"Singing Bowl","floor":46.0},{"not_picked":["Clothesline+1","Armaments","Seeing Red"],"picked":"Singing Bowl","floor":47.0},{"not_picked":["Pommel Strike+1","Sword Boomerang+1","Flex+1"],"picked":"Singing Bowl","floor":48.0},{"not_picked":["Reckless Charge+1","Double Tap"],"picked":"Sentinel+1","floor":55.0}],"player_experience":4979244,"relics_obtained":[{"floor":6.0,"key":"Darkstone Periapt"},{"floor":8.0,"key":"Lantern"},{"floor":9.0,"key":"Singing Bowl"},{"floor":11.0,"key":"Turnip"},{"floor":24.0,"key":"Kunai"},{"floor":27.0,"key":"Art of War"},{"floor":29.0,"key":"Molten Egg 2"},{"floor":36.0,"key":"Nunchaku"},{"floor":43.0,"key":"Potion Belt"},{"floor":44.0,"key":"Bronze Scales"},{"floor":47.0,"key":"Meat on the Bone"},{"floor":55.0,"key":"Bottled Tornado"}],"event_choices":[{"damage_healed":0.0,"max_hp_gain":5.0,"max_hp_loss":0.0,"gold_gain":0.0,"event_name":"Big Fish","player_choice":"Donut","floor":4.0,"gold_loss":0.0,"damage_taken":0.0},{"cards_removed":["Strike_R"],"damage_healed":0.0,"max_hp_gain":0.0,"max_hp_loss":0.0,"gold_gain":0.0,"event_name":"Purifier","player_choice":"Purged","floor":19.0,"gold_loss":0.0,"damage_taken":0.0},{"cards_removed":["Strike_R"],"damage_healed":0.0,"max_hp_gain":0.0,"max_hp_loss":0.0,"gold_gain":0.0,"event_name":"Beggar","player_choice":"Gave Gold","floor":31.0,"gold_loss":75.0,"damage_taken":0.0},{"damage_healed":0.0,"max_hp_gain":0.0,"max_hp_loss":0.0,"gold_gain":0.0,"event_name":"MindBloom","player_choice":"Fight","floor":36.0,"gold_loss":0.0,"damage_taken":0.0},{"damage_healed":0.0,"max_hp_gain":0.0,"max_hp_loss":0.0,"gold_gain":0.0,"event_name":"SensoryStone","player_choice":"Memory 3","floor":40.0,"gold_loss":0.0,"damage_taken":10.0}],"is_beta":false,"boss_relics":[{"not_picked":["Sozu","Black Star"],"picked":"Snecko Eye"},{"not_picked":["Cursed Key","Empty Cage"],"picked":"Fusion Hammer"}],"items_purged_floors":[10,20,37,41],"is_endless":false,"potions_floor_spawned":[3,5,11,14,16,21,22,27,33,35,42,44,45,46,55],"killed_by":"The Heart","ascension_level":20}