{"gold_per_floor":[109,124,140,156,156,156,174,210,210,210,229,229,247,272,272,363,363,381,144,168,68,18,18,38,38,38,38],"floor_reached":27,"playtime":736,"items_purged":["Strike_G","Strike_G"],"score":514,"play_id":"7338b554-9492-4da5-bce0-3f2d0bff021d","local_time":"20190516015103","is_ascension_mode":true,"campfire_choices":[{"data":"Combust","floor":6,"key":"SMITH"},{"data":"Inflame","floor":10,"key":"SMITH"},{"data":"Combust","floor":12,"key":"SMITH"},{"data":"Fiend Fire","floor":15,"key":"SMITH"},{"data":"Shrug It Off","floor":23,"key":"SMITH"},{"floor":25,"key":"REST"}],"neow_cost":"","seed_source_timestamp":890509753697600,"circlet_count":0,"master_deck":["Burst","Defend_G","Defend_G","Defend_G","Defend_G","Bash","Double Tap","Amplify","Shrug It Off+1","Combust+1","Inflame+1","Fiend Fire+1","Combust+1","Rampage","Twin Strike","Ghostly Armor","Feed","Headbutt+1","Dropkick+1","Dropkick+1","Sword Boomerang","Reaper","Disarm"],"relics":["Burning Blood","Golden Idol","Odd Mushroom","Pocketwatch","Astrolabe","Regal Pillow"],"potions_floor_usage":[4,18,18,27],"damage_taken":[{"damage":12,"enemies":"Cultist","floor":1,"turns":4},{"damage":9,"enemies":"Jaw Worm","floor":2,"turns":6},{"damage":5,"enemies":"2 Louse","floor":3,"turns":2},{"damage":3,"enemies":"Lots of Slimes","floor":4,"turns":4},{"damage":7,"enemies":"2 Fungi Beasts","floor":7,"turns":3},{"damage":11,"enemies":"The Mushroom Lair","floor":8,"turns":2},{"damage":5,"enemies":"Exordium Wildlife","floor":11,"turns":3},{"damage":4,"enemies":"3 Louse","floor":13,"turns":2},{"damage":9,"enemies":"2 Fungi Beasts","floor":14,"turns":3},{"damage":4,"enemies":"Slime Boss","floor":16,"turns":4},{"damage":26,"enemies":"2 Thieves","floor":18,"turns":4},{"damage":3,"enemies":"Chosen","floor":20,"turns":3},{"damage":49,"enemies":"3 Cultists","floor":24,"turns":6},{"damage":63,"enemies":"Slavers","floor":27,"turns":3}],"seed_played":"-5048591994467184725","potions_obtained":[{"floor":3,"key":"Fire Potion"},{"floor":13,"key":"SpeedPotion"},{"floor":14,"key":"Swift Potion"},{"floor":16,"key":"AttackPotion"},{"floor":20,"key":"Weak Potion"}],"is_trial":true,"path_per_floor":["M","M","M","M","?","R","M","?","T","R","M","R","M","M","R","B",null,"M","$","M","$","?","R","M","R","T","E"],"character_chosen":"IRONCLAD","items_purchased":["Reaper"],"campfire_rested":1,"item_purchase_floors":[19],"current_hp_per_floor":[62,59,60,63,63,63,62,57,57,57,58,58,60,57,57,59,66,46,46,49,49,49,49,23,44,44,0],"gold":38,"neow_bonus":"","is_prod":false,"is_daily":false,"chose_seed":false,"campfire_upgraded":5,"win_rate":0,"timestamp":1557939063,"path_taken":["M","M","M","M","?","R","M","?","T","R","M","R","M","M","R","BOSS","M","$","M","$","?","R","M","R","T","E"],"build_version":"2019-01-23","purchased_purges":2,"victory":false,"max_hp_per_floor":[75,75,75,75,68,68,68,68,68,68,68,68,68,68,68,68,68,68,68,68,68,68,68,71,71,71,71],"card_choices":[{"not_picked":["Flex","Headbutt"],"picked":"Shrug It Off","floor":1},{"not_picked":["Thunderclap","Fire Breathing"],"picked":"Combust","floor":2},{"not_picked":["Combust","Clothesline"],"picked":"Inflame","floor":3},{"not_picked":["Body Slam","Clash"],"picked":"Fiend Fire","floor":4},{"not_picked":["Heavy Blade","Power Through"],"picked":"Combust","floor":7},{"not_picked":["Havoc","Thunderclap"],"picked":"Rampage","floor":8},{"not_picked":["Warcry","Shrug It Off"],"picked":"Twin Strike","floor":11},{"not_picked":["Pommel Strike","Rage"],"picked":"Ghostly Armor","floor":13},{"not_picked":["Warcry","Clash","Perfected Strike"],"picked":"SKIP","floor":14},{"not_picked":["Demon Form","Brutality"],"picked":"Feed","floor":16},{"not_picked":["Infernal Blade","Shrug It Off"],"picked":"Sword Boomerang","floor":18},{"not_picked":["Perfected Strike","Wild Strike","Pummel"],"picked":"SKIP","floor":20},{"not_picked":["Twin Strike","Searing Blow"],"picked":"Disarm","floor":24}],"player_experience":5043655,"relics_obtained":[{"floor":8,"key":"Odd Mushroom"},{"floor":9,"key":"Pocketwatch"},{"floor":26,"key":"Regal Pillow"}],"event_choices":[{"damage_healed":0,"gold_gain":0,"player_choice":"Lose Max HP","damage_taken":0,"relics_obtained":["Golden Idol"],"max_hp_gain":0,"max_hp_loss":7,"event_name":"Golden Idol","floor":5,"gold_loss":0},{"damage_healed":0,"gold_gain":0,"player_choice":"Fought Mushrooms","damage_taken":0,"max_hp_gain":0,"max_hp_loss":0,"event_name":"Mushrooms","floor":8,"gold_loss":0},{"damage_healed":0,"gold_gain":0,"player_choice":"Bet on Murderer","damage_taken":0,"max_hp_gain":0,"max_hp_loss":0,"event_name":"The Joust","floor":22,"gold_loss":50}],"is_beta":false,"boss_relics":[{"not_picked":["Runic Cube","Eternal Feather"],"picked":"Astrolabe"}],"items_purged_floors":[19,21],"is_endless":false,"potions_floor_spawned":[3,13,14,16,20],"killed_by":"Slavers","ascension_level":20}