{"gold_per_floor":[111,127,145,145,145,145,170,170,197,197,21,37,50,63,63,137,137,153,173,173,188,10,36,53,79,79,98,129,129,148,148,148,227,227,243,343,83,94,94,107,107,137,137,58,69,97,97,125,125,125,125,125,125,75,105,105],"floor_reached":57,"playtime":2615,"items_purged":["Strike_R","Bash","Pummel"],"score":3529,"play_id":"4106854b-6086-412a-b74c-9e99bf9fc314","local_time":"20190720014553","is_ascension_mode":true,"campfire_choices":[{"data":"Blood for Blood","floor":6,"key":"SMITH"},{"data":"Feel No Pain","floor":8,"key":"SMITH"},{"data":"Feel No Pain","floor":10,"key":"SMITH"},{"data":"True Grit","floor":15,"key":"SMITH"},{"data":"Offering","floor":29,"key":"SMITH"},{"data":"Burning Pact","floor":32,"key":"SMITH"},{"floor":41,"key":"RECALL"},{"data":"Feed","floor":47,"key":"SMITH"},{"data":"Intimidate","floor":49,"key":"SMITH"},{"data":"Dark Embrace","floor":53,"key":"SMITH"}],"neow_cost":"","seed_source_timestamp":800718179768600,"circlet_count":0,"master_deck":["AscendersBane","Rupture","Feel No Pain+1","Intimidate+1","Feel No Pain+1","Feel No Pain","Pummel","Carnage","Body Slam","True Grit+1","Barricade","Dark Embrace+1","Barricade","Disarm","Warcry","Power Through","Master of Strategy","Entrench","Offering+1","Burning Pact+1","Offering","Feel No Pain","Impervious","Feed+1","Juggernaut+1","Corruption+1"],"relics":["Burning Blood","Mark of Pain","Medical Kit","Magic Flower","Mummified Hand","Bird Faced Urn","Strange Spoon","Potion Belt","Smiling Mask","Pandora\u0027s Box","Mango","Sundial","Matryoshka","Bag of Marbles","Empty Cage","Girya","Strawberry","Du-Vu Doll","Omamori","Blue Candle","Frozen Egg 2","Pear","Bronze Scales"],"potions_floor_usage":[7,12,25,25,28,51,55,56],"damage_taken":[{"damage":14,"enemies":"Small Slimes","floor":1,"turns":4},{"damage":0,"enemies":"Cultist","floor":2,"turns":4},{"damage":9,"enemies":"Jaw Worm","floor":3,"turns":5},{"damage":16,"enemies":"3 Sentries","floor":7,"turns":13},{"damage":0,"enemies":"Lots of Slimes","floor":12,"turns":3},{"damage":9,"enemies":"2 Fungi Beasts","floor":13,"turns":3},{"damage":12,"enemies":"Blue Slaver","floor":14,"turns":3},{"damage":55,"enemies":"Hexaghost","floor":16,"turns":11},{"damage":29,"enemies":"Spheric Guardian","floor":18,"turns":5},{"damage":27,"enemies":"Shell Parasite","floor":19,"turns":6},{"damage":21,"enemies":"Centurion and Healer","floor":21,"turns":6},{"damage":34,"enemies":"Slavers","floor":23,"turns":7},{"damage":33,"enemies":"Snake Plant","floor":24,"turns":8},{"damage":0,"enemies":"Gremlin Leader","floor":25,"turns":4},{"damage":0,"enemies":"Sentry and Sphere","floor":27,"turns":5},{"damage":26,"enemies":"Slavers","floor":28,"turns":8},{"damage":6,"enemies":"Chosen and Byrds","floor":30,"turns":6},{"damage":6,"enemies":"Automaton","floor":33,"turns":5},{"damage":12,"enemies":"Orb Walker","floor":35,"turns":3},{"damage":12,"enemies":"Mind Bloom Boss Battle","floor":36,"turns":3},{"damage":12,"enemies":"3 Shapes","floor":38,"turns":3},{"damage":11,"enemies":"Sphere and 2 Shapes","floor":40,"turns":3},{"damage":6,"enemies":"Reptomancer","floor":42,"turns":3},{"damage":13,"enemies":"4 Shapes","floor":45,"turns":23},{"damage":33,"enemies":"Nemesis","floor":46,"turns":9},{"damage":13,"enemies":"Giant Head","floor":48,"turns":2},{"damage":12,"enemies":"Donu and Deca","floor":50,"turns":4},{"damage":18,"enemies":"Awakened One","floor":51,"turns":9},{"damage":6,"enemies":"Shield and Spear","floor":55,"turns":6},{"damage":209,"enemies":"The Heart","floor":56,"turns":14}],"seed_played":"-6097344730798076480","potions_obtained":[{"floor":1,"key":"Explosive Potion"},{"floor":3,"key":"Swift Potion"},{"floor":12,"key":"Explosive Potion"},{"floor":13,"key":"Dexterity Potion"},{"floor":16,"key":"Block Potion"},{"floor":19,"key":"Energy Potion"},{"floor":23,"key":"Swift Potion"},{"floor":28,"key":"Explosive Potion"},{"floor":30,"key":"Block Potion"},{"floor":33,"key":"Explosive Potion"},{"floor":55,"key":"Weak Potion"}],"is_trial":true,"path_per_floor":["M","M","M","?","?","R","E","R","T","R","$","M","M","M","R","B",null,"M","M","?","M","$","E","M","E","T","M","E","R","M","?","R","B",null,"M","?","$","M","?","M","R","E","T","$","M","E","R","E","R","B","B",null,"R","$","E","B",null],"character_chosen":"IRONCLAD","items_purchased":["Feel No Pain","Pummel","Master of Strategy","Strawberry","Feel No Pain","BloodPotion"],"campfire_rested":0,"item_purchase_floors":[11,11,22,37,37,44],"current_hp_per_floor":[63,72,75,64,64,64,63,63,63,63,63,75,75,75,75,35,65,64,69,69,72,72,75,72,89,89,89,75,75,89,89,89,89,89,89,89,96,96,96,96,96,96,96,96,102,104,104,119,119,123,131,131,131,131,135,15],"gold":105,"neow_bonus":"","is_prod":false,"is_daily":false,"chose_seed":false,"campfire_upgraded":9,"win_rate":0,"timestamp":1563554753,"path_taken":["M","M","M","?","?","R","E","R","T","R","$","M","M","M","R","BOSS","M","?","?","M","$","E","?","E","T","?","E","R","M","?","R","BOSS","M","?","$","M","?","?","R","E","T","$","M","E","R","E","R","BOSS","BOSS","R","$","E","BOSS"],"build_version":"2019-07-17","purchased_purges":3,"victory":true,"max_hp_per_floor":[75,75,75,75,75,75,75,75,75,75,75,75,75,75,75,75,75,75,75,75,75,75,89,89,89,89,89,89,89,89,89,89,89,89,89,89,96,96,96,96,96,96,96,96,102,105,105,119,119,123,131,131,131,131,135,135],"card_choices":[{"not_picked":["Warcry","Dropkick"],"picked":"Rupture","floor":1},{"not_picked":["Second Wind","Iron Wave"],"picked":"Feel No Pain","floor":2},{"not_picked":["Anger","Shrug It Off"],"picked":"Blood for Blood","floor":3},{"not_picked":["Rupture","Entrench"],"picked":"Feel No Pain","floor":7},{"not_picked":["Shrug It Off","Wild Strike"],"picked":"Carnage","floor":12},{"not_picked":["Headbutt","Clash"],"picked":"Body Slam","floor":13},{"not_picked":["Clothesline","Cleave"],"picked":"True Grit","floor":14},{"not_picked":["Double Tap","Bludgeon"],"picked":"Barricade","floor":16},{"not_picked":["Anger","Clothesline"],"picked":"Warcry","floor":18},{"not_picked":["Clash","Combust"],"picked":"Power Through","floor":19},{"not_picked":["Intimidate","Warcry","Rupture"],"picked":"SKIP","floor":21},{"not_picked":["Sword Boomerang","True Grit"],"picked":"Entrench","floor":23},{"not_picked":["Clothesline","Sever Soul","Flex+1"],"picked":"SKIP","floor":24},{"not_picked":["Clash","Havoc","Combust"],"picked":"SKIP","floor":25},{"not_picked":["Rupture","Cleave","Body Slam"],"picked":"SKIP","floor":27},{"not_picked":["Perfected Strike","Searing Blow"],"picked":"Offering","floor":28},{"not_picked":["Shrug It Off","Shockwave","Wild Strike+1"],"picked":"SKIP","floor":30},{"not_picked":["Brutality","Double Tap"],"picked":"Offering","floor":33},{"not_picked":["Wild Strike","Warcry","Cleave"],"picked":"SKIP","floor":35},{"not_picked":["Perfected Strike","Armaments","Heavy Blade"],"picked":"SKIP","floor":38},{"not_picked":["Thunderclap","Warcry","Cleave"],"picked":"SKIP","floor":40},{"not_picked":["Offering","Juggernaut"],"picked":"Feed","floor":42},{"not_picked":["Twin Strike","Flex","Pommel Strike"],"picked":"SKIP","floor":45},{"not_picked":["Feed","Infernal Blade+1","Wild Strike+1"],"picked":"SKIP","floor":46},{"not_picked":["Flex+1","Disarm"],"picked":"Juggernaut+1","floor":48},{"not_picked":["Battle Trance","Clash"],"picked":"Corruption+1","floor":55}],"player_experience":5751473,"relics_obtained":[{"floor":7,"key":"Smiling Mask"},{"floor":23,"key":"Mango"},{"floor":25,"key":"Sundial"},{"floor":26,"key":"Matryoshka"},{"floor":28,"key":"Bag of Marbles"},{"floor":36,"key":"Girya"},{"floor":42,"key":"Du-Vu Doll"},{"floor":43,"key":"Omamori"},{"floor":43,"key":"Blue Candle"},{"floor":46,"key":"Frozen Egg 2"},{"floor":48,"key":"Pear"},{"floor":55,"key":"Bronze Scales"}],"event_choices":[{"damage_healed":0,"gold_gain":0,"player_choice":"Success","damage_taken":11,"relics_obtained":["Potion Belt"],"max_hp_gain":0,"max_hp_loss":0,"event_name":"Scrap Ooze","floor":4,"gold_loss":0},{"damage_healed":0,"gold_gain":0,"cards_transformed":["Strike_R"],"player_choice":"Transformed","damage_taken":0,"max_hp_gain":0,"max_hp_loss":0,"event_name":"Transmorgrifier","floor":5,"gold_loss":0,"cards_obtained":["Intimidate"]},{"cards_removed":["Fire Breathing"],"damage_healed":0,"gold_gain":0,"player_choice":"Purged","damage_taken":0,"max_hp_gain":0,"max_hp_loss":0,"event_name":"Purifier","floor":20,"gold_loss":0},{"damage_healed":0,"gold_gain":0,"player_choice":"Read","damage_taken":0,"max_hp_gain":0,"max_hp_loss":0,"event_name":"The Library","floor":31,"gold_loss":0,"cards_obtained":["Burning Pact"]},{"damage_healed":0,"gold_gain":0,"player_choice":"Fight","damage_taken":0,"max_hp_gain":0,"max_hp_loss":0,"event_name":"MindBloom","floor":36,"gold_loss":0},{"damage_healed":0,"gold_gain":0,"cards_transformed":["Blood for Blood"],"player_choice":"Transformed","damage_taken":0,"max_hp_gain":0,"max_hp_loss":0,"event_name":"Transmorgrifier","floor":39,"gold_loss":0,"cards_obtained":["Impervious"]}],"is_beta":false,"boss_relics":[{"not_picked":["Runic Cube","Sozu"],"picked":"Pandora\u0027s Box"},{"not_picked":["Cursed Key","Philosopher\u0027s Stone"],"picked":"Empty Cage"}],"items_purged_floors":[11,37,54],"is_endless":false,"potions_floor_spawned":[1,3,12,13,16,19,23,28,30,33,35,40,42,55],"ascension_level":20}