{"gold_per_floor":[114,114,124,74,24,55,55,86,166,166,178,189,223,241,241,345,345,357,357,368,368,388,388,417,417,417,417],"floor_reached":27,"playtime":987,"items_purged":[],"score":373,"play_id":"15ec4bed-9303-48b3-9ced-f0722132d520","local_time":"20190718131414","is_ascension_mode":true,"campfire_choices":[{"data":"Anger","floor":10,"key":"SMITH"},{"data":"Bash","floor":15,"key":"SMITH"},{"data":"Rupture","floor":23,"key":"SMITH"},{"data":"Combust","floor":25,"key":"SMITH"}],"neow_cost":"NONE","seed_source_timestamp":8385260568100,"circlet_count":0,"master_deck":["Strike_R","Strike_R","Strike_R","Strike_R","Defend_R","Defend_R","Defend_R","Defend_R","Bash+1","Wild Strike","Sever Soul","Pommel Strike","Combust+1","Anger+1","Twin Strike","Cleave","Feel No Pain","Battle Trance","Reaper","Blood for Blood","Pain","Spot Weakness+1","Rupture+1"],"relics":["Burning Blood","NeowsBlessing","Happy Flower","FaceOfCleric","Question Card","Shuriken","Oddly Smooth Stone","Eternal Feather","WarpedTongs","Darkstone Periapt","Du-Vu Doll"],"potions_floor_usage":[8,8,13,24],"damage_taken":[{"damage":0,"enemies":"2 Louse","floor":1,"turns":1},{"damage":0,"enemies":"Cultist","floor":3,"turns":1},{"damage":0,"enemies":"3 Sentries","floor":6,"turns":1},{"damage":24,"enemies":"Gremlin Nob","floor":8,"turns":5},{"damage":12,"enemies":"Jaw Worm","floor":11,"turns":2},{"damage":0,"enemies":"3 Louse","floor":12,"turns":3},{"damage":22,"enemies":"3 Sentries","floor":13,"turns":5},{"damage":11,"enemies":"Red Slaver","floor":14,"turns":3},{"damage":17,"enemies":"Slime Boss","floor":16,"turns":6},{"damage":19,"enemies":"Spheric Guardian","floor":18,"turns":4},{"damage":17,"enemies":"Chosen","floor":20,"turns":4},{"damage":4,"enemies":"Snecko","floor":22,"turns":3},{"damage":59,"enemies":"Book of Stabbing","floor":24,"turns":4},{"damage":75,"enemies":"Slavers","floor":27,"turns":3}],"seed_played":"9140733519840461586","potions_obtained":[{"floor":2,"key":"EssenceOfSteel"},{"floor":2,"key":"Weak Potion"},{"floor":2,"key":"EntropicBrew"},{"floor":8,"key":"Regen Potion"},{"floor":12,"key":"Energy Potion"},{"floor":13,"key":"LiquidBronze"}],"is_trial":false,"path_per_floor":["M","?","M","$","?","E","?","E","T","R","M","M","E","M","R","B",null,"M","?","M","?","M","R","E","R","T","E"],"character_chosen":"IRONCLAD","items_purchased":["Pommel Strike"],"campfire_rested":0,"item_purchase_floors":[4],"current_hp_per_floor":[78,78,80,80,80,80,80,63,63,63,58,65,64,60,60,50,77,65,65,60,60,63,75,36,48,48,0],"gold":417,"neow_bonus":"THREE_ENEMY_KILL","is_prod":false,"is_daily":false,"chose_seed":false,"campfire_upgraded":4,"win_rate":0,"timestamp":1563470054,"path_taken":["M","?","?","$","?","E","?","E","T","R","M","M","E","M","R","BOSS","M","?","?","?","M","R","E","R","T","E"],"build_version":"2019-07-17","purchased_purges":0,"victory":false,"max_hp_per_floor":[80,80,80,80,80,80,80,81,81,81,82,83,84,85,85,86,86,87,87,88,88,89,89,90,90,90,90],"card_choices":[{"not_picked":["Headbutt","Warcry"],"picked":"Wild Strike","floor":1},{"not_picked":["Rampage","Sentinel"],"picked":"Sever Soul","floor":3},{"not_picked":["Headbutt","Perfected Strike"],"picked":"Combust","floor":6},{"not_picked":["Twin Strike","Pommel Strike"],"picked":"Anger","floor":8},{"not_picked":["Barricade","Dropkick","Flex"],"picked":"Twin Strike","floor":11},{"not_picked":["Twin Strike","Rupture","Intimidate"],"picked":"Cleave","floor":12},{"not_picked":["Clothesline","Sever Soul","Wild Strike"],"picked":"Feel No Pain","floor":13},{"not_picked":["Infernal Blade","Clash","Clothesline"],"picked":"Battle Trance","floor":14},{"not_picked":["Juggernaut","Fiend Fire","Limit Break"],"picked":"Reaper","floor":16},{"not_picked":["Body Slam","Iron Wave","Warcry"],"picked":"Blood for Blood","floor":18},{"not_picked":["Clash","True Grit","Headbutt+1"],"picked":"Spot Weakness+1","floor":20},{"not_picked":["Flex","Headbutt","Rampage+1"],"picked":"Rupture","floor":22},{"not_picked":["Rage","Flex+1","Sentinel","Exhume"],"picked":"SKIP","floor":24}],"player_experience":244647,"relics_obtained":[{"floor":6,"key":"Happy Flower"},{"floor":8,"key":"Question Card"},{"floor":9,"key":"Shuriken"},{"floor":13,"key":"Oddly Smooth Stone"},{"floor":24,"key":"Darkstone Periapt"},{"floor":26,"key":"Du-Vu Doll"}],"event_choices":[{"damage_healed":0,"gold_gain":0,"player_choice":"Got Potions","damage_taken":0,"max_hp_gain":0,"max_hp_loss":0,"event_name":"Lab","floor":2,"gold_loss":0},{"cards_removed":["Strike_R"],"damage_healed":0,"gold_gain":0,"player_choice":"Card Removal","damage_taken":0,"max_hp_gain":0,"max_hp_loss":0,"event_name":"The Cleric","floor":5,"gold_loss":50},{"damage_healed":0,"gold_gain":0,"player_choice":"Trade","damage_taken":0,"relics_obtained":["FaceOfCleric"],"max_hp_gain":0,"max_hp_loss":0,"event_name":"FaceTrader","floor":7,"gold_loss":0},{"damage_healed":0,"gold_gain":0,"player_choice":"Rummage","damage_taken":0,"relics_obtained":["WarpedTongs"],"max_hp_gain":0,"max_hp_loss":0,"event_name":"Accursed Blacksmith","floor":19,"gold_loss":0,"cards_obtained":["Pain"]},{"damage_healed":0,"gold_gain":0,"player_choice":"Ignored","damage_taken":0,"max_hp_gain":0,"max_hp_loss":0,"event_name":"The Mausoleum","floor":21,"gold_loss":0}],"is_beta":false,"boss_relics":[{"not_picked":["Empty Cage","Coffee Dripper"],"picked":"Eternal Feather"}],"items_purged_floors":[],"is_endless":false,"potions_floor_spawned":[8,12,13,16,22],"killed_by":"Slavers","ascension_level":7}