{"gold_per_floor":[20,20,20,34,34,34,74,74,74,39,39,58,58,36,36,36],"floor_reached":16,"playtime":311,"items_purged":[],"score":163,"play_id":"6e24888c-45d7-4e01-81b8-a072199635db","local_time":"20190714160531","is_ascension_mode":true,"campfire_choices":[{"floor":6,"key":"DIG"},{"floor":8,"key":"REST"},{"floor":11,"key":"DIG"},{"floor":15,"key":"REST"}],"neow_cost":"NO_GOLD","seed_source_timestamp":1998806394868060,"circlet_count":0,"master_deck":["AscendersBane","Strike_R","Strike_R","Strike_R","Strike_R","Strike_R","Defend_R","Defend_R","Defend_R","Defend_R","Bash","Battle Trance","Pommel Strike","Perfected Strike","Twin Strike","Pommel Strike","Spot Weakness"],"relics":["Burning Blood","Shovel","Golden Idol","Bronze Scales","Dream Catcher","WingedGreaves","Red Skull","Peace Pipe"],"potions_floor_usage":[7,7],"damage_taken":[{"damage":14,"enemies":"2 Louse","floor":1,"turns":3},{"damage":6,"enemies":"Jaw Worm","floor":4,"turns":5},{"damage":49,"enemies":"Lagavulin","floor":7,"turns":10},{"damage":5,"enemies":"Small Slimes","floor":12,"turns":3},{"damage":67,"enemies":"Hexaghost","floor":16,"turns":9}],"seed_played":"-4274856570170727792","potions_obtained":[{"floor":1,"key":"Block Potion"},{"floor":4,"key":"FearPotion"}],"is_trial":false,"path_per_floor":["M","$","?","M","?","R","E","R","T","?","R","M","?","$","R","B"],"character_chosen":"IRONCLAD","items_purchased":["Pommel Strike"],"campfire_rested":2,"item_purchase_floors":[14],"current_hp_per_floor":[60,60,60,60,60,60,17,37,37,54,54,55,43,43,63,0],"gold":36,"neow_bonus":"ONE_RARE_RELIC","is_prod":false,"is_daily":false,"chose_seed":false,"campfire_upgraded":0,"win_rate":0,"timestamp":1563116731,"path_taken":["M","$","?","M","?","R","E","R","T","?","R","?","?","$","R","BOSS"],"build_version":"2019-07-05","purchased_purges":0,"victory":false,"max_hp_per_floor":[75,75,69,69,69,69,69,69,69,69,69,69,69,69,69,69],"card_choices":[{"not_picked":["Blood for Blood","Clash"],"picked":"Battle Trance","floor":1},{"not_picked":["Rupture","Body Slam"],"picked":"Pommel Strike","floor":4},{"not_picked":["Clash","Warcry"],"picked":"Perfected Strike","floor":7},{"not_picked":["Pommel Strike","Warcry"],"picked":"Twin Strike","floor":8},{"not_picked":["Warcry","Bludgeon","Power Through"],"picked":"SKIP","floor":12},{"not_picked":["Heavy Blade","Sentinel"],"picked":"Spot Weakness","floor":15}],"player_experience":414142,"relics_obtained":[{"floor":6,"key":"Bronze Scales"},{"floor":7,"key":"Dream Catcher"},{"floor":9,"key":"WingedGreaves"},{"floor":11,"key":"Red Skull"}],"event_choices":[{"damage_healed":0,"gold_gain":0,"player_choice":"Lose Max HP","damage_taken":0,"relics_obtained":["Golden Idol"],"max_hp_gain":0,"max_hp_loss":6,"event_name":"Golden Idol","floor":3,"gold_loss":0},{"damage_healed":0,"gold_gain":0,"player_choice":"Ignored","damage_taken":0,"max_hp_gain":0,"max_hp_loss":0,"event_name":"Liars Game","floor":5,"gold_loss":0},{"damage_healed":17,"gold_gain":0,"player_choice":"Healed","damage_taken":0,"max_hp_gain":0,"max_hp_loss":0,"event_name":"The Cleric","floor":10,"gold_loss":35},{"damage_healed":0,"gold_gain":0,"player_choice":"Success","damage_taken":12,"relics_obtained":["Peace Pipe"],"max_hp_gain":0,"max_hp_loss":0,"event_name":"Scrap Ooze","floor":13,"gold_loss":0}],"is_beta":false,"boss_relics":[],"items_purged_floors":[],"is_endless":false,"potions_floor_spawned":[1,4],"killed_by":"Hexaghost","ascension_level":14}