{"gold_per_floor":[113,163,181,181,181,207,220,220,220,233,21,21,32,47,47,124,124,140,140,153,53,65,65,65],"floor_reached":24,"playtime":611,"items_purged":["Defend_G","Flechettes"],"score":446,"play_id":"85c82463-6021-457d-8b00-5270f5076e20","local_time":"20190419011205","is_ascension_mode":true,"campfire_choices":[{"data":"Quick Slash","floor":8,"key":"SMITH"},{"data":"Deadly Poison","floor":12,"key":"SMITH"},{"floor":15,"key":"REST"},{"floor":23,"key":"REST"}],"neow_cost":"NONE","seed_source_timestamp":176376745379900,"circlet_count":0,"master_deck":["AscendersBane","Survivor","Neutralize","Deadly Poison+1","Escape Plan+1","Quick Slash+1","Terror","Bane","Blur","Noxious Fumes+1","Deadly Poison","A Thousand Cuts+1","Calculated Gamble","Unload","Calculated Gamble","Caltrops+1","Flechettes","Glass Knife","Malaise","Blur","Blur"],"relics":["Ring of the Snake","NeowsBlessing","The Specimen","Frozen Egg 2","Pandora\u0027s Box"],"potions_floor_usage":[14,16,22,24],"damage_taken":[{"damage":0,"enemies":"Jaw Worm","floor":1,"turns":1},{"damage":0,"enemies":"Cultist","floor":3,"turns":1},{"damage":0,"enemies":"3 Sentries","floor":6,"turns":1},{"damage":0,"enemies":"2 Louse","floor":7,"turns":4},{"damage":11,"enemies":"Exordium Wildlife","floor":10,"turns":6},{"damage":0,"enemies":"2 Fungi Beasts","floor":13,"turns":4},{"damage":14,"enemies":"Lots of Slimes","floor":14,"turns":3},{"damage":11,"enemies":"Hexaghost","floor":16,"turns":9},{"damage":18,"enemies":"Chosen","floor":18,"turns":4},{"damage":3,"enemies":"3 Byrds","floor":20,"turns":4},{"damage":13,"enemies":"Cultist and Chosen","floor":22,"turns":5},{"damage":39,"enemies":"Book of Stabbing","floor":24,"turns":6}],"seed_played":"-2711235552189276205","potions_obtained":[{"floor":7,"key":"Swift Potion"},{"floor":13,"key":"Block Potion"},{"floor":14,"key":"Ancient Potion"},{"floor":20,"key":"Fire Potion"}],"is_trial":false,"path_per_floor":["M","?","M","?","?","E","M","R","T","M","$","R","M","M","R","B",null,"M","?","M","$","M","R","E"],"character_chosen":"THE_SILENT","items_purchased":["Bane","Blur"],"campfire_rested":2,"item_purchase_floors":[11,11],"current_hp_per_floor":[59,59,59,52,32,32,32,32,32,21,21,21,21,7,26,15,53,35,35,32,32,19,38,0],"gold":65,"neow_bonus":"THREE_ENEMY_KILL","is_prod":false,"is_daily":false,"chose_seed":false,"campfire_upgraded":2,"win_rate":0,"timestamp":1555603925,"path_taken":["M","?","?","?","?","E","M","R","T","M","?","R","M","M","R","BOSS","M","?","M","$","?","R","E"],"build_version":"2019-01-23","purchased_purges":2,"victory":false,"max_hp_per_floor":[66,66,66,66,66,66,66,66,66,66,66,66,66,66,66,66,66,66,66,66,66,66,66,66],"card_choices":[{"not_picked":["Dodge and Roll","PiercingWail"],"picked":"Deadly Poison","floor":1},{"not_picked":["Underhanded Strike","Dagger Spray"],"picked":"Escape Plan","floor":3},{"not_picked":["Outmaneuver","Prepared","Deflect"],"picked":"SKIP","floor":6},{"not_picked":["Underhanded Strike","Endless Agony"],"picked":"Quick Slash","floor":7},{"not_picked":["Concentrate","Underhanded Strike"],"picked":"Terror","floor":10},{"not_picked":["Heel Hook","Flying Knee"],"picked":"Noxious Fumes+1","floor":13},{"not_picked":["Calculated Gamble","Slice"],"picked":"Deadly Poison","floor":14},{"not_picked":["Doppelganger","Venomology"],"picked":"A Thousand Cuts+1","floor":16},{"not_picked":["Outmaneuver","Accuracy+1"],"picked":"Blur","floor":18},{"not_picked":["Cloak And Dagger","Bane"],"picked":"Blur","floor":20},{"not_picked":["Prepared","Deadly Poison","Heel Hook"],"picked":"SKIP","floor":22}],"player_experience":4836405,"relics_obtained":[{"floor":6,"key":"The Specimen"},{"floor":9,"key":"Frozen Egg 2"}],"event_choices":[{"damage_healed":0,"gold_gain":50,"player_choice":"Pray","damage_taken":0,"max_hp_gain":0,"max_hp_loss":0,"event_name":"Golden Shrine","floor":2,"gold_loss":0},{"cards_removed":["Strike_G"],"damage_healed":0,"gold_gain":0,"player_choice":"Card Removal","damage_taken":7,"max_hp_gain":0,"max_hp_loss":0,"event_name":"Golden Wing","floor":4,"gold_loss":0},{"damage_healed":0,"gold_gain":0,"player_choice":"Entered Light","damage_taken":20,"max_hp_gain":0,"max_hp_loss":0,"event_name":"Shining Light","floor":5,"gold_loss":0,"cards_upgraded":["Defend_G","Escape Plan"]},{"damage_healed":0,"gold_gain":0,"cards_transformed":["Finisher"],"player_choice":"Transformed","damage_taken":0,"max_hp_gain":0,"max_hp_loss":0,"event_name":"Transmorgrifier","floor":19,"gold_loss":0,"cards_obtained":["Flechettes"]}],"is_beta":false,"boss_relics":[{"not_picked":["Ring of the Serpent","White Beast Statue"],"picked":"Pandora\u0027s Box"}],"items_purged_floors":[11,21],"is_endless":false,"potions_floor_spawned":[7,13,14,20],"killed_by":"Book of Stabbing","ascension_level":20}