{"gold_per_floor":[116,127,137,137,147,147,166,15,15,45,55,55,73,38,38,113,113,126,126,140,153,168,168],"floor_reached":23,"playtime":1039,"items_purged":["Strike_G"],"score":394,"play_id":"0ee8bd79-5dc5-4b7c-8e3c-717551bcf382","local_time":"20190624001928","is_ascension_mode":true,"campfire_choices":[{"data":"Setup","floor":6,"key":"SMITH"},{"data":"Blade Dance","floor":15,"key":"SMITH"}],"neow_cost":"NONE","seed_source_timestamp":451795295474100,"circlet_count":0,"master_deck":["AscendersBane","Defend_G","Defend_G","Defend_G","Defend_G","Strike_G","Strike_G","Strike_G","Survivor","Neutralize","Blade Dance+1","Well Laid Plans","Endless Agony","Setup+1","Choke","Backstab","Corpse Explosion","Footwork","Escape Plan","Blur","Die Die Die","Escape Plan","Blur","Prepared+1","Dodge and Roll","Venomology"],"relics":["Ring of the Snake","Mercury Hourglass","Letter Opener","Pantograph","Cursed Key"],"potions_floor_usage":[5,11,20,23,23],"damage_taken":[{"damage":4,"enemies":"Small Slimes","floor":1,"turns":4},{"damage":4,"enemies":"Cultist","floor":2,"turns":4},{"damage":8,"enemies":"Jaw Worm","floor":3,"turns":5},{"damage":0,"enemies":"Lots of Slimes","floor":5,"turns":3},{"damage":14,"enemies":"3 Louse","floor":7,"turns":3},{"damage":14,"enemies":"Gremlin Nob","floor":10,"turns":3},{"damage":6,"enemies":"Large Slime","floor":11,"turns":5},{"damage":0,"enemies":"Gremlin Gang","floor":13,"turns":2},{"damage":45,"enemies":"Slime Boss","floor":16,"turns":9},{"damage":12,"enemies":"2 Thieves","floor":18,"turns":4},{"damage":0,"enemies":"Chosen","floor":20,"turns":3},{"damage":0,"enemies":"Centurion and Healer","floor":21,"turns":4},{"damage":13,"enemies":"Snecko","floor":22,"turns":5},{"damage":30,"enemies":"Book of Stabbing","floor":23,"turns":5}],"seed_played":"-1975624787257777314","potions_obtained":[{"floor":1,"key":"LiquidBronze"},{"floor":3,"key":"PowerPotion"},{"floor":10,"key":"Weak Potion"},{"floor":16,"key":"Ancient Potion"},{"floor":18,"key":"Explosive Potion"},{"floor":22,"key":"SpeedPotion"}],"is_trial":false,"path_per_floor":["M","M","M","?","M","R","M","$","T","E","M","?","M","?","R","B",null,"M","?","M","M","M","E"],"character_chosen":"THE_SILENT","items_purchased":["Corpse Explosion"],"campfire_rested":0,"item_purchase_floors":[8],"current_hp_per_floor":[55,51,43,43,43,43,29,29,29,15,9,9,9,25,25,5,51,39,39,39,39,26,0],"gold":168,"neow_bonus":"REMOVE_CARD","is_prod":false,"is_daily":false,"chose_seed":false,"campfire_upgraded":2,"win_rate":0,"timestamp":1561303168,"path_taken":["M","M","M","?","M","R","M","$","T","E","?","?","?","?","R","BOSS","M","?","?","M","?","E"],"build_version":"2019-01-23","purchased_purges":1,"victory":false,"max_hp_per_floor":[66,66,66,66,66,66,66,66,66,66,66,66,66,66,66,66,66,66,66,66,66,66,66],"card_choices":[{"not_picked":["Calculated Gamble","Acrobatics"],"picked":"Blade Dance","floor":1},{"not_picked":["Slice","Bane"],"picked":"Well Laid Plans","floor":2},{"not_picked":["Caltrops","Cloak And Dagger"],"picked":"Endless Agony","floor":3},{"not_picked":["Slice","Sucker Punch"],"picked":"Choke","floor":5},{"not_picked":["Dagger Spray","Tactician"],"picked":"Backstab","floor":7},{"not_picked":["Expertise","Prepared"],"picked":"Footwork","floor":10},{"not_picked":["Cloak And Dagger","Noxious Fumes"],"picked":"Escape Plan","floor":11},{"not_picked":["Underhanded Strike","Dagger Spray"],"picked":"Blur","floor":13},{"not_picked":["Malaise","Venomology"],"picked":"Die Die Die","floor":16},{"not_picked":["Bouncing Flask","Acrobatics"],"picked":"Escape Plan","floor":18},{"not_picked":["Accuracy","Underhanded Strike"],"picked":"Prepared+1","floor":20},{"not_picked":["Well Laid Plans","Flying Knee"],"picked":"Dodge and Roll","floor":21},{"not_picked":["Terror","Masterful Stab"],"picked":"Venomology","floor":22}],"player_experience":5463426,"relics_obtained":[{"floor":9,"key":"Mercury Hourglass"},{"floor":10,"key":"Letter Opener"}],"event_choices":[{"damage_healed":0,"gold_gain":0,"cards_transformed":["Strike_G"],"player_choice":"Transformed","damage_taken":0,"max_hp_gain":0,"max_hp_loss":0,"event_name":"Transmorgrifier","floor":4,"gold_loss":0,"cards_obtained":["Setup"]},{"damage_healed":0,"gold_gain":0,"player_choice":"Gave Potion","damage_taken":0,"relics_obtained":["Pantograph"],"max_hp_gain":0,"max_hp_loss":0,"event_name":"WeMeetAgain","floor":12,"gold_loss":0},{"damage_healed":16,"gold_gain":0,"player_choice":"Healed","damage_taken":0,"max_hp_gain":0,"max_hp_loss":0,"event_name":"The Cleric","floor":14,"gold_loss":35},{"damage_healed":0,"gold_gain":0,"player_choice":"Copied","damage_taken":0,"max_hp_gain":0,"max_hp_loss":0,"event_name":"Duplicator","floor":19,"gold_loss":0,"cards_obtained":["Blur"]}],"is_beta":false,"boss_relics":[{"not_picked":["Calling Bell","Busted Crown"],"picked":"Cursed Key"}],"items_purged_floors":[8],"is_endless":false,"potions_floor_spawned":[1,3,10,16,18,22],"killed_by":"Book of Stabbing","ascension_level":20}