{"gold_per_floor":[117,117,91,16,16,49,67,67,94,94,94,114,145,45,45,45],"floor_reached":16,"playtime":257,"items_purged":["Defend_G","Defend_G"],"score":262,"play_id":"06953691-20e5-467c-a762-65466558445f","local_time":"20190721004644","is_ascension_mode":true,"campfire_choices":[{"data":"Prepared","floor":8,"key":"SMITH"},{"data":"Neutralize","floor":11,"key":"SMITH"},{"data":"Masterful Stab","floor":15,"key":"SMITH"}],"neow_cost":"NONE","seed_source_timestamp":8992180434600,"circlet_count":0,"master_deck":["AscendersBane","Strike_G","Strike_G","Strike_G","Defend_G+1","Defend_G","Defend_G","Survivor","Neutralize+1","Heel Hook","Flying Knee","Backstab","Prepared+1","Prepared+1","Masterful Stab+1"],"relics":["Ring of the Snake","NeowsBlessing","Letter Opener","Ancient Tea Set","War Paint"],"potions_floor_usage":[13,16],"damage_taken":[{"damage":0,"enemies":"Jaw Worm","floor":1,"turns":1},{"damage":0,"enemies":"Gremlin Nob","floor":6,"turns":1},{"damage":0,"enemies":"Cultist","floor":7,"turns":1},{"damage":0,"enemies":"Small Slimes","floor":12,"turns":2},{"damage":17,"enemies":"3 Sentries","floor":13,"turns":8},{"damage":22,"enemies":"Hexaghost","floor":16,"turns":10}],"seed_played":"6561095556749836255","potions_obtained":[{"floor":1,"key":"Block Potion"},{"floor":6,"key":"Explosive Potion"}],"is_trial":false,"path_per_floor":["M","?","$","$","?","E","M","R","T","?","R","M","E","$","R","B"],"character_chosen":"THE_SILENT","items_purchased":["Flying Knee"],"campfire_rested":0,"item_purchase_floors":[3],"current_hp_per_floor":[59,59,59,59,52,52,52,52,52,52,52,52,35,35,35,13],"gold":45,"neow_bonus":"THREE_ENEMY_KILL","is_prod":false,"is_daily":false,"chose_seed":false,"campfire_upgraded":3,"win_rate":0,"timestamp":1563637604,"path_taken":["M","?","?","$","?","E","M","R","T","?","R","?","E","$","R","BOSS"],"build_version":"2019-07-17","purchased_purges":2,"victory":false,"max_hp_per_floor":[66,66,66,66,66,66,66,66,66,66,66,66,66,66,66,66],"card_choices":[{"not_picked":["Distraction","Eviscerate"],"picked":"Heel Hook","floor":1},{"not_picked":["Outmaneuver","PiercingWail"],"picked":"Backstab","floor":6},{"not_picked":["Dash","Dagger Spray"],"picked":"Prepared","floor":7},{"not_picked":["Deflect","PiercingWail"],"picked":"Prepared","floor":12},{"not_picked":["Bouncing Flask","Infinite Blades"],"picked":"Masterful Stab","floor":13}],"player_experience":5760643,"relics_obtained":[{"floor":6,"key":"Letter Opener"},{"floor":9,"key":"Ancient Tea Set"},{"floor":13,"key":"War Paint"}],"event_choices":[{"cards_removed":["Strike_G"],"damage_healed":0,"gold_gain":0,"player_choice":"Offered Basic","damage_taken":0,"max_hp_gain":0,"max_hp_loss":0,"event_name":"Bonfire Elementals","floor":2,"gold_loss":0},{"cards_removed":["Strike_G"],"damage_healed":0,"gold_gain":0,"player_choice":"Card Removal","damage_taken":7,"max_hp_gain":0,"max_hp_loss":0,"event_name":"Golden Wing","floor":5,"gold_loss":0},{"damage_healed":0,"gold_gain":0,"player_choice":"Ignored","damage_taken":0,"max_hp_gain":0,"max_hp_loss":0,"event_name":"Liars Game","floor":10,"gold_loss":0}],"is_beta":false,"boss_relics":[],"items_purged_floors":[4,14],"is_endless":false,"potions_floor_spawned":[1,6,12],"killed_by":"Hexaghost","ascension_level":20}