{"gold_per_floor":[109,121,121,46,62,62,102,116,116,116,116],"floor_reached":11,"playtime":299,"items_purged":[],"score":146,"play_id":"bae36395-56df-464f-8242-32bdc66370e6","local_time":"20190406020047","is_ascension_mode":true,"campfire_choices":[{"data":"Cloak And Dagger","floor":6,"key":"SMITH"}],"neow_cost":"NONE","seed_source_timestamp":286665544334400,"circlet_count":0,"master_deck":["AscendersBane","Defend_G","Defend_G","Defend_G","Defend_G","Defend_G","Strike_G","Strike_G","Strike_G","Strike_G","Strike_G","Survivor","Neutralize+1","Masterful Stab","Cloak And Dagger+1","Leg Sweep","Dagger Spray","Well Laid Plans"],"relics":["Ring of the Snake","Golden Idol","Dodecahedron","Pear","Mummified Hand","Meat on the Bone"],"potions_floor_usage":[11],"damage_taken":[{"damage":6,"enemies":"Jaw Worm","floor":1,"turns":6},{"damage":0,"enemies":"Small Slimes","floor":2,"turns":4},{"damage":0,"enemies":"Cultist","floor":5,"turns":3},{"damage":29,"enemies":"3 Sentries","floor":7,"turns":15},{"damage":0,"enemies":"Exordium Thugs","floor":8,"turns":3},{"damage":61,"enemies":"Lagavulin","floor":11,"turns":9}],"seed_played":"3096774092961697323","potions_obtained":[{"floor":8,"key":"Regen Potion"}],"is_trial":false,"path_per_floor":["M","M","?","?","M","R","E","M","T","T","E"],"character_chosen":"THE_SILENT","items_purchased":[],"campfire_rested":0,"item_purchase_floors":[],"current_hp_per_floor":[53,53,53,53,53,53,34,34,34,34,0],"gold":116,"neow_bonus":"UPGRADE_CARD","is_prod":false,"is_daily":false,"chose_seed":false,"campfire_upgraded":1,"win_rate":0,"timestamp":1554483647,"path_taken":["M","M","?","?","M","R","E","?","T","?","E"],"build_version":"2019-01-23","purchased_purges":0,"victory":false,"max_hp_per_floor":[66,66,60,60,60,60,70,70,70,70,70],"card_choices":[{"not_picked":["Dagger Throw","Cloak And Dagger"],"picked":"Masterful Stab","floor":1},{"not_picked":["Caltrops","Acrobatics"],"picked":"Cloak And Dagger","floor":2},{"not_picked":["Bane","Doppelganger"],"picked":"Leg Sweep","floor":5},{"not_picked":["Deflect","Phantasmal Killer"],"picked":"Dagger Spray","floor":7},{"not_picked":["Bane","Quick Slash"],"picked":"Well Laid Plans","floor":8}],"player_experience":4709612,"relics_obtained":[{"floor":7,"key":"Pear"},{"floor":9,"key":"Mummified Hand"},{"floor":10,"key":"Meat on the Bone"}],"event_choices":[{"damage_healed":0,"gold_gain":0,"player_choice":"Lose Max HP","damage_taken":0,"relics_obtained":["Golden Idol"],"max_hp_gain":0,"max_hp_loss":6,"event_name":"Golden Idol","floor":3,"gold_loss":0},{"damage_healed":0,"gold_gain":0,"player_choice":"Paid Gold","damage_taken":0,"relics_obtained":["Dodecahedron"],"max_hp_gain":0,"max_hp_loss":0,"event_name":"WeMeetAgain","floor":4,"gold_loss":75}],"is_beta":false,"boss_relics":[],"items_purged_floors":[],"is_endless":false,"potions_floor_spawned":[8],"killed_by":"Lagavulin","ascension_level":20}