{"gold_per_floor":[20,20,36,36,56,81,99,99,125,125,140,150,183,202,202,305,355,367,367,367,123,0,0],"floor_reached":23,"playtime":1481,"items_purged":["Strike_B"],"score":271,"play_id":"5b36f6a0-e279-4057-a79f-f6cbd83cc98f","local_time":"20190719125901","is_ascension_mode":true,"campfire_choices":[{"data":"Chaos","floor":8,"key":"SMITH"},{"data":"Conserve Battery","floor":10,"key":"SMITH"},{"floor":15,"key":"REST"}],"neow_cost":"NO_GOLD","seed_source_timestamp":93385618428000,"circlet_count":0,"master_deck":["Strike_B","Strike_B","Defend_B+1","Defend_B","Defend_B","Defend_B","Zap+1","Dualcast","Rebound","Glacier","Conserve Battery+1","Chaos+1","Sweeping Beam","Machine Learning","Gash","Redo","Rip and Tear","Static Discharge","Core Surge","FTL","Fusion+1","Steam","Hologram"],"relics":["Cracked Core","Nunchaku","Blood Vial","Dream Catcher","Potion Belt","Tiny House"],"potions_floor_usage":[6,12,23],"damage_taken":[{"damage":7,"enemies":"Jaw Worm","floor":1,"turns":3},{"damage":0,"enemies":"Small Slimes","floor":3,"turns":3},{"damage":5,"enemies":"2 Louse","floor":5,"turns":3},{"damage":12,"enemies":"Gremlin Nob","floor":6,"turns":4},{"damage":1,"enemies":"Blue Slaver","floor":7,"turns":4},{"damage":0,"enemies":"Looter","floor":11,"turns":3},{"damage":6,"enemies":"Exordium Thugs","floor":12,"turns":5},{"damage":7,"enemies":"3 Sentries","floor":13,"turns":8},{"damage":12,"enemies":"Large Slime","floor":14,"turns":5},{"damage":23,"enemies":"Hexaghost","floor":16,"turns":8},{"damage":24,"enemies":"Shell Parasite","floor":18,"turns":6},{"damage":93,"enemies":"Gremlin Leader","floor":23,"turns":10}],"seed_played":"-8836947914418753062","potions_obtained":[{"floor":3,"key":"Fire Potion"},{"floor":5,"key":"SpeedPotion"},{"floor":11,"key":"Fire Potion"},{"floor":12,"key":"Block Potion"},{"floor":14,"key":"Swift Potion"},{"floor":17,"key":"Block Potion"}],"is_trial":false,"path_per_floor":["M","?","M","?","M","E","M","R","T","R","M","M","E","M","R","B",null,"M","?","?","$","?","E"],"character_chosen":"DEFECT","items_purchased":["Steam","Hologram","Regen Potion"],"campfire_rested":1,"item_purchase_floors":[21,21,21],"current_hp_per_floor":[61,61,61,54,49,37,38,38,38,38,40,36,31,21,43,22,67,45,71,56,56,56,0],"gold":0,"neow_bonus":"ONE_RARE_RELIC","is_prod":false,"is_daily":false,"chose_seed":false,"campfire_upgraded":2,"win_rate":0,"timestamp":1563555541,"path_taken":["M","?","M","?","M","E","M","R","T","R","M","M","E","?","R","BOSS","M","?","?","$","?","E"],"build_version":"2019-07-17","purchased_purges":1,"victory":false,"max_hp_per_floor":[75,75,75,75,75,75,75,75,75,75,75,75,75,75,75,75,80,80,80,85,85,85,85],"card_choices":[{"not_picked":["Coolheaded","Capacitor"],"picked":"Rebound","floor":1},{"not_picked":["Self Repair","Compile Driver"],"picked":"Glacier","floor":3},{"not_picked":["Redo","Beam Cell"],"picked":"Conserve Battery","floor":5},{"not_picked":["Beam Cell","Reprogram"],"picked":"Chaos","floor":6},{"not_picked":["Hologram","Beam Cell"],"picked":"Sweeping Beam","floor":7},{"not_picked":["Auto Shields","Leap"],"picked":"Machine Learning","floor":11},{"not_picked":["Auto Shields","Barrage"],"picked":"Gash","floor":12},{"not_picked":["Coolheaded","Heatsinks"],"picked":"Redo","floor":13},{"not_picked":["Skim","Double Energy"],"picked":"Rip and Tear","floor":14},{"not_picked":["Self Repair","BootSequence"],"picked":"Static Discharge","floor":15},{"not_picked":["Multi-Cast","Amplify"],"picked":"Core Surge","floor":16},{"not_picked":["Cold Snap","Sunder"],"picked":"FTL","floor":17},{"not_picked":["Lockon","Go for the Eyes"],"picked":"Fusion+1","floor":18}],"player_experience":265716,"relics_obtained":[{"floor":6,"key":"Blood Vial"},{"floor":9,"key":"Dream Catcher"},{"floor":13,"key":"Potion Belt"}],"event_choices":[{"damage_healed":0,"gold_gain":0,"player_choice":"Grow","damage_taken":0,"max_hp_gain":0,"max_hp_loss":0,"event_name":"Living Wall","floor":2,"gold_loss":0,"cards_upgraded":["Zap"]},{"cards_removed":["Strike_B"],"damage_healed":0,"gold_gain":0,"player_choice":"Card Removal","damage_taken":7,"max_hp_gain":0,"max_hp_loss":0,"event_name":"Golden Wing","floor":4,"gold_loss":0},{"damage_healed":26,"gold_gain":0,"player_choice":"Heal","damage_taken":0,"max_hp_gain":0,"max_hp_loss":0,"event_name":"The Library","floor":19,"gold_loss":0},{"damage_healed":0,"gold_gain":0,"player_choice":"Shed Blood","damage_taken":20,"max_hp_gain":5,"max_hp_loss":0,"event_name":"Forgotten Altar","floor":20,"gold_loss":0},{"damage_healed":0,"gold_gain":0,"player_choice":"Paid Fearfully","damage_taken":0,"max_hp_gain":0,"max_hp_loss":0,"event_name":"Masked Bandits","floor":22,"gold_loss":123}],"is_beta":false,"boss_relics":[{"not_picked":["Lizard Tail","White Beast Statue"],"picked":"Tiny House"}],"items_purged_floors":[21],"is_endless":false,"potions_floor_spawned":[3,5,11,12,14],"killed_by":"Gremlin Leader","ascension_level":7}