{"gold_per_floor":[117,129,141,216,216,216,242,261,286,313,375,404,416,428,428,499,499,509,509,509,524,542,573,573,136,213,242,242,273,290,308,308,387,387,400,400,300,319,194,223,223,240,263,291,308,325,341,374,374,374,374],"floor_reached":52,"playtime":3167,"items_purged":["Bite","Bite","Bash"],"score":2123,"play_id":"7c9821b7-76e2-43d5-9e5a-90870dd8bc45","local_time":"20190328025825","is_ascension_mode":true,"campfire_choices":[{"data":"Apotheosis","floor":6,"key":"SMITH"},{"data":"Disarm","floor":15,"key":"SMITH"},{"floor":28,"key":"REST"},{"data":"1","floor":32,"key":"LIFT"},{"data":"2","floor":49,"key":"LIFT"}],"neow_cost":"","seed_source_timestamp":1217224897231000,"circlet_count":0,"master_deck":["Apotheosis+1","Fire Breathing","Fire Breathing","Fire Breathing","Fire Breathing","Fire Breathing","Dual Wield","Defend_R","Defend_R","Defend_R","Disarm+1","Shrug It Off","Body Slam+1","Carnage","Juggernaut","Burning Pact","Fiend Fire","Dual Wield","Warcry","Battle Trance","Feed","Bite","Bite","Feel No Pain","Mayhem","Pummel+1","Burning Pact","Offering","Shockwave","Sentinel","Feel No Pain+1"],"relics":["Burning Blood","Bird Faced Urn","Bottled Lightning","Whetstone","Bronze Scales","Prayer Wheel","Ancient Tea Set","Fusion Hammer","Strawberry","Oddly Smooth Stone","Pantograph","Potion Belt","Girya","Empty Cage","Juzu Bracelet","Orichalcum","Red Skull"],"potions_floor_usage":[27,31,46,50,51,51,51],"damage_taken":[{"damage":18,"enemies":"Small Slimes","floor":1,"turns":5},{"damage":8,"enemies":"Jaw Worm","floor":2,"turns":4},{"damage":11,"enemies":"2 Louse","floor":3,"turns":5},{"damage":18,"enemies":"3 Sentries","floor":7,"turns":7},{"damage":28,"enemies":"Large Slime","floor":8,"turns":9},{"damage":20,"enemies":"Lagavulin","floor":10,"turns":8},{"damage":21,"enemies":"Gremlin Nob","floor":11,"turns":4},{"damage":28,"enemies":"Gremlin Nob","floor":12,"turns":4},{"damage":5,"enemies":"2 Fungi Beasts","floor":13,"turns":3},{"damage":12,"enemies":"Blue Slaver","floor":14,"turns":4},{"damage":15,"enemies":"The Guardian","floor":16,"turns":10},{"damage":22,"enemies":"Shell Parasite","floor":18,"turns":3},{"damage":31,"enemies":"2 Thieves","floor":21,"turns":4},{"damage":27,"enemies":"Shelled Parasite and Fungi","floor":22,"turns":3},{"damage":29,"enemies":"Slavers","floor":23,"turns":5},{"damage":17,"enemies":"Book of Stabbing","floor":27,"turns":5},{"damage":38,"enemies":"Slavers","floor":29,"turns":5},{"damage":17,"enemies":"Sentry and Sphere","floor":30,"turns":4},{"damage":25,"enemies":"3 Cultists","floor":31,"turns":4},{"damage":35,"enemies":"Collector","floor":33,"turns":10},{"damage":61,"enemies":"3 Shapes","floor":35,"turns":3},{"damage":47,"enemies":"3 Darklings","floor":38,"turns":6},{"damage":52,"enemies":"Nemesis","floor":40,"turns":9},{"damage":48,"enemies":"Sphere and 2 Shapes","floor":42,"turns":12},{"damage":44,"enemies":"Reptomancer","floor":44,"turns":5},{"damage":34,"enemies":"Spire Growth","floor":45,"turns":3},{"damage":12,"enemies":"Jaw Worm Horde","floor":46,"turns":4},{"damage":45,"enemies":"Writhing Mass","floor":47,"turns":6},{"damage":27,"enemies":"Giant Head","floor":48,"turns":6},{"damage":128,"enemies":"Time Eater","floor":50,"turns":16},{"damage":138,"enemies":"Awakened One","floor":51,"turns":36}],"seed_played":"8194766054021762053","potions_obtained":[{"floor":1,"key":"SteroidPotion"},{"floor":3,"key":"SpeedPotion"},{"floor":16,"key":"Energy Potion"},{"floor":29,"key":"SteroidPotion"},{"floor":31,"key":"Fruit Juice"},{"floor":38,"key":"Block Potion"},{"floor":40,"key":"Regen Potion"},{"floor":46,"key":"Dexterity Potion"}],"is_trial":true,"path_per_floor":["M","M","M","?","?","R","E","M","T","E","?","E","M","M","R","B",null,"M","?","?","M","M","E","?","$","T","E","R","E","M","M","R","B",null,"M","?","$","M","$","E","?","M","T","E","M","M","M","E","R","B","B",null],"character_chosen":"IRONCLAD","items_purchased":["Mayhem","Oddly Smooth Stone"],"campfire_rested":1,"item_purchase_floors":[25,25],"current_hp_per_floor":[72,75,74,63,56,56,58,50,50,56,51,47,58,66,66,75,75,67,67,67,67,65,81,56,56,56,72,91,89,90,107,107,108,108,56,56,56,55,55,67,67,107,107,87,87,111,111,110,110,47,111],"gold":374,"neow_bonus":"","is_prod":false,"is_daily":false,"chose_seed":false,"campfire_upgraded":2,"win_rate":0,"timestamp":1553709505,"path_taken":["M","M","M","?","?","R","E","M","T","E","?","E","M","M","R","BOSS","M","?","?","M","M","E","?","$","T","E","R","E","?","M","R","BOSS","M","?","$","M","$","E","?","M","T","E","M","M","M","E","R","BOSS","BOSS"],"build_version":"2019-01-23","purchased_purges":3,"victory":true,"max_hp_per_floor":[75,75,75,75,75,75,75,75,75,75,75,75,75,75,75,75,75,79,79,79,79,79,86,91,91,91,91,91,95,99,108,108,108,108,108,103,103,103,103,103,103,107,107,107,107,111,111,111,111,111,111],"card_choices":[{"not_picked":["Second Wind","Heavy Blade"],"picked":"Disarm","floor":1},{"not_picked":["Metallicize","Thunderclap"],"picked":"Shrug It Off","floor":2},{"not_picked":["Pummel","Intimidate","Havoc"],"picked":"SKIP","floor":3},{"not_picked":["True Grit","Headbutt"],"picked":"Body Slam","floor":7},{"not_picked":["Clothesline","Pommel Strike"],"picked":"Carnage","floor":8},{"not_picked":["Whirlwind","Perfected Strike"],"picked":"Juggernaut","floor":10},{"not_picked":["Shrug It Off","Reckless Charge"],"picked":"Burning Pact","floor":11},{"not_picked":["Clothesline","Rampage"],"picked":"Fiend Fire","floor":12},{"not_picked":["Twin Strike","Rage"],"picked":"Dual Wield","floor":13},{"not_picked":["Warcry","Thunderclap","Cleave"],"picked":"SKIP","floor":13},{"not_picked":["Thunderclap","Cleave"],"picked":"Warcry","floor":13},{"not_picked":["Thunderclap","Rupture"],"picked":"Battle Trance","floor":14},{"not_picked":["Warcry","Havoc","Clash"],"picked":"SKIP","floor":14},{"not_picked":["Limit Break","Juggernaut"],"picked":"Feed","floor":16},{"not_picked":["Flame Barrier","Clothesline","Clash"],"picked":"SKIP","floor":18},{"not_picked":["Spot Weakness","Iron Wave","Corruption"],"picked":"SKIP","floor":18},{"not_picked":["Rupture","Iron Wave","Ghostly Armor"],"picked":"SKIP","floor":21},{"not_picked":["Twin Strike","Sever Soul","Blood for Blood"],"picked":"SKIP","floor":21},{"not_picked":["Perfected Strike","Flex+1","Immolate"],"picked":"SKIP","floor":22},{"not_picked":["Shockwave","Warcry","Havoc"],"picked":"SKIP","floor":22},{"not_picked":["Flex","Dual Wield","Perfected Strike"],"picked":"SKIP","floor":23},{"not_picked":["Flex","Clothesline","Warcry"],"picked":"SKIP","floor":27},{"not_picked":["Iron Wave","Bludgeon"],"picked":"Pummel+1","floor":29},{"not_picked":["Feel No Pain","Wild Strike","Pommel Strike+1"],"picked":"SKIP","floor":30},{"not_picked":["Pommel Strike","Entrench","Iron Wave"],"picked":"SKIP","floor":30},{"not_picked":["Dropkick","Havoc"],"picked":"Burning Pact","floor":31},{"not_picked":["Inflame+1","Iron Wave","Pommel Strike+1"],"picked":"SKIP","floor":31},{"not_picked":["Juggernaut","Limit Break"],"picked":"Offering","floor":33},{"not_picked":["Blood for Blood","Body Slam"],"picked":"Shockwave","floor":35},{"not_picked":["Wild Strike","Clash+1","Reckless Charge"],"picked":"SKIP","floor":35},{"not_picked":["Entrench+1","Pummel","Pommel Strike"],"picked":"SKIP","floor":38},{"not_picked":["Thunderclap+1","Heavy Blade+1","Body Slam"],"picked":"SKIP","floor":38},{"not_picked":["Havoc+1","Body Slam","Perfected Strike"],"picked":"SKIP","floor":40},{"not_picked":["Searing Blow","Clash+1"],"picked":"Sentinel","floor":42},{"not_picked":["Second Wind","Body Slam","Perfected Strike"],"picked":"SKIP","floor":42},{"not_picked":["Feed","Heavy Blade","Clothesline"],"picked":"SKIP","floor":44},{"not_picked":["Armaments","Shockwave","Shrug It Off"],"picked":"SKIP","floor":45},{"not_picked":["Bloodletting","Warcry","Sever Soul"],"picked":"SKIP","floor":45},{"not_picked":["Headbutt","Armaments"],"picked":"Feel No Pain+1","floor":46},{"not_picked":["Wild Strike+1","Whirlwind","Warcry+1"],"picked":"SKIP","floor":46},{"not_picked":["Second Wind","Perfected Strike","Flex"],"picked":"SKIP","floor":47},{"not_picked":["Infernal Blade+1","Heavy Blade","Flex"],"picked":"SKIP","floor":47},{"not_picked":["Feed","Warcry","Twin Strike"],"picked":"SKIP","floor":48}],"player_experience":4646066,"relics_obtained":[{"floor":7,"key":"Whetstone"},{"floor":9,"key":"Blood Vial"},{"floor":10,"key":"Bronze Scales"},{"floor":11,"key":"Prayer Wheel"},{"floor":12,"key":"Ancient Tea Set"},{"floor":23,"key":"Strawberry"},{"floor":26,"key":"Pantograph"},{"floor":27,"key":"Potion Belt"},{"floor":29,"key":"Girya"},{"floor":40,"key":"Juzu Bracelet"},{"floor":43,"key":"Orichalcum"},{"floor":48,"key":"Red Skull"}],"event_choices":[{"damage_healed":0,"gold_gain":75,"player_choice":"Gather Gold","damage_taken":11,"max_hp_gain":0,"max_hp_loss":0,"event_name":"World of Goop","floor":4,"gold_loss":0},{"cards_removed":["Strike_R"],"damage_healed":0,"gold_gain":0,"player_choice":"Card Removal","damage_taken":7,"max_hp_gain":0,"max_hp_loss":0,"event_name":"Golden Wing","floor":5,"gold_loss":0},{"damage_healed":0,"gold_gain":30,"player_choice":"Searched \u00272\u0027 times","damage_taken":0,"max_hp_gain":0,"max_hp_loss":0,"event_name":"Dead Adventurer","floor":11,"gold_loss":0},{"damage_healed":0,"gold_gain":0,"player_choice":"Became a vampire (Vial)","damage_taken":0,"max_hp_gain":0,"max_hp_loss":0,"event_name":"Vampires","floor":19,"relics_lost":["Blood Vial"],"gold_loss":0,"cards_obtained":["Bite","Bite","Bite","Bite","Bite"]},{"damage_healed":0,"gold_gain":0,"player_choice":"Read","damage_taken":0,"max_hp_gain":0,"max_hp_loss":0,"event_name":"The Library","floor":20,"gold_loss":0,"cards_obtained":["Feel No Pain"]},{"damage_healed":0,"gold_gain":0,"player_choice":"Shed Blood","damage_taken":30,"max_hp_gain":5,"max_hp_loss":0,"event_name":"Forgotten Altar","floor":24,"gold_loss":0},{"damage_healed":0,"gold_gain":0,"player_choice":"Max HP","damage_taken":0,"max_hp_gain":0,"max_hp_loss":5,"event_name":"Winding Halls","floor":36,"gold_loss":0},{"damage_healed":0,"gold_gain":0,"player_choice":"Ignored","damage_taken":0,"max_hp_gain":0,"max_hp_loss":0,"event_name":"SecretPortal","floor":41,"gold_loss":0}],"is_beta":false,"boss_relics":[{"not_picked":["Orrery","Tiny House"],"picked":"Fusion Hammer"},{"not_picked":["Busted Crown","Black Blood"],"picked":"Empty Cage"}],"items_purged_floors":[25,37,39],"is_endless":false,"potions_floor_spawned":[1,3,8,11,13,16,23,29,31,38,40,46,47],"ascension_level":20}