{"gold_per_floor":[112,112,127,23,42,42,52,52,100,100,100,100,135,185,185,259,259,276,276,101,112,124,124,124,124,172,198,73,73,73,84,84,161,211,229,247,247,247,38,38,49,81,106,106,452,462,60,60,60,60,60,60,60,6,39,39],"floor_reached":57,"playtime":2480,"items_purged":["Strike_G","Deadly Poison","Flying Knee","Underhanded Strike","Predator+1"],"score":3263,"play_id":"6d982623-5111-43b7-a9f8-a0e56ed67ee1","local_time":"20190605230508","is_ascension_mode":true,"campfire_choices":[{"data":"Prepared","floor":6,"key":"SMITH"},{"data":"Tactician","floor":8,"key":"SMITH"},{"data":"Dagger Throw","floor":10,"key":"SMITH"},{"data":"Neutralize","floor":15,"key":"SMITH"},{"data":"Expertise","floor":23,"key":"SMITH"},{"data":"Wraith Form v2","floor":29,"key":"SMITH"},{"data":"Calculated Gamble","floor":32,"key":"SMITH"},{"data":"Acrobatics","floor":40,"key":"SMITH"},{"data":"Well Laid Plans","floor":44,"key":"SMITH"},{"floor":49,"key":"RECALL"},{"data":"Backflip","floor":53,"key":"SMITH"}],"neow_cost":"NONE","seed_source_timestamp":867280942107200,"circlet_count":0,"master_deck":["AscendersBane","Survivor+1","Neutralize+1","Grand Finale","Dagger Throw+1","Prepared+1","Tactician+1","Adrenaline","Tools of the Trade","Concentrate+1","Well Laid Plans+1","Wraith Form v2+1","Calculated Gamble+1","Expertise+1","Acrobatics+1","Backflip+1","Dark Shackles"],"relics":["Ring of the Snake","Anchor","Pandora\u0027s Box","Regal Pillow","Mercury Hourglass","Tiny House","Pantograph","Snake Skull","Old Coin","War Paint","Bird Faced Urn"],"potions_floor_usage":[13,41,41,56,56],"damage_taken":[{"damage":2,"enemies":"2 Louse","floor":1,"turns":3},{"damage":1,"enemies":"Cultist","floor":3,"turns":4},{"damage":1,"enemies":"Small Slimes","floor":5,"turns":3},{"damage":8,"enemies":"3 Louse","floor":7,"turns":3},{"damage":5,"enemies":"Lagavulin","floor":13,"turns":5},{"damage":16,"enemies":"Hexaghost","floor":16,"turns":7},{"damage":0,"enemies":"Spheric Guardian","floor":18,"turns":2},{"damage":0,"enemies":"Shell Parasite","floor":21,"turns":2},{"damage":0,"enemies":"Snake Plant","floor":22,"turns":2},{"damage":0,"enemies":"Gremlin Leader","floor":27,"turns":3},{"damage":0,"enemies":"Centurion and Healer","floor":31,"turns":1},{"damage":1,"enemies":"Champ","floor":33,"turns":4},{"damage":0,"enemies":"3 Darklings","floor":35,"turns":1},{"damage":0,"enemies":"Orb Walker","floor":36,"turns":1},{"damage":10,"enemies":"4 Shapes","floor":41,"turns":2},{"damage":0,"enemies":"Nemesis","floor":42,"turns":1},{"damage":0,"enemies":"2 Orb Walkers","floor":45,"turns":1},{"damage":0,"enemies":"Writhing Mass","floor":46,"turns":1},{"damage":0,"enemies":"Donu and Deca","floor":50,"turns":1},{"damage":0,"enemies":"Awakened One","floor":51,"turns":2},{"damage":0,"enemies":"Shield and Spear","floor":55,"turns":1},{"damage":0,"enemies":"The Heart","floor":56,"turns":6}],"seed_played":"8583166303732570939","potions_obtained":[{"floor":7,"key":"PowerPotion"},{"floor":13,"key":"Weak Potion"},{"floor":16,"key":"Explosive Potion"},{"floor":42,"key":"Energy Potion"},{"floor":45,"key":"Regen Potion"},{"floor":55,"key":"Dexterity Potion"}],"is_trial":false,"path_per_floor":["M","?","M","$","M","R","M","R","T","R","?","?","E","?","R","B",null,"M","?","$","M","M","R","$","?","T","E","$","R","?","M","R","B",null,"M","M","?","?","$","R","M","E","T","R","?","M","$","?","R","B","B",null,"R","$","E","B",null],"character_chosen":"THE_SILENT","items_purchased":["Prepared","Expertise","Acrobatics","Backflip","War Paint","Swift Potion"],"campfire_rested":0,"item_purchase_floors":[4,20,39,47,47,54],"current_hp_per_floor":[57,57,56,56,55,55,47,47,47,47,47,40,35,35,35,19,54,54,54,54,54,54,54,54,54,54,54,54,54,54,54,54,53,68,68,68,68,68,68,68,58,58,58,58,58,58,58,48,48,71,71,71,71,71,71,71],"gold":39,"neow_bonus":"ONE_RANDOM_RARE_CARD","is_prod":false,"is_daily":false,"chose_seed":false,"campfire_upgraded":10,"win_rate":0,"timestamp":1559743508,"path_taken":["M","?","M","$","?","R","M","R","T","R","?","?","E","?","R","BOSS","M","?","$","M","M","R","$","?","T","E","$","R","?","M","R","BOSS","M","M","?","?","$","R","M","E","T","R","?","M","$","?","R","BOSS","BOSS","R","$","E","BOSS"],"build_version":"2019-01-23","purchased_purges":5,"victory":true,"max_hp_per_floor":[66,66,66,66,66,66,66,66,66,66,66,66,66,66,66,66,66,66,66,66,66,66,66,66,66,66,66,66,66,66,66,66,66,71,71,71,71,71,71,71,71,71,71,71,71,71,71,71,71,71,71,71,71,71,71,71],"card_choices":[{"not_picked":["Dagger Spray","Cloak And Dagger"],"picked":"Underhanded Strike","floor":1},{"not_picked":["Infinite Blades","Noxious Fumes"],"picked":"Dagger Throw","floor":3},{"not_picked":["Bane","Catalyst"],"picked":"Tactician","floor":5},{"not_picked":["Catalyst","Poisoned Stab","Tactician"],"picked":"SKIP","floor":7},{"not_picked":["Catalyst","Dodge and Roll"],"picked":"Predator","floor":13},{"not_picked":["Bullet Time","Grand Finale"],"picked":"Adrenaline","floor":16},{"not_picked":["Accuracy","Underhanded Strike+1","Sucker Punch"],"picked":"SKIP","floor":18},{"not_picked":["Eviscerate+1","Footwork","Skewer"],"picked":"SKIP","floor":21},{"not_picked":["Outmaneuver","Prepared","PiercingWail"],"picked":"SKIP","floor":22},{"not_picked":["Doppelganger","Envenom","Slice"],"picked":"SKIP","floor":27},{"not_picked":["PiercingWail+1","Expertise","Calculated Gamble"],"picked":"SKIP","floor":31},{"not_picked":["Blade Dance+1","Slice","Tactician+1"],"picked":"SKIP","floor":35},{"not_picked":["Flying Knee+1","Quick Slash","Slice"],"picked":"SKIP","floor":36},{"not_picked":["Quick Slash+1","Slice","Infinite Blades+1"],"picked":"SKIP","floor":41},{"not_picked":["Riddle With Holes","Deflect","Calculated Gamble+1"],"picked":"SKIP","floor":42},{"not_picked":["Quick Slash+1","Blur","Dagger Throw"],"picked":"SKIP","floor":46},{"not_picked":["Quick Slash+1","Blur","Dagger Throw"],"picked":"SKIP","floor":46},{"not_picked":["Swift Strike","Mind Blast"],"picked":"Dark Shackles","floor":48},{"not_picked":["Sucker Punch","Outmaneuver","Backflip"],"picked":"SKIP","floor":55}],"player_experience":5275282,"relics_obtained":[{"floor":13,"key":"Anchor"},{"floor":26,"key":"Regal Pillow"},{"floor":27,"key":"Mercury Hourglass"},{"floor":42,"key":"Pantograph"},{"floor":43,"key":"Snake Skull"},{"floor":45,"key":"Old Coin"},{"floor":55,"key":"Bird Faced Urn"}],"event_choices":[{"damage_healed":0,"gold_gain":0,"player_choice":"1 cards matched","damage_taken":0,"max_hp_gain":0,"max_hp_loss":0,"event_name":"Match and Keep!","floor":2,"gold_loss":0,"cards_obtained":["Dagger Throw"]},{"damage_healed":0,"gold_gain":0,"player_choice":"Ignored","damage_taken":0,"max_hp_gain":0,"max_hp_loss":0,"event_name":"Shining Light","floor":11,"gold_loss":0},{"cards_removed":["Strike_G"],"damage_healed":0,"gold_gain":0,"player_choice":"Card Removal","damage_taken":7,"max_hp_gain":0,"max_hp_loss":0,"event_name":"Golden Wing","floor":12,"gold_loss":0},{"damage_healed":0,"gold_gain":50,"player_choice":"Pray","damage_taken":0,"max_hp_gain":0,"max_hp_loss":0,"event_name":"Golden Shrine","floor":14,"gold_loss":0},{"cards_removed":["Predator"],"damage_healed":0,"gold_gain":0,"player_choice":"Elegance","damage_taken":0,"max_hp_gain":0,"max_hp_loss":0,"event_name":"Back to Basics","floor":19,"gold_loss":0},{"damage_healed":0,"gold_gain":0,"player_choice":"Ignored","damage_taken":0,"max_hp_gain":0,"max_hp_loss":0,"event_name":"Ghosts","floor":25,"gold_loss":0},{"damage_healed":0,"gold_gain":0,"player_choice":"Ignored","damage_taken":0,"max_hp_gain":0,"max_hp_loss":0,"event_name":"Beggar","floor":30,"gold_loss":0},{"cards_removed":["Dagger Throw"],"damage_healed":0,"gold_gain":0,"player_choice":"Removed Attack","damage_taken":0,"max_hp_gain":0,"max_hp_loss":0,"event_name":"Falling","floor":37,"gold_loss":0},{"damage_healed":0,"gold_gain":0,"player_choice":"Ignored","damage_taken":0,"max_hp_gain":0,"max_hp_loss":0,"event_name":"Tomb of Lord Red Mask","floor":38,"gold_loss":0},{"damage_healed":0,"gold_gain":0,"player_choice":"Fight","damage_taken":0,"max_hp_gain":0,"max_hp_loss":0,"event_name":"Mysterious Sphere","floor":45,"gold_loss":0},{"damage_healed":0,"gold_gain":0,"player_choice":"Memory 3","damage_taken":10,"max_hp_gain":0,"max_hp_loss":0,"event_name":"SensoryStone","floor":48,"gold_loss":0}],"is_beta":false,"boss_relics":[{"not_picked":["White Beast Statue","Velvet Choker"],"picked":"Pandora\u0027s Box"},{"not_picked":["Busted Crown","HoveringKite"],"picked":"Tiny House"}],"items_purged_floors":[4,20,28,39,47],"is_endless":false,"potions_floor_spawned":[7,13,16,18,22,33,35,36,42,45,55],"ascension_level":20}