{"gold_per_floor":[112,112,31,50,50,50,70,123,123,46,46],"floor_reached":11,"playtime":293,"items_purged":["Strike_R"],"score":119,"play_id":"d4018168-6848-498a-8fce-de2095527feb","local_time":"20190716230441","is_ascension_mode":true,"campfire_choices":[{"floor":6,"key":"REST"}],"neow_cost":"","seed_source_timestamp":2193179339054765,"circlet_count":0,"master_deck":["AscendersBane","Strike_R","Strike_R","Strike_R","Strike_R","Defend_R","Defend_R","Defend_R","Defend_R","Bash","Shrug It Off","Sever Soul","Pummel","Burning Pact","Corruption"],"relics":["Burning Blood","Dead Branch","MutagenicStrength","Self Forming Clay","Golden Idol","Champion Belt"],"potions_floor_usage":[4,11],"damage_taken":[{"damage":3,"enemies":"2 Louse","floor":1,"turns":5},{"damage":19,"enemies":"Jaw Worm","floor":4,"turns":6},{"damage":7,"enemies":"Small Slimes","floor":7,"turns":3},{"damage":67,"enemies":"Lagavulin","floor":11,"turns":8}],"seed_played":"-6790812454675535711","potions_obtained":[{"floor":7,"key":"Fire Potion"}],"is_trial":false,"path_per_floor":["M","?","$","M","?","R","M","?","T","$","E"],"character_chosen":"IRONCLAD","items_purchased":["Dead Branch","Shrug It Off","Regen Potion","Corruption"],"campfire_rested":1,"item_purchase_floors":[0,0,3,10],"current_hp_per_floor":[51,33,33,35,35,55,54,54,54,54,0],"gold":46,"neow_bonus":"","is_prod":false,"is_daily":false,"chose_seed":false,"campfire_upgraded":0,"win_rate":0,"timestamp":1563311081,"path_taken":["M","?","?","M","?","R","M","?","T","$","E"],"build_version":"2019-07-05","purchased_purges":1,"victory":false,"max_hp_per_floor":[75,75,75,75,68,68,68,68,68,68,68],"card_choices":[{"not_picked":["Evolve","Headbutt"],"picked":"Sever Soul","floor":1},{"not_picked":["Perfected Strike","Armaments"],"picked":"Pummel","floor":4},{"not_picked":["Sword Boomerang","Shrug It Off"],"picked":"Burning Pact","floor":7}],"player_experience":452297,"relics_obtained":[{"floor":9,"key":"Champion Belt"}],"event_choices":[{"damage_healed":0,"gold_gain":0,"player_choice":"Success","damage_taken":18,"relics_obtained":["Self Forming Clay"],"max_hp_gain":0,"max_hp_loss":0,"event_name":"Scrap Ooze","floor":2,"gold_loss":0},{"damage_healed":0,"gold_gain":0,"player_choice":"Lose Max HP","damage_taken":0,"relics_obtained":["Golden Idol"],"max_hp_gain":0,"max_hp_loss":7,"event_name":"Golden Idol","floor":5,"gold_loss":0},{"damage_healed":0,"gold_gain":53,"player_choice":"Gained Gold","damage_taken":0,"max_hp_gain":0,"max_hp_loss":0,"event_name":"Golden Wing","floor":8,"gold_loss":0}],"is_beta":false,"boss_relics":[],"items_purged_floors":[0],"is_endless":false,"potions_floor_spawned":[7],"killed_by":"Lagavulin","ascension_level":19}