{"gold_per_floor":[114,39,62,62,162,195,195,231,257,278,278,302,327,343,343,343],"floor_reached":16,"playtime":339,"items_purged":["Strike_R"],"score":160,"play_id":"a4487d1c-88f0-4dd0-bc7c-fbe9fa15dd5f","local_time":"20190703211531","is_ascension_mode":false,"campfire_choices":[{"data":"Bash","floor":7,"key":"SMITH"},{"data":"Defend_R","floor":11,"key":"SMITH"},{"data":"Limit Break","floor":15,"key":"SMITH"}],"neow_cost":"NONE","seed_source_timestamp":1066968939712408,"circlet_count":0,"master_deck":["Strike_R","Strike_R","Strike_R","Strike_R","Defend_R+1","Defend_R","Defend_R","Defend_R","Bash+1","Limit Break+1","Headbutt"],"relics":["Burning Blood","NeowsBlessing","Blood Vial","Golden Idol","Strawberry","Vajra","Bronze Scales"],"potions_floor_usage":[14,16],"damage_taken":[{"damage":0,"enemies":"Cultist","floor":1,"turns":1},{"damage":0,"enemies":"3 Sentries","floor":6,"turns":2},{"damage":0,"enemies":"Gremlin Nob","floor":8,"turns":1},{"damage":0,"enemies":"Small Slimes","floor":10,"turns":3},{"damage":11,"enemies":"Jaw Worm","floor":12,"turns":3},{"damage":2,"enemies":"2 Fungi Beasts","floor":13,"turns":4},{"damage":24,"enemies":"Exordium Thugs","floor":14,"turns":4},{"damage":65,"enemies":"Hexaghost","floor":16,"turns":9}],"seed_played":"-793701895435627679","potions_obtained":[{"floor":6,"key":"Poison Potion"},{"floor":8,"key":"EssenceOfSteel"}],"is_trial":false,"path_per_floor":["M","$","T","?","?","E","R","E","T","M","R","M","M","M","R","B"],"character_chosen":"IRONCLAD","items_purchased":[],"campfire_rested":0,"item_purchase_floors":[],"current_hp_per_floor":[80,80,80,74,74,81,81,81,81,81,81,76,81,63,63,0],"gold":343,"neow_bonus":"THREE_ENEMY_KILL","is_prod":false,"is_daily":false,"chose_seed":false,"campfire_upgraded":3,"win_rate":0,"timestamp":1562184931,"path_taken":["M","$","?","?","?","E","R","E","T","M","R","?","M","M","R","BOSS"],"build_version":"2019-07-01","purchased_purges":1,"victory":false,"max_hp_per_floor":[80,80,80,74,74,81,81,81,81,81,81,81,81,81,81,81],"card_choices":[{"not_picked":["Armaments","Feel No Pain","Flex"],"picked":"SKIP","floor":1},{"not_picked":["Flex","Sword Boomerang","Armaments"],"picked":"SKIP","floor":6},{"not_picked":["Brutality","Pommel Strike","Flex"],"picked":"SKIP","floor":8},{"not_picked":["Havoc","Sword Boomerang","Heavy Blade"],"picked":"SKIP","floor":10},{"not_picked":["Clash","Armaments"],"picked":"Limit Break","floor":12},{"not_picked":["Infernal Blade","Pommel Strike","Uppercut"],"picked":"SKIP","floor":13},{"not_picked":["Perfected Strike","Havoc"],"picked":"Headbutt","floor":14}],"player_experience":106323,"relics_obtained":[{"floor":3,"key":"Blood Vial"},{"floor":6,"key":"Strawberry"},{"floor":8,"key":"Vajra"},{"floor":9,"key":"Bronze Scales"}],"event_choices":[{"damage_healed":0,"gold_gain":0,"player_choice":"Lose Max HP","damage_taken":0,"relics_obtained":["Golden Idol"],"max_hp_gain":0,"max_hp_loss":6,"event_name":"Golden Idol","floor":4,"gold_loss":0},{"damage_healed":0,"gold_gain":100,"player_choice":"Gold","damage_taken":0,"max_hp_gain":0,"max_hp_loss":0,"event_name":"Wheel of Change","floor":5,"gold_loss":0}],"is_beta":false,"boss_relics":[],"items_purged_floors":[2],"is_endless":false,"potions_floor_spawned":[6,8],"killed_by":"Hexaghost","ascension_level":0}