{"gold_per_floor":[112,37,37,37,55,83,83,110,140,140,151,151,181,76,76,172,172,182,182,83,98,112,112,137,137,218,252,252,280,295,313,313,313],"floor_reached":33,"playtime":1954,"items_purged":["Parasite"],"score":445,"play_id":"30005f43-d06f-4f9d-bfd3-fc6436598c4e","local_time":"20190718121636","is_ascension_mode":true,"campfire_choices":[{"floor":7,"key":"REST"},{"floor":10,"key":"REST"},{"data":"Clothesline","floor":12,"key":"SMITH"},{"data":"Flame Barrier","floor":15,"key":"SMITH"},{"floor":23,"key":"REST"},{"data":"Pommel Strike","floor":25,"key":"SMITH"},{"data":"Rage","floor":32,"key":"SMITH"}],"neow_cost":"CURSE","seed_source_timestamp":3961222418500,"circlet_count":0,"master_deck":["Bash+1","Clothesline+1","Pommel Strike+1","Flame Barrier+1","Ghostly Armor","Limit Break","Rage+1","Body Slam","Brutality","Rage","Power Through","Infernal Blade","True Grit+1","Fiend Fire","Iron Wave+1","Disarm+1","Iron Wave+1","True Grit+1"],"relics":["Burning Blood","WingedGreaves","Singing Bowl","Gremlin Horn","Art of War","Tiny Chest","Vajra","Pandora\u0027s Box","Bottled Tornado","Mercury Hourglass","Dodecahedron","Shovel"],"potions_floor_usage":[6,8,11,24,27],"damage_taken":[{"damage":3,"enemies":"Jaw Worm","floor":1,"turns":5},{"damage":0,"enemies":"Small Slimes","floor":5,"turns":3},{"damage":62,"enemies":"Lagavulin","floor":6,"turns":8},{"damage":30,"enemies":"Gremlin Nob","floor":8,"turns":4},{"damage":3,"enemies":"2 Louse","floor":11,"turns":3},{"damage":27,"enemies":"The Guardian","floor":16,"turns":14},{"damage":23,"enemies":"3 Byrds","floor":18,"turns":7},{"damage":0,"enemies":"Chosen","floor":21,"turns":3},{"damage":30,"enemies":"Sentry and Sphere","floor":22,"turns":8},{"damage":9,"enemies":"Gremlin Leader","floor":24,"turns":6},{"damage":17,"enemies":"Slavers","floor":27,"turns":5},{"damage":13,"enemies":"Gremlin Leader","floor":29,"turns":5},{"damage":12,"enemies":"Snake Plant","floor":30,"turns":4},{"damage":4,"enemies":"Cultist and Chosen","floor":31,"turns":5},{"damage":60,"enemies":"Automaton","floor":33,"turns":10}],"seed_played":"-5473252405546895473","potions_obtained":[{"floor":1,"key":"BloodPotion"},{"floor":5,"key":"Regen Potion"},{"floor":8,"key":"Fruit Juice"},{"floor":21,"key":"Energy Potion"},{"floor":31,"key":"Ancient Potion"}],"is_trial":false,"path_per_floor":["M","$","?","?","M","E","R","E","T","R","M","R","?","$","R","B",null,"M","?","$","M","M","R","E","R","T","E","?","E","M","M","R","B"],"character_chosen":"IRONCLAD","items_purchased":["Flame Barrier","Ghostly Armor","Strength Potion","Block Potion"],"campfire_rested":3,"item_purchase_floors":[14,14,20,20],"current_hp_per_floor":[75,75,42,42,50,15,39,27,27,51,61,61,61,61,61,40,76,59,59,59,65,43,70,67,67,67,58,58,53,49,51,51,0],"gold":313,"neow_bonus":"ONE_RARE_RELIC","is_prod":false,"is_daily":false,"chose_seed":false,"campfire_upgraded":4,"win_rate":0,"timestamp":1563466596,"path_taken":["M","$","?","?","M","E","R","E","T","R","M","R","?","?","R","BOSS","M","?","$","M","?","R","E","R","T","E","?","E","?","M","R","BOSS"],"build_version":"2019-07-17","purchased_purges":1,"victory":false,"max_hp_per_floor":[80,77,77,77,79,81,81,81,81,81,88,88,88,88,88,88,88,88,88,88,88,90,90,90,90,90,92,92,94,96,96,96,96],"card_choices":[{"not_picked":["Perfected Strike","Bloodletting"],"picked":"Clothesline","floor":1},{"not_picked":["Clothesline","Anger","Iron Wave"],"picked":"Singing Bowl","floor":5},{"not_picked":["Warcry","Armaments","Clothesline"],"picked":"Singing Bowl","floor":6},{"not_picked":["Dropkick","Shrug It Off"],"picked":"Pommel Strike","floor":8},{"not_picked":["Bloodletting","Armaments","Warcry"],"picked":"Singing Bowl","floor":11},{"not_picked":["Berserk","Exhume"],"picked":"Limit Break","floor":16},{"not_picked":["Rampage","Warcry"],"picked":"Iron Wave+1","floor":18},{"not_picked":["Searing Blow+1","Sword Boomerang"],"picked":"Disarm+1","floor":21},{"not_picked":["Sword Boomerang","Seeing Red","Clash"],"picked":"Singing Bowl","floor":22},{"not_picked":["Shrug It Off","Entrench"],"picked":"Iron Wave+1","floor":24},{"not_picked":["Perfected Strike","Clash","Sword Boomerang+1"],"picked":"Singing Bowl","floor":27},{"not_picked":["Anger","Bloodletting","Body Slam"],"picked":"Singing Bowl","floor":29},{"not_picked":["Heavy Blade","Body Slam","Sentinel"],"picked":"Singing Bowl","floor":30},{"not_picked":["Metallicize","Body Slam"],"picked":"True Grit+1","floor":31}],"player_experience":240328,"relics_obtained":[{"floor":6,"key":"Gremlin Horn"},{"floor":8,"key":"Art of War"},{"floor":9,"key":"Tiny Chest"},{"floor":24,"key":"Bottled Tornado"},{"floor":26,"key":"Mercury Hourglass"},{"floor":27,"key":"Dodecahedron"},{"floor":29,"key":"Shovel"}],"event_choices":[{"damage_healed":0,"gold_gain":0,"player_choice":"Success","damage_taken":33,"relics_obtained":["Singing Bowl"],"max_hp_gain":0,"max_hp_loss":0,"event_name":"Scrap Ooze","floor":3,"gold_loss":0},{"damage_healed":0,"gold_gain":0,"player_choice":"Grow","damage_taken":0,"max_hp_gain":0,"max_hp_loss":0,"event_name":"Living Wall","floor":4,"gold_loss":0,"cards_upgraded":["Bash"]},{"damage_healed":0,"gold_gain":30,"player_choice":"Searched \u00273\u0027 times","damage_taken":0,"relics_obtained":["Vajra"],"max_hp_gain":0,"max_hp_loss":0,"event_name":"Dead Adventurer","floor":13,"gold_loss":0},{"cards_removed":["Brutality"],"damage_healed":0,"gold_gain":0,"player_choice":"Purged","damage_taken":0,"max_hp_gain":0,"max_hp_loss":0,"event_name":"Purifier","floor":19,"gold_loss":0},{"damage_healed":0,"gold_gain":0,"player_choice":"Upgraded","damage_taken":0,"max_hp_gain":0,"max_hp_loss":0,"event_name":"Upgrade Shrine","floor":28,"gold_loss":0,"cards_upgraded":["True Grit"]}],"is_beta":false,"boss_relics":[{"not_picked":["Lizard Tail","Empty Cage"],"picked":"Pandora\u0027s Box"}],"items_purged_floors":[2],"is_endless":false,"potions_floor_spawned":[1,5,8,21,22,31],"killed_by":"Automaton","ascension_level":7}