{"gold_per_floor":[115,115,115,125,49,49,49,49,72,82,96,96,45,70,70,175,175,185,185,18,32,45,45,45,45,45,45,56,66,89,89,89,188,188,202,202],"floor_reached":36,"playtime":1404,"items_purged":[],"score":675,"play_id":"f3f64813-1081-4d8a-8e38-a3caf06e3b6d","local_time":"20190706235712","is_ascension_mode":true,"campfire_choices":[{"floor":6.0,"key":"REST"},{"data":"Midas Touch","floor":8.0,"key":"SMITH"},{"floor":15.0,"key":"REST"},{"floor":23.0,"key":"REST"},{"floor":32.0,"key":"REST"}],"neow_cost":"","seed_source_timestamp":1334792025755661,"circlet_count":0,"master_deck":["Strike_R","Strike_R","Strike_R","Strike_R","Defend_R","Defend_R","Defend_R","Bash","ReplayTheSpireMod:Strike From Hell","Midas Touch+1","vexMod:Deathsprout","Midas Touch+1","StuffTheSpire:Slingshot","TheCursedMod:RavingStaff","StuffTheSpire:Resist","Whirlwind","strawberrySpire:Endurance+1","vexMod:StarBlast","strawberrySpire:Taunt","strawberrySpire:FireDrill","vexMod:Elimination","Enlightenment","ReplayTheSpireMod:Stacked","Burning Pact","ReplayTheSpireMod:Strike From Hell","strawberrySpire:DraftPunk","strawberrySpire:Endurance+1","StuffTheSpire:RockThrow","ReplayTheSpireMod:Echoes of Time","Eclipse"],"special_seed":0,"relics":["Burning Blood","ClockworkSouvenir","vexMod:RedPlottingStone","ReplayTheSpireMod:ShopPack","aspiration:TomeofQuesting","hubris:Towel","hubris:ChampionShield","hubris:RunicObelisk","vexMod:ChargeUpper","War Paint","Sozu","strawberrySpire:Dictionifier"],"potions_floor_usage":[],"damage_taken":[{"damage":0.0,"enemies":"Cultist","floor":1.0,"turns":3.0},{"damage":0.0,"enemies":"2 Louse","floor":4.0,"turns":2.0},{"damage":7.0,"enemies":"Small Slimes","floor":10.0,"turns":3.0},{"damage":14.0,"enemies":"Exordium Wildlife","floor":11.0,"turns":6.0},{"damage":45.0,"enemies":"Fading Forest","floor":16.0,"turns":11.0},{"damage":28.0,"enemies":"2 Thieves","floor":18.0,"turns":2.0},{"damage":33.0,"enemies":"Shell Parasite","floor":21.0,"turns":7.0},{"damage":12.0,"enemies":"Shelled Parasite and Fungi","floor":22.0,"turns":4.0},{"damage":2.0,"enemies":"Snecko","floor":28.0,"turns":3.0},{"damage":31.0,"enemies":"Cultist and Chosen","floor":29.0,"turns":5.0},{"damage":55.0,"enemies":"vexMod:LichLord","floor":33.0,"turns":9.0},{"damage":10,"enemies":"Orb Walker","floor":35,"turns":4},{"damage":65,"enemies":"2 Orb Walkers","floor":36,"turns":3}],"seed_played":"-3069295871276802348","potions_obtained":[{"floor":10.0,"key":"SteroidPotion"},{"floor":21.0,"key":"Energy Potion"},{"floor":22.0,"key":"Poison Potion"},{"floor":28.0,"key":"SkillPotion"}],"is_trial":false,"path_per_floor":["M","?","?","M","$","R","?","R","T","M","M","?","$","T","R","B",null,"M","?","$","M","M","R","?","$","T","?","M","M","T","AVR","R","B",null,"M","?"],"character_chosen":"IRONCLAD","items_purchased":["ClockworkSouvenir","ReplayTheSpireMod:ShopPack","Whirlwind","strawberrySpire:FireDrill","Enlightenment","ReplayTheSpireMod:Stacked"],"campfire_rested":4,"item_purchase_floors":[0,0,5,13,20,20],"current_hp_per_floor":[38,38,38,44,44,68,68,68,68,67,59,59,59,59,80,41,70,49,75,75,49,44,68,60,60,60,60,65,41,41,41,65,17,64,60,0],"gold":202,"neow_bonus":"","is_prod":false,"is_daily":false,"chose_seed":false,"campfire_upgraded":1,"win_rate":0,"timestamp":1562453832,"path_taken":["M","?","?","M","$","R","?","R","T","M","?","?","$","?","R","BOSS","M","?","$","M","M","R","?","$","T","?","M","?","?","AVR","R","BOSS","M","?"],"build_version":"2019-07-05","purchased_purges":0,"victory":false,"max_hp_per_floor":[80,80,80,80,80,80,80,80,80,80,80,80,80,80,80,80,80,80,80,80,80,80,80,80,80,80,80,80,80,80,80,80,80,80,80,80],"card_choices":[{"not_picked":["Transmutation","strawberrySpire:Flashback"],"picked":"Midas Touch","floor":0.0},{"not_picked":["Good Instincts","Trip"],"picked":"vexMod:Deathsprout","floor":0.0},{"not_picked":["strawberrySpire:Flashback","ReplayTheSpireMod:Trickstab"],"picked":"Midas Touch","floor":0.0},{"not_picked":["StuffTheSpire:Flurry","Clothesline"],"picked":"StuffTheSpire:Slingshot","floor":1.0},{"not_picked":["vexMod:BloodToGold","Replay:Undeath\u0027s Touch"],"picked":"StuffTheSpire:Resist","floor":4.0},{"not_picked":["strawberrySpire:ZonePlayer","strawberrySpire:Endurance","strawberrySpire:PowerStomp"],"picked":"SKIP","floor":10.0},{"not_picked":["strawberrySpire:ZonePlayer","strawberrySpire:PowerStomp"],"picked":"strawberrySpire:Endurance","floor":10.0},{"not_picked":["Rampage","strawberrySpire:Spite"],"picked":"strawberrySpire:Taunt","floor":11.0},{"not_picked":["strawberrySpire:FortFortyFour","Impervious"],"picked":"vexMod:Elimination","floor":16.0},{"not_picked":["Twin Strike","Metallicize","Whirlwind"],"picked":"SKIP","floor":18.0},{"not_picked":["StuffTheSpire:ChainStrike","Perfected Strike"],"picked":"Burning Pact","floor":21.0},{"not_picked":["StuffTheSpire:ChainStrike+1","StuffTheSpire:Unleash"],"picked":"ReplayTheSpireMod:Strike From Hell","floor":22.0},{"not_picked":["Flex+1","Thunderclap"],"picked":"strawberrySpire:DraftPunk","floor":24.0},{"not_picked":["Abandon","Battle Trance"],"picked":"strawberrySpire:Endurance+1","floor":28.0},{"not_picked":["strawberrySpire:DebrisPile","StuffTheSpire:ChainStrike"],"picked":"StuffTheSpire:RockThrow","floor":29.0},{"not_picked":["Double Tap","Juggernaut"],"picked":"Eclipse","floor":33.0},{"not_picked":["ReplayTheSpireMod:Limb From Limb","Wild Strike+1","Clash+1"],"picked":"SKIP","floor":35}],"player_experience":213077,"relics_obtained":[{"floor":9.0,"key":"aspiration:TomeofQuesting"},{"floor":14.0,"key":"hubris:ChampionShield"},{"floor":26.0,"key":"vexMod:ChargeUpper"},{"floor":30.0,"key":"War Paint"}],"event_choices":[{"damage_healed":0.0,"max_hp_gain":0.0,"max_hp_loss":0.0,"gold_gain":0.0,"event_name":"conspire:LoneGhost","player_choice":"Disagree","floor":3.0,"gold_loss":0.0,"damage_taken":0.0},{"damage_healed":26.0,"max_hp_gain":0.0,"max_hp_loss":0.0,"gold_gain":0.0,"event_name":"The Library","player_choice":"Heal","floor":19.0,"gold_loss":0.0,"damage_taken":0.0},{"damage_healed":0,"gold_gain":0,"player_choice":"Fight","damage_taken":0,"max_hp_gain":0,"max_hp_loss":0,"event_name":"Mysterious Sphere","floor":36,"gold_loss":0}],"is_beta":false,"boss_relics":[{"not_picked":["vexMod:DeviousBotling","Honey Jar"],"picked":"hubris:RunicObelisk"},{"not_picked":["Runic Cube","aspiration:SecretTechniqueScroll"],"picked":"strawberrySpire:Dictionifier"}],"items_purged_floors":[],"is_endless":false,"potions_floor_spawned":[10,21,22,28],"killed_by":"2 Orb Walkers","ascension_level":7}