{"gold_per_floor":[115,132,150,150,162,194,204,223,246,246,265,294,313,329,329,400,400,419,80,80,80,92,120,136,182,207,207,219,231,231,15,15,89,89,109,122,177,70,70,99,117,149,149,149,180,180,76,92,92,92,92],"floor_reached":51,"playtime":1877,"items_purged":["Writhe"],"score":1717,"play_id":"660df9b5-30e1-4328-b1a5-d55ff19e3952","local_time":"20190725022332","is_ascension_mode":true,"campfire_choices":[{"data":"Armaments","floor":10,"key":"SMITH"},{"data":"Battle Trance","floor":15,"key":"SMITH"},{"floor":27,"key":"REST"},{"floor":30,"key":"RECALL"},{"data":"Disarm","floor":32,"key":"SMITH"},{"floor":44,"key":"REST"},{"data":"Offering","floor":49,"key":"SMITH"}],"neow_cost":"","seed_source_timestamp":56511936082400,"circlet_count":0,"master_deck":["Perfected Strike","Perfected Strike","Perfected Strike","Perfected Strike","Perfected Strike","Defend_R","Defend_R","Defend_R","Defend_R","Bash","Armaments+1","Battle Trance+1","Perfected Strike","Pommel Strike","Wild Strike","Perfected Strike+1","Corruption+1","Corruption+1","Berserk+1","Sentinel","Wild Strike+1","Seeing Red+1","Berserk+1","Shockwave","Perfected Strike+1","Disarm+1","Offering+1","Wild Strike+1","Dark Shackles","Feel No Pain+1","Havoc","Berserk+1","Pommel Strike+1","Shrug It Off","Shrug It Off"],"relics":["Burning Blood","Bottled Lightning","Frozen Egg 2","Mark of Pain","Molten Egg 2","Lantern","FaceOfCleric","Whetstone","Blood Vial","Boot","Bag of Marbles","Runic Cube","Gambling Chip","Strawberry","Dodecahedron","Shuriken","Sundial"],"potions_floor_usage":[6,16,42,42],"damage_taken":[{"damage":7,"enemies":"Jaw Worm","floor":1,"turns":3},{"damage":0,"enemies":"2 Louse","floor":2,"turns":2},{"damage":1,"enemies":"Cultist","floor":3,"turns":3},{"damage":12,"enemies":"Exordium Thugs","floor":5,"turns":3},{"damage":15,"enemies":"3 Sentries","floor":6,"turns":7},{"damage":6,"enemies":"Looter","floor":7,"turns":2},{"damage":16,"enemies":"Large Slime","floor":8,"turns":4},{"damage":15,"enemies":"Gremlin Gang","floor":11,"turns":4},{"damage":8,"enemies":"Gremlin Nob","floor":12,"turns":3},{"damage":0,"enemies":"Exordium Wildlife","floor":13,"turns":2},{"damage":4,"enemies":"Red Slaver","floor":14,"turns":4},{"damage":0,"enemies":"Slime Boss","floor":16,"turns":5},{"damage":11,"enemies":"2 Thieves","floor":18,"turns":2},{"damage":8,"enemies":"Shell Parasite","floor":22,"turns":2},{"damage":19,"enemies":"Book of Stabbing","floor":23,"turns":3},{"damage":33,"enemies":"Shelled Parasite and Fungi","floor":24,"turns":4},{"damage":0,"enemies":"Cultist and Chosen","floor":28,"turns":3},{"damage":11,"enemies":"Snake Plant","floor":29,"turns":2},{"damage":33,"enemies":"Collector","floor":33,"turns":5},{"damage":18,"enemies":"3 Shapes","floor":35,"turns":4},{"damage":0,"enemies":"Orb Walker","floor":36,"turns":1},{"damage":27,"enemies":"2 Orb Walkers","floor":37,"turns":3},{"damage":0,"enemies":"Reptomancer","floor":40,"turns":2},{"damage":21,"enemies":"Writhing Mass","floor":41,"turns":5},{"damage":23,"enemies":"Giant Head","floor":42,"turns":5},{"damage":6,"enemies":"Nemesis","floor":45,"turns":1},{"damage":6,"enemies":"Maw","floor":48,"turns":3},{"damage":75,"enemies":"Donu and Deca","floor":50,"turns":8},{"damage":63,"enemies":"Awakened One","floor":51,"turns":5}],"seed_played":"-1998079663397714947","potions_obtained":[{"floor":1,"key":"Regen Potion"},{"floor":2,"key":"PowerPotion"},{"floor":7,"key":"GamblersBrew"},{"floor":18,"key":"EntropicBrew"},{"floor":42,"key":"SpeedPotion"}],"is_trial":true,"path_per_floor":["M","M","M","?","M","E","M","M","T","R","M","E","M","M","R","B",null,"M","$","?","?","M","E","M","T","T","R","M","M","R","$","R","B",null,"M","M","?","$","?","E","M","E","T","R","E","?","$","M","R","B","B"],"character_chosen":"IRONCLAD","items_purchased":["Molten Egg 2","Wild Strike+1","Bag of Marbles","Disarm","Dark Shackles","Shrug It Off"],"campfire_rested":2,"item_purchase_floors":[19,19,31,31,38,47],"current_hp_per_floor":[67,73,75,75,69,74,74,64,64,64,55,53,59,61,61,67,73,68,68,68,68,67,55,29,29,29,52,61,59,59,59,59,35,70,61,70,52,52,94,102,88,74,74,104,105,105,105,106,106,38,0],"gold":92,"neow_bonus":"","is_prod":false,"is_daily":false,"chose_seed":false,"campfire_upgraded":4,"win_rate":0,"timestamp":1563989012,"path_taken":["M","M","M","?","M","E","M","M","T","R","M","E","M","M","R","BOSS","M","$","?","?","M","E","?","?","T","R","M","M","R","$","R","BOSS","M","M","?","$","?","E","?","E","T","R","E","?","$","M","R","BOSS","BOSS"],"build_version":"2019-07-17","purchased_purges":1,"victory":false,"max_hp_per_floor":[75,75,75,75,75,75,75,75,75,75,75,75,75,75,75,75,75,75,75,75,75,76,77,78,78,78,78,79,80,80,80,80,81,81,82,83,84,84,94,102,103,104,104,104,105,105,105,106,106,107,107],"card_choices":[{"not_picked":["Hemokinesis","Havoc"],"picked":"Armaments","floor":1},{"not_picked":["Anger","Havoc"],"picked":"Battle Trance","floor":2},{"not_picked":["Sword Boomerang","Cleave","Sentinel"],"picked":"SKIP","floor":3},{"not_picked":["Shrug It Off","Burning Pact"],"picked":"Perfected Strike","floor":5},{"not_picked":["Combust","Rage","Rupture"],"picked":"SKIP","floor":6},{"not_picked":["Clash","Spot Weakness","Warcry"],"picked":"SKIP","floor":7},{"not_picked":["Sever Soul","Warcry"],"picked":"Pommel Strike","floor":8},{"not_picked":["Feel No Pain","Carnage"],"picked":"Wild Strike","floor":11},{"not_picked":["Dual Wield","Sword Boomerang"],"picked":"Perfected Strike","floor":12},{"not_picked":["Clothesline","Intimidate"],"picked":"Corruption+1","floor":13},{"not_picked":["Thunderclap","Rupture+1"],"picked":"Corruption+1","floor":14},{"not_picked":["Bludgeon","Feed"],"picked":"Berserk+1","floor":16},{"not_picked":["Iron Wave","Warcry"],"picked":"Sentinel","floor":18},{"not_picked":["Battle Trance","Dual Wield+1"],"picked":"Seeing Red+1","floor":22},{"not_picked":["Bloodletting","Rampage+1"],"picked":"Berserk+1","floor":23},{"not_picked":["Cleave+1","Flex"],"picked":"Shockwave","floor":24},{"not_picked":["Havoc","Sever Soul+1","Anger+1"],"picked":"SKIP","floor":28},{"not_picked":["Thunderclap+1","Warcry"],"picked":"Perfected Strike+1","floor":29},{"not_picked":["Feed+1","Fiend Fire+1"],"picked":"Offering","floor":33},{"not_picked":["Body Slam+1","Iron Wave+1","Warcry"],"picked":"SKIP","floor":35},{"not_picked":["Rampage+1","Disarm"],"picked":"Wild Strike+1","floor":36},{"not_picked":["Hemokinesis+1","Headbutt+1"],"picked":"Feel No Pain+1","floor":40},{"not_picked":["Pummel+1","Clothesline+1"],"picked":"Havoc","floor":41},{"not_picked":["Body Slam+1","Warcry"],"picked":"Berserk+1","floor":42},{"not_picked":["True Grit","Combust+1"],"picked":"Pommel Strike+1","floor":45},{"not_picked":["True Grit+1","Body Slam+1"],"picked":"Shrug It Off","floor":48}],"player_experience":5811173,"relics_obtained":[{"floor":6,"key":"Bottled Lightning"},{"floor":12,"key":"Frozen Egg 2"},{"floor":23,"key":"Whetstone"},{"floor":25,"key":"Blood Vial"},{"floor":26,"key":"Boot"},{"floor":37,"key":"Gambling Chip"},{"floor":40,"key":"Strawberry"},{"floor":42,"key":"Dodecahedron"},{"floor":43,"key":"Shuriken"},{"floor":45,"key":"Sundial"}],"event_choices":[{"damage_healed":0,"gold_gain":0,"player_choice":"Ignored","damage_taken":0,"max_hp_gain":0,"max_hp_loss":0,"event_name":"Liars Game","floor":4,"gold_loss":0},{"damage_healed":0,"gold_gain":0,"player_choice":"Opened","damage_taken":0,"relics_obtained":["Lantern"],"max_hp_gain":0,"max_hp_loss":0,"event_name":"The Mausoleum","floor":20,"gold_loss":0,"cards_obtained":["Writhe"]},{"damage_healed":0,"gold_gain":0,"player_choice":"Trade","damage_taken":0,"relics_obtained":["FaceOfCleric"],"max_hp_gain":0,"max_hp_loss":0,"event_name":"FaceTrader","floor":21,"gold_loss":0},{"damage_healed":0,"gold_gain":0,"player_choice":"Fight","damage_taken":0,"max_hp_gain":0,"max_hp_loss":0,"event_name":"Mysterious Sphere","floor":37,"gold_loss":0},{"cards_removed":["Meteor Strike"],"damage_healed":32,"gold_gain":0,"player_choice":"Offered Rare","damage_taken":0,"max_hp_gain":10,"max_hp_loss":0,"event_name":"Bonfire Elementals","floor":39,"gold_loss":0},{"damage_healed":0,"gold_gain":0,"player_choice":"Ignored","damage_taken":0,"max_hp_gain":0,"max_hp_loss":0,"event_name":"SecretPortal","floor":46,"gold_loss":0}],"is_beta":false,"boss_relics":[{"not_picked":["Runic Dome","Calling Bell"],"picked":"Mark of Pain"},{"not_picked":["Pandora\u0027s Box","Velvet Choker"],"picked":"Runic Cube"}],"items_purged_floors":[47],"is_endless":false,"potions_floor_spawned":[1,2,7,11,12,18,22,24,28,35,37,42,48],"killed_by":"Awakened One","ascension_level":20}