{"gold_per_floor":[364,364,382,382,252,252,269,280,326,8,33,51,51,64,64,137,137,155,155,155,53,63,63,63,92,116,116,134,151,151,161,161,161],"floor_reached":33,"playtime":915,"items_purged":[],"score":534,"play_id":"0b17e803-db3f-4c82-b813-23a7569f1af5","local_time":"20190720005539","is_ascension_mode":true,"campfire_choices":[{"data":"Whirlwind","floor":6,"key":"SMITH"},{"data":"Apotheosis","floor":13,"key":"SMITH"},{"data":"Inflame","floor":15,"key":"SMITH"},{"floor":23,"key":"REST"},{"floor":27,"key":"RECALL"},{"floor":30,"key":"REST"},{"floor":32,"key":"REST"}],"neow_cost":"TEN_PERCENT_HP_LOSS","seed_source_timestamp":2458417479165539,"circlet_count":0,"master_deck":["AscendersBane","Strike_R","Strike_R","Strike_R","Strike_R","Strike_R","Defend_R","Defend_R","Defend_R","Defend_R","Bash+1","Cleave","Perfected Strike","Whirlwind+1","Twin Strike","Iron Wave","Apotheosis+1","Shrug It Off","Cleave","Thunderclap","Perfected Strike","Inflame+1","Wild Strike","Reaper","Shrug It Off","Perfected Strike","Rage","Twin Strike","Offering"],"relics":["Burning Blood","Strawberry","Omamori","Question Card","Calling Bell","PreservedInsect","Mercury Hourglass","Champion Belt","Bottled Lightning"],"potions_floor_usage":[11,11,16,16,33],"damage_taken":[{"damage":19,"enemies":"Jaw Worm","floor":1,"turns":5},{"damage":0,"enemies":"Cultist","floor":3,"turns":3},{"damage":0,"enemies":"2 Louse","floor":7,"turns":1},{"damage":1,"enemies":"2 Fungi Beasts","floor":8,"turns":4},{"damage":20,"enemies":"3 Sentries","floor":11,"turns":4},{"damage":12,"enemies":"Red Slaver","floor":12,"turns":4},{"damage":4,"enemies":"Looter","floor":14,"turns":2},{"damage":46,"enemies":"The Guardian","floor":16,"turns":9},{"damage":27,"enemies":"3 Byrds","floor":18,"turns":4},{"damage":22,"enemies":"Spheric Guardian","floor":22,"turns":4},{"damage":32,"enemies":"Gremlin Leader","floor":25,"turns":6},{"damage":0,"enemies":"Centurion and Healer","floor":28,"turns":4},{"damage":11,"enemies":"3 Cultists","floor":29,"turns":4},{"damage":6,"enemies":"Cultist and Chosen","floor":31,"turns":5},{"damage":86,"enemies":"Champ","floor":33,"turns":7}],"seed_played":"5962080581119759180","potions_obtained":[{"floor":1,"key":"FearPotion"},{"floor":7,"key":"SkillPotion"},{"floor":11,"key":"SteroidPotion"},{"floor":12,"key":"GamblersBrew"},{"floor":14,"key":"Dexterity Potion"},{"floor":16,"key":"SmokeBomb"},{"floor":25,"key":"Poison Potion"}],"is_trial":false,"path_per_floor":["M","?","M","T","$","R","M","M","T","$","E","M","R","M","R","B",null,"M","?","?","$","M","R","?","E","T","R","M","M","R","M","R","B"],"character_chosen":"IRONCLAD","items_purchased":["Whirlwind","Twin Strike","Apotheosis","Shrug It Off","Cleave","Thunderclap","Shrug It Off","Perfected Strike"],"campfire_rested":3,"item_purchase_floors":[5,5,10,10,10,10,21,21],"current_hp_per_floor":[55,55,61,68,68,68,74,75,75,75,61,55,55,57,57,17,61,49,64,64,64,48,70,70,49,49,49,55,50,72,72,75,0],"gold":161,"neow_bonus":"TWO_FIFTY_GOLD","is_prod":false,"is_daily":false,"chose_seed":false,"campfire_upgraded":3,"win_rate":0,"timestamp":1563576939,"path_taken":["M","?","?","?","$","R","M","M","T","$","E","M","R","M","R","BOSS","M","?","?","$","?","R","?","E","T","R","M","M","R","M","R","BOSS"],"build_version":"2019-07-17","purchased_purges":0,"victory":false,"max_hp_per_floor":[68,68,68,75,75,75,75,75,75,75,75,75,75,75,75,75,75,75,75,75,75,75,75,75,75,75,75,75,75,75,75,75,75],"card_choices":[{"not_picked":["Seeing Red","Rupture"],"picked":"Cleave","floor":1},{"not_picked":["Dual Wield","Cleave"],"picked":"Perfected Strike","floor":3},{"not_picked":["Blood for Blood","Body Slam","Sentinel"],"picked":"SKIP","floor":7},{"not_picked":["Body Slam","Bludgeon"],"picked":"Iron Wave","floor":8},{"not_picked":["Warcry","Twin Strike"],"picked":"Perfected Strike","floor":11},{"not_picked":["Heavy Blade","Clothesline","Hemokinesis"],"picked":"Inflame","floor":12},{"not_picked":["Clash","Cleave","Body Slam"],"picked":"Wild Strike","floor":14},{"not_picked":["Barricade","Fiend Fire","Immolate"],"picked":"Reaper","floor":16},{"not_picked":["Clothesline","Flex","Headbutt+1","Whirlwind"],"picked":"SKIP","floor":18},{"not_picked":["Power Through","Warcry","Anger"],"picked":"Rage","floor":22},{"not_picked":["Dual Wield","Havoc","Body Slam"],"picked":"Twin Strike","floor":25},{"not_picked":["Heavy Blade","Hemokinesis","Disarm","Pummel"],"picked":"SKIP","floor":28},{"not_picked":["Metallicize+1","Warcry","Iron Wave"],"picked":"Offering","floor":29},{"not_picked":["Headbutt","Disarm","Cleave","Iron Wave"],"picked":"SKIP","floor":31}],"player_experience":502319,"relics_obtained":[{"floor":4,"key":"Strawberry"},{"floor":9,"key":"Omamori"},{"floor":11,"key":"Question Card"},{"floor":17,"key":"PreservedInsect"},{"floor":17,"key":"Mercury Hourglass"},{"floor":17,"key":"Champion Belt"},{"floor":25,"key":"Bottled Lightning"}],"event_choices":[{"damage_healed":0,"gold_gain":0,"player_choice":"Upgraded","damage_taken":0,"max_hp_gain":0,"max_hp_loss":0,"event_name":"Upgrade Shrine","floor":2,"gold_loss":0,"cards_upgraded":["Bash"]},{"damage_healed":15,"gold_gain":0,"player_choice":"Heal","damage_taken":0,"max_hp_gain":0,"max_hp_loss":0,"event_name":"The Library","floor":19,"gold_loss":0},{"cards_removed":["Decay"],"damage_healed":0,"gold_gain":0,"player_choice":"Removed Curses","damage_taken":0,"max_hp_gain":0,"max_hp_loss":0,"event_name":"Fountain of Cleansing","floor":20,"gold_loss":0}],"is_beta":false,"boss_relics":[{"not_picked":["Tiny House","Mark of Pain"],"picked":"Calling Bell"}],"items_purged_floors":[],"is_endless":false,"potions_floor_spawned":[1,7,11,12,14,16,25,29,31],"killed_by":"Champ","ascension_level":20}