{"gold_per_floor":[115,134,150,168,180,180,213,213,213,238,238,16,16,91,91,91],"floor_reached":16,"playtime":269,"items_purged":["Strike_B"],"score":220,"play_id":"a0387bcf-3910-498d-b8ba-0efe2fa4a98c","local_time":"20190701011259","is_ascension_mode":true,"campfire_choices":[{"data":"Conserve Battery","floor":6,"key":"SMITH"},{"floor":15,"key":"REST"}],"neow_cost":"TEN_PERCENT_HP_LOSS","seed_source_timestamp":1060583120534700,"circlet_count":0,"master_deck":["AscendersBane","Strike_B","Strike_B","Strike_B","Defend_B","Defend_B","Defend_B","Defend_B","Zap","Dualcast","Ball Lightning","Rebound","Ball Lightning","Hologram+1","Conserve Battery+1","Rainbow","Cold Snap","Capacitor","Beam Cell+1"],"relics":["Cracked Core","Nunchaku","Ancient Tea Set","Pen Nib","Happy Flower","Golden Idol"],"potions_floor_usage":[7,10],"damage_taken":[{"damage":1,"enemies":"Small Slimes","floor":1,"turns":3},{"damage":0,"enemies":"2 Louse","floor":2,"turns":2},{"damage":4,"enemies":"Jaw Worm","floor":3,"turns":3},{"damage":0,"enemies":"2 Fungi Beasts","floor":4,"turns":3},{"damage":11,"enemies":"Blue Slaver","floor":5,"turns":3},{"damage":4,"enemies":"Gremlin Nob","floor":7,"turns":3},{"damage":10,"enemies":"Lagavulin","floor":10,"turns":4},{"damage":13,"enemies":"Slime Boss","floor":16,"turns":6}],"seed_played":"-697164319697655086","potions_obtained":[{"floor":2,"key":"PowerPotion"},{"floor":4,"key":"Swift Potion"},{"floor":5,"key":"SkillPotion"},{"floor":7,"key":"SpeedPotion"}],"is_trial":false,"path_per_floor":["M","M","M","M","M","R","E","?","T","E","?","$","?","?","R","B"],"character_chosen":"DEFECT","items_purchased":["Capacitor","Beam Cell"],"campfire_rested":1,"item_purchase_floors":[12,12],"current_hp_per_floor":[63,63,59,59,48,48,44,44,44,34,34,34,17,6,23,10],"gold":91,"neow_bonus":"ONE_RARE_RELIC","is_prod":false,"is_daily":false,"chose_seed":false,"campfire_upgraded":1,"win_rate":0,"timestamp":1561911179,"path_taken":["M","M","M","M","M","R","E","?","T","E","?","$","?","?","R","BOSS"],"build_version":"2019-01-23","purchased_purges":1,"victory":false,"max_hp_per_floor":[64,64,64,64,64,64,64,64,64,64,58,58,58,58,58,58],"card_choices":[{"not_picked":["Hologram","Beam Cell"],"picked":"Ball Lightning","floor":1},{"not_picked":["Machine Learning","Blizzard"],"picked":"Rebound","floor":2},{"not_picked":["Steam Power","Barrage"],"picked":"Ball Lightning","floor":3},{"not_picked":["Hello World","Turbo"],"picked":"Hologram","floor":4},{"not_picked":["Skim","Redo"],"picked":"Conserve Battery","floor":5},{"not_picked":["Gash","Recycle"],"picked":"Rainbow","floor":7},{"not_picked":["Stack","Auto Shields"],"picked":"Cold Snap","floor":10}],"player_experience":5538048,"relics_obtained":[{"floor":7,"key":"Ancient Tea Set"},{"floor":9,"key":"Pen Nib"},{"floor":10,"key":"Happy Flower"}],"event_choices":[{"damage_healed":0,"gold_gain":0,"player_choice":"Ignored","damage_taken":0,"max_hp_gain":0,"max_hp_loss":0,"event_name":"Liars Game","floor":8,"gold_loss":0},{"damage_healed":0,"gold_gain":0,"player_choice":"Lose Max HP","damage_taken":0,"relics_obtained":["Golden Idol"],"max_hp_gain":0,"max_hp_loss":6,"event_name":"Golden Idol","floor":11,"gold_loss":0},{"damage_healed":0,"gold_gain":0,"player_choice":"Entered Light","damage_taken":17,"max_hp_gain":0,"max_hp_loss":0,"event_name":"Shining Light","floor":13,"gold_loss":0,"cards_upgraded":["Beam Cell","Hologram"]},{"damage_healed":0,"gold_gain":75,"player_choice":"Gather Gold","damage_taken":11,"max_hp_gain":0,"max_hp_loss":0,"event_name":"World of Goop","floor":14,"gold_loss":0}],"is_beta":false,"boss_relics":[],"items_purged_floors":[12],"is_endless":false,"potions_floor_spawned":[2,4,5,7],"killed_by":"Slime Boss","ascension_level":20}