{"gold_per_floor":[115,80,80,80,95,95,124,142,142,157,174,35,53,81,81,153,153,171,171,141,152,170,170,9,24,24,42,42,42,56,72,72,72],"floor_reached":33,"playtime":1553,"items_purged":[],"score":726,"play_id":"6d6aa812-9646-46a2-b334-992d4d61aece","local_time":"20190720014042","is_ascension_mode":true,"campfire_choices":[{"data":"Bash","floor":6,"key":"SMITH"},{"data":"Shrug It Off","floor":15,"key":"SMITH"},{"floor":23,"key":"REST"},{"data":"Bludgeon","floor":29,"key":"SMITH"},{"floor":32,"key":"REST"}],"neow_cost":"","seed_source_timestamp":2460481776420018,"circlet_count":0,"master_deck":["AscendersBane","Strike_R","Strike_R+1","Strike_R","Strike_R","Defend_R","Defend_R","Defend_R","Defend_R","Bash+1","Shrug It Off+1","Cleave","Clothesline+1","Flame Barrier+1","Shrug It Off+1","Flex+1","Rage+1","Shrug It Off+1","Bludgeon+1","Rage+1","Shockwave+1","True Grit+1","Havoc+1","Cleave+1","Double Tap+1","True Grit+1"],"relics":["Burning Blood","Membership Card","PreservedInsect","Charon\u0027s Ashes","Boot","Toxic Egg 2","Question Card","Whetstone","Runic Pyramid","Torii","Pear"],"potions_floor_usage":[14,16,20,33,33],"damage_taken":[{"damage":5,"enemies":"2 Louse","floor":1,"turns":4},{"damage":0,"enemies":"Small Slimes","floor":5,"turns":2},{"damage":14,"enemies":"3 Sentries","floor":7,"turns":5},{"damage":4,"enemies":"Jaw Worm","floor":8,"turns":3},{"damage":18,"enemies":"Exordium Thugs","floor":10,"turns":5},{"damage":0,"enemies":"Large Slime","floor":11,"turns":5},{"damage":17,"enemies":"Lots of Slimes","floor":13,"turns":4},{"damage":8,"enemies":"Lagavulin","floor":14,"turns":4},{"damage":31,"enemies":"The Guardian","floor":16,"turns":18},{"damage":32,"enemies":"Spheric Guardian","floor":18,"turns":8},{"damage":12,"enemies":"2 Thieves","floor":20,"turns":4},{"damage":0,"enemies":"Centurion and Healer","floor":21,"turns":8},{"damage":8,"enemies":"Snecko","floor":22,"turns":6},{"damage":0,"enemies":"Cultist and Chosen","floor":25,"turns":7},{"damage":0,"enemies":"Snake Plant","floor":27,"turns":2},{"damage":0,"enemies":"Snecko","floor":30,"turns":4},{"damage":28,"enemies":"3 Cultists","floor":31,"turns":5},{"damage":92,"enemies":"Champ","floor":33,"turns":20}],"seed_played":"3349722356856905643","potions_obtained":[{"floor":5,"key":"Block Potion"},{"floor":16,"key":"GamblersBrew"},{"floor":20,"key":"FearPotion"},{"floor":27,"key":"EssenceOfSteel"}],"is_trial":false,"path_per_floor":["M","?","?","T","M","R","E","M","T","M","M","$","M","E","R","B",null,"M","?","M","M","M","R","$","M","T","M","$","R","M","M","R","B"],"character_chosen":"IRONCLAD","items_purchased":["Membership Card","PreservedInsect","Shrug It Off","Dexterity Potion","Question Card","Torii"],"campfire_rested":2,"item_purchase_floors":[0,0,0,0,12,24],"current_hp_per_floor":[58,75,70,70,75,75,67,69,69,57,63,63,52,50,50,25,63,37,37,31,37,35,57,57,63,73,79,79,79,85,63,85,0],"gold":72,"neow_bonus":"","is_prod":false,"is_daily":false,"chose_seed":false,"campfire_upgraded":3,"win_rate":0,"timestamp":1563579642,"path_taken":["M","?","?","?","M","R","E","M","T","M","M","$","?","E","R","BOSS","M","?","M","M","?","R","?","?","T","M","$","R","M","M","R","BOSS"],"build_version":"2019-07-17","purchased_purges":0,"victory":false,"max_hp_per_floor":[75,75,75,75,75,75,75,75,75,75,75,75,75,75,75,75,75,75,75,75,75,75,75,75,75,85,85,85,85,85,85,85,85],"card_choices":[{"not_picked":["True Grit","Pommel Strike"],"picked":"Cleave","floor":1},{"not_picked":["Clash","Second Wind"],"picked":"Clothesline","floor":5},{"not_picked":["Dual Wield","Cleave"],"picked":"Flame Barrier","floor":7},{"not_picked":["Havoc+1","Twin Strike"],"picked":"Shrug It Off+1","floor":8},{"not_picked":["Body Slam","Headbutt","Sentinel+1"],"picked":"SKIP","floor":10},{"not_picked":["Twin Strike","Sentinel+1"],"picked":"Flex+1","floor":11},{"not_picked":["Havoc+1","Warcry+1","Anger"],"picked":"Rage+1","floor":13},{"not_picked":["Reckless Charge","Rupture","Dropkick"],"picked":"Shrug It Off+1","floor":14},{"not_picked":["Fiend Fire","Impervious+1","Dark Embrace"],"picked":"Bludgeon","floor":16},{"not_picked":["Reckless Charge","Wild Strike","Battle Trance+1"],"picked":"Rage+1","floor":18},{"not_picked":["Havoc+1","Pommel Strike","Inflame"],"picked":"True Grit+1","floor":20},{"not_picked":["Sword Boomerang","Juggernaut","Rupture"],"picked":"Havoc+1","floor":21},{"not_picked":["Sword Boomerang+1","Clash","Wild Strike","Rupture"],"picked":"SKIP","floor":22},{"not_picked":["Wild Strike","Rupture","Perfected Strike+1"],"picked":"Cleave+1","floor":25},{"not_picked":["Entrench+1","Body Slam","Shrug It Off+1"],"picked":"Double Tap+1","floor":27},{"not_picked":["Pummel","Iron Wave","Thunderclap","Heavy Blade+1"],"picked":"SKIP","floor":30},{"not_picked":["Heavy Blade","Shockwave+1","Clothesline"],"picked":"True Grit+1","floor":31}],"player_experience":504349,"relics_obtained":[{"floor":4,"key":"Boot"},{"floor":7,"key":"Toxic Egg 2"},{"floor":14,"key":"Whetstone"},{"floor":26,"key":"Pear"}],"event_choices":[{"damage_healed":18,"gold_gain":0,"player_choice":"Healed","damage_taken":0,"max_hp_gain":0,"max_hp_loss":0,"event_name":"The Cleric","floor":2,"gold_loss":35},{"damage_healed":0,"gold_gain":0,"player_choice":"Success","damage_taken":5,"relics_obtained":["Charon\u0027s Ashes"],"max_hp_gain":0,"max_hp_loss":0,"event_name":"Scrap Ooze","floor":3,"gold_loss":0},{"damage_healed":0,"gold_gain":0,"cards_transformed":["Strike_R"],"player_choice":"Transformed","damage_taken":0,"max_hp_gain":0,"max_hp_loss":0,"event_name":"Transmorgrifier","floor":19,"gold_loss":0,"cards_obtained":["Shockwave"]}],"is_beta":false,"boss_relics":[{"not_picked":["Black Star","Runic Dome"],"picked":"Runic Pyramid"}],"items_purged_floors":[],"is_endless":false,"potions_floor_spawned":[5,11,13,16,20,27],"killed_by":"Champ","ascension_level":20}