{"gold_per_floor":[116,133,133,152,163,163,190,190,190,190,140,140,140,46,46,142,142,159,176,196,41,41,41,41,68,68,87,87,87,99,119,119,217,217,228,228,278,297,297,324,336,348,360,372,103,116,116,127,127,127],"floor_reached":51,"playtime":1723,"items_purged":["Decay"],"score":771,"play_id":"e2002378-aafb-4222-b531-1c48e006270c","local_time":"20190702025846","is_ascension_mode":true,"campfire_choices":[{"data":"Bash","floor":6,"key":"SMITH"},{"data":"Flame Barrier","floor":8,"key":"SMITH"},{"data":"Pommel Strike","floor":10,"key":"SMITH"},{"data":"Twin Strike","floor":13,"key":"SMITH"},{"data":"Iron Wave","floor":15,"key":"SMITH"},{"data":"Flame Barrier","floor":23,"key":"SMITH"},{"data":"Twin Strike","floor":28,"key":"SMITH"},{"data":"Berserk","floor":32,"key":"SMITH"},{"floor":42,"key":"REST"},{"data":"Juggernaut","floor":44,"key":"SMITH"},{"floor":49,"key":"REST"}],"neow_cost":"NONE","seed_source_timestamp":913365711580304,"circlet_count":0,"master_deck":["Strike_R","Strike_R","Strike_R","Strike_R","Strike_R","Defend_R","Defend_R+1","Defend_R+1","Bash+1","Flame Barrier+1","Rage+1","Twin Strike+1","Pommel Strike+1","Twin Strike+1","Iron Wave+1","Berserk+1","Seeing Red+1","Flame Barrier+1","Sword Boomerang+1","Thunderclap+1","Body Slam+1","Juggernaut+1","Pommel Strike+1","Body Slam+1","Thunderclap+1","Madness","Madness","Shrug It Off+1"],"relics":["Burning Blood","Anchor","War Paint","Cursed Key","Bag of Marbles","Oddly Smooth Stone","Unceasing Top","Busted Crown","Incense Burner","MawBank","Letter Opener","Lee\u0027s Waffle"],"potions_floor_usage":[19,19,27,37,37,38,48],"damage_taken":[{"damage":10,"enemies":"Cultist","floor":1,"turns":5},{"damage":14,"enemies":"Jaw Worm","floor":2,"turns":6},{"damage":5,"enemies":"2 Louse","floor":4,"turns":3},{"damage":10,"enemies":"2 Fungi Beasts","floor":5,"turns":4},{"damage":45,"enemies":"Hexaghost","floor":16,"turns":11},{"damage":0,"enemies":"Chosen","floor":18,"turns":4},{"damage":19,"enemies":"2 Thieves","floor":19,"turns":4},{"damage":21,"enemies":"Shelled Parasite and Fungi","floor":20,"turns":7},{"damage":16,"enemies":"Slavers","floor":25,"turns":6},{"damage":6,"enemies":"Centurion and Healer","floor":27,"turns":8},{"damage":5,"enemies":"Snake Plant","floor":30,"turns":3},{"damage":1,"enemies":"Cultist and Chosen","floor":31,"turns":5},{"damage":18,"enemies":"Champ","floor":33,"turns":11},{"damage":0,"enemies":"Orb Walker","floor":35,"turns":2},{"damage":4,"enemies":"2 Orb Walkers","floor":37,"turns":3},{"damage":28,"enemies":"3 Darklings","floor":38,"turns":7},{"damage":8,"enemies":"Giant Head","floor":40,"turns":7},{"damage":75,"enemies":"Writhing Mass","floor":46,"turns":7},{"damage":17,"enemies":"Maw","floor":48,"turns":5},{"damage":45,"enemies":"Awakened One","floor":50,"turns":11}],"seed_played":"8654260388298909478","potions_obtained":[{"floor":4,"key":"EssenceOfSteel"},{"floor":5,"key":"Explosive Potion"},{"floor":16,"key":"Poison Potion"},{"floor":25,"key":"SkillPotion"},{"floor":31,"key":"GamblersBrew"},{"floor":33,"key":"Block Potion"},{"floor":37,"key":"Swift Potion"},{"floor":46,"key":"BloodPotion"}],"is_trial":false,"path_per_floor":["M","M","?","M","M","R","T","R","T","R","?","?","R","$","R","B",null,"M","M","M","$","?","R","$","E","T","M","R","?","M","M","R","B",null,"M","?","?","M","$","E","?","R","T","R","$","M","$","M","R","B",null],"character_chosen":"IRONCLAD","items_purchased":["Twin Strike","Iron Wave","Bag of Marbles","Lee\u0027s Waffle"],"campfire_rested":2,"item_purchase_floors":[14,14,21,45],"current_hp_per_floor":[84,76,76,77,73,73,73,73,73,73,73,78,78,78,78,39,93,93,80,65,65,65,65,65,55,55,55,55,55,56,61,61,49,93,93,93,93,71,71,69,57,84,84,84,100,31,31,45,75,36],"gold":127,"neow_bonus":"TEN_PERCENT_HP_BONUS","is_prod":false,"is_daily":false,"chose_seed":false,"campfire_upgraded":9,"win_rate":0,"timestamp":1562032726,"path_taken":["M","M","?","M","M","R","?","R","T","R","?","?","R","?","R","BOSS","M","M","M","$","?","R","$","E","T","M","R","?","?","M","R","BOSS","M","?","?","M","$","E","?","R","T","R","$","M","$","M","R","BOSS"],"build_version":"2019-07-01","purchased_purges":1,"victory":true,"max_hp_per_floor":[88,88,88,88,88,88,88,88,88,88,88,93,93,93,93,93,93,93,93,93,93,93,93,93,93,93,93,93,93,93,93,93,93,93,93,93,93,93,93,93,93,93,93,93,100,100,100,100,100,100],"card_choices":[{"not_picked":["Havoc","Dropkick"],"picked":"Flame Barrier","floor":1},{"not_picked":["Twin Strike","Wild Strike"],"picked":"Rage","floor":2},{"not_picked":["Sword Boomerang","Body Slam"],"picked":"Twin Strike","floor":4},{"not_picked":["Second Wind","Rampage"],"picked":"Pommel Strike","floor":5},{"not_picked":["Barricade","Fiend Fire"],"picked":"Berserk","floor":16},{"not_picked":["Wild Strike+1","Uppercut"],"picked":"Seeing Red+1","floor":18},{"not_picked":["Iron Wave","Clothesline"],"picked":"Flame Barrier","floor":19},{"not_picked":["Flex","Warcry"],"picked":"Sword Boomerang+1","floor":20},{"not_picked":["Body Slam","Pummel"],"picked":"Thunderclap+1","floor":25},{"not_picked":["Carnage","Iron Wave","Clothesline"],"picked":"SKIP","floor":27},{"not_picked":["Disarm","Burning Pact+1"],"picked":"Body Slam+1","floor":30},{"not_picked":["Sever Soul","Warcry+1","Evolve"],"picked":"SKIP","floor":31},{"not_picked":["Exhume","Brutality"],"picked":"Juggernaut","floor":33},{"not_picked":[],"picked":"Pommel Strike+1","floor":35},{"not_picked":[],"picked":"Body Slam+1","floor":38},{"not_picked":[],"picked":"Thunderclap+1","floor":40},{"not_picked":[],"picked":"Shrug It Off+1","floor":46},{"not_picked":["Infernal Blade"],"picked":"SKIP","floor":48}],"player_experience":56377,"relics_obtained":[{"floor":7,"key":"Anchor"},{"floor":9,"key":"War Paint"},{"floor":25,"key":"Oddly Smooth Stone"},{"floor":37,"key":"Incense Burner"},{"floor":40,"key":"MawBank"},{"floor":43,"key":"Letter Opener"}],"event_choices":[{"damage_healed":0,"gold_gain":0,"player_choice":"Grow","damage_taken":0,"max_hp_gain":0,"max_hp_loss":0,"event_name":"Living Wall","floor":3,"gold_loss":0,"cards_upgraded":["Rage"]},{"cards_removed":["Defend_R"],"damage_healed":0,"gold_gain":0,"player_choice":"Card Removal","damage_taken":0,"max_hp_gain":0,"max_hp_loss":0,"event_name":"The Cleric","floor":11,"gold_loss":50},{"damage_healed":0,"gold_gain":0,"player_choice":"Donut","damage_taken":0,"max_hp_gain":5,"max_hp_loss":0,"event_name":"Big Fish","floor":12,"gold_loss":0},{"damage_healed":0,"gold_gain":0,"player_choice":"Ignored","damage_taken":0,"max_hp_gain":0,"max_hp_loss":0,"event_name":"Vampires","floor":22,"gold_loss":0},{"damage_healed":0,"gold_gain":0,"player_choice":"Gave Potion","damage_taken":0,"relics_obtained":["Unceasing Top"],"max_hp_gain":0,"max_hp_loss":0,"event_name":"WeMeetAgain","floor":29,"gold_loss":0},{"damage_healed":0,"gold_gain":0,"player_choice":"Ignored","damage_taken":0,"max_hp_gain":0,"max_hp_loss":0,"event_name":"Tomb of Lord Red Mask","floor":36,"gold_loss":0},{"damage_healed":0,"gold_gain":0,"player_choice":"Fight","damage_taken":0,"max_hp_gain":0,"max_hp_loss":0,"event_name":"Mysterious Sphere","floor":37,"gold_loss":0},{"damage_healed":0,"gold_gain":0,"player_choice":"Embrace Madness","damage_taken":12,"max_hp_gain":0,"max_hp_loss":0,"event_name":"Winding Halls","floor":41,"gold_loss":0,"cards_obtained":["Madness","Madness"]}],"is_beta":false,"boss_relics":[{"not_picked":["Runic Pyramid","Eternal Feather"],"picked":"Cursed Key"},{"not_picked":["Fusion Hammer","Coffee Dripper"],"picked":"Busted Crown"}],"items_purged_floors":[45],"is_endless":false,"potions_floor_spawned":[4,5,16,25,31,33,37,46],"ascension_level":2}