{"gold_per_floor":[118,131,142,67,117,148,31,45,45,45,59,73,88,100,100,174,174,188,103,7,7,7,42,42,58,105,117,117,147,147,179,179,253,253,263,275,275,87,100,100,128,143,167,195,195,295,329,346,346,346,346,346,346,124,157,157],"floor_reached":57,"playtime":2757,"items_purged":["Strike_G","Dash"],"score":3354,"play_id":"8722bd2b-21d8-489d-8223-9491bdd5163b","local_time":"20190514004554","is_ascension_mode":true,"campfire_choices":[{"floor":10,"key":"REST"},{"floor":15,"key":"REST"},{"data":"Wraith Form v2","floor":28,"key":"SMITH"},{"data":"Accuracy","floor":30,"key":"SMITH"},{"floor":32,"key":"RECALL"},{"data":"Wraith Form v2","floor":40,"key":"SMITH"},{"data":"Bouncing Flask","floor":49,"key":"SMITH"},{"data":"Fire Breathing","floor":53,"key":"SMITH"}],"neow_cost":"","seed_source_timestamp":712818198340200,"circlet_count":0,"master_deck":["Defend_G+1","Accuracy+1","Infinite Blades","Fire Breathing+1","Berserk","Hello World","Machine Learning","Finisher","Adrenaline+1","Infinite Blades","Bouncing Flask+1","Cloak And Dagger+1","Wraith Form v2+1","Accuracy+1","Die Die Die+1","Dash+1","Prepared+1","Expertise+1","Deflect+1","Storm of Steel+1","Adrenaline+1","Acrobatics+1","Acrobatics+1","Calculated Gamble+1","Wraith Form v2+1","Catalyst+1","Cloak And Dagger+1","Adrenaline+1","Tactician+1","Backflip+1","Tactician+1"],"special_seed":0,"relics":["Ring of the Snake","Mummified Hand","Matryoshka","Toxic Egg 2","Sundial","Astrolabe","War Paint","Nunchaku","Bag of Marbles","Centennial Puzzle","Bird Faced Urn","Pen Nib","Lizard Tail","Ornamental Fan","Singing Bowl","Mango","Paper Crane","OrangePellets","Snake Skull"],"potions_floor_usage":[16,16,29,56,56],"damage_taken":[{"damage":16.0,"enemies":"Small Slimes","floor":1.0,"turns":4.0},{"damage":1.0,"enemies":"Cultist","floor":2.0,"turns":3.0},{"damage":3.0,"enemies":"2 Louse","floor":3.0,"turns":3.0},{"damage":15.0,"enemies":"3 Sentries","floor":6.0,"turns":5.0},{"damage":21,"enemies":"Large Slime","floor":8,"turns":4},{"damage":11,"enemies":"2 Fungi Beasts","floor":11,"turns":3},{"damage":7,"enemies":"Looter","floor":12,"turns":3},{"damage":1,"enemies":"Large Slime","floor":13,"turns":3},{"damage":0,"enemies":"2 Fungi Beasts","floor":14,"turns":1},{"damage":0,"enemies":"Slime Boss","floor":16,"turns":4},{"damage":0,"enemies":"Spheric Guardian","floor":18,"turns":4},{"damage":19,"enemies":"Slavers","floor":23,"turns":2},{"damage":0,"enemies":"3 Byrds","floor":25,"turns":2},{"damage":0,"enemies":"Snake Plant","floor":27,"turns":3},{"damage":0,"enemies":"Book of Stabbing","floor":29,"turns":3},{"damage":0,"enemies":"Gremlin Leader","floor":31,"turns":1},{"damage":8,"enemies":"Champ","floor":33,"turns":5},{"damage":14,"enemies":"3 Shapes","floor":35,"turns":2},{"damage":0,"enemies":"Orb Walker","floor":36,"turns":3},{"damage":0,"enemies":"Transient","floor":39,"turns":6},{"damage":0,"enemies":"Nemesis","floor":41,"turns":3},{"damage":0,"enemies":"Sphere and 2 Shapes","floor":42,"turns":2},{"damage":0,"enemies":"Giant Head","floor":44,"turns":4},{"damage":0,"enemies":"Mind Bloom Boss Battle","floor":46,"turns":3},{"damage":0,"enemies":"Reptomancer","floor":47,"turns":1},{"damage":0,"enemies":"3 Darklings","floor":48,"turns":2},{"damage":0,"enemies":"Donu and Deca","floor":50,"turns":2},{"damage":3,"enemies":"Time Eater","floor":51,"turns":8},{"damage":0,"enemies":"Shield and Spear","floor":55,"turns":1},{"damage":11,"enemies":"The Heart","floor":56,"turns":5}],"seed_played":"-4681900258708036786","potions_obtained":[{"floor":1.0,"key":"SteroidPotion"},{"floor":12,"key":"Block Potion"},{"floor":14,"key":"Fire Potion"},{"floor":16,"key":"PowerPotion"},{"floor":27,"key":"Regen Potion"},{"floor":29,"key":"Regen Potion"},{"floor":33,"key":"SteroidPotion"},{"floor":46,"key":"PowerPotion"}],"is_trial":true,"path_per_floor":["M","M","M","?","?","E","$","M","T","R","M","M","M","M","R","B",null,"M","?","$","?","?","E","?","M","T","M","R","E","R","E","R","B",null,"M","M","?","$","M","R","E","M","T","E","?","?","E","M","R","B","B",null,"R","$","E","B",null],"character_chosen":"THE_SILENT","items_purchased":["Bouncing Flask","Expertise+1","Deflect+1","Catalyst+1","Cloak And Dagger+1","OrangePellets"],"campfire_rested":2,"item_purchase_floors":[7,20,20,38,38,54],"current_hp_per_floor":[43,42,39,39,39,24,24,3,3,22,11,4,3,3,22,22,55,55,55,55,55,55,36,36,36,36,36,36,48,48,66,66,64,66,60,66,66,66,66,66,66,66,66,66,62,86,86,88,88,88,87,88,88,88,90,90],"gold":157,"neow_bonus":"","is_prod":false,"is_daily":false,"chose_seed":false,"campfire_upgraded":5,"win_rate":0,"timestamp":1557762354,"path_taken":["M","M","M","?","?","E","$","?","T","R","M","M","M","M","R","BOSS","M","?","$","?","?","E","?","M","T","M","R","E","R","E","R","BOSS","M","M","?","$","M","R","E","M","T","E","?","?","E","M","R","BOSS","BOSS","R","$","E","BOSS"],"build_version":"2019-01-23","purchased_purges":2,"victory":true,"max_hp_per_floor":[66,66,66,66,66,66,66,66,66,66,66,66,66,66,66,66,66,66,66,66,66,66,66,66,66,66,66,66,66,66,66,66,66,66,66,66,66,66,66,66,66,66,66,66,72,86,86,88,88,88,88,88,88,88,90,90],"card_choices":[{"not_picked":["Dagger Throw","Sucker Punch"],"picked":"Finisher","floor":1.0},{"not_picked":["Cloak And Dagger","Underhanded Strike"],"picked":"Adrenaline","floor":2.0},{"not_picked":["Quick Slash","Bane"],"picked":"Dash","floor":3.0},{"not_picked":["Endless Agony","All Out Attack"],"picked":"Infinite Blades","floor":6.0},{"not_picked":["Bouncing Flask","Dodge and Roll","Expertise"],"picked":"SKIP","floor":8},{"not_picked":["Sucker Punch","Dagger Spray","Choke"],"picked":"SKIP","floor":11},{"not_picked":["Skewer","Prepared+1"],"picked":"Cloak And Dagger+1","floor":12},{"not_picked":["Tactician+1","Prepared+1","Sucker Punch"],"picked":"SKIP","floor":13},{"not_picked":["Underhanded Strike","Prepared+1"],"picked":"Deflect+1","floor":14},{"not_picked":["Unload","Tools of the Trade"],"picked":"Wraith Form v2","floor":16},{"not_picked":["Well Laid Plans","Bouncing Flask+1"],"picked":"Prepared+1","floor":18},{"not_picked":["Footwork","Deflect+1"],"picked":"Acrobatics+1","floor":23},{"not_picked":["Storm of Steel+1","Flying Knee"],"picked":"Calculated Gamble+1","floor":25},{"not_picked":["Deadly Poison+1","Outmaneuver+1","Bouncing Flask+1"],"picked":"SKIP","floor":27},{"not_picked":["Cloak And Dagger+1","Backstab","Dodge and Roll+1"],"picked":"SKIP","floor":29},{"not_picked":["Quick Slash","Flying Knee","Finisher"],"picked":"SKIP","floor":31},{"not_picked":["Burst+1","Grand Finale"],"picked":"Wraith Form v2","floor":33},{"not_picked":["Bouncing Flask+1","Sucker Punch","Poisoned Stab"],"picked":"SKIP","floor":35},{"not_picked":["Bouncing Flask+1","Sucker Punch","Poisoned Stab"],"picked":"SKIP","floor":35},{"not_picked":["Sucker Punch","Dagger Throw","Caltrops"],"picked":"SKIP","floor":36},{"not_picked":["Poisoned Stab+1","Underhanded Strike","Dodge and Roll+1"],"picked":"SKIP","floor":39},{"not_picked":["Dagger Throw","Prepared+1","Masterful Stab"],"picked":"SKIP","floor":41},{"not_picked":["Poisoned Stab","Backstab"],"picked":"Adrenaline+1","floor":42},{"not_picked":["Backstab","Blade Dance+1"],"picked":"Tactician+1","floor":44},{"not_picked":["Jack Of All Trades+1","Apotheosis+1","Chrysalis+1"],"picked":"Singing Bowl","floor":45},{"not_picked":["Madness+1","Jack Of All Trades+1","Apotheosis+1"],"picked":"Singing Bowl","floor":45},{"not_picked":["Forethought+1","Flash of Steel","Secret Weapon+1"],"picked":"Singing Bowl","floor":45},{"not_picked":["Heel Hook","Blade Dance+1"],"picked":"Backflip+1","floor":46},{"not_picked":["Flying Knee","Distraction+1"],"picked":"Tactician+1","floor":47},{"not_picked":["All Out Attack","Concentrate+1","Flying Knee"],"picked":"Singing Bowl","floor":48},{"not_picked":["Prepared+1","Slice","Quick Slash"],"picked":"Singing Bowl","floor":55}],"player_experience":5010124,"relics_obtained":[{"floor":6.0,"key":"Matryoshka"},{"floor":9,"key":"Toxic Egg 2"},{"floor":9,"key":"Sundial"},{"floor":23,"key":"Nunchaku"},{"floor":26,"key":"Bag of Marbles"},{"floor":26,"key":"Centennial Puzzle"},{"floor":29,"key":"Bird Faced Urn"},{"floor":31,"key":"Pen Nib"},{"floor":41,"key":"Ornamental Fan"},{"floor":44,"key":"Singing Bowl"},{"floor":46,"key":"Mango"},{"floor":47,"key":"Paper Crane"},{"floor":55,"key":"Snake Skull"}],"event_choices":[{"cards_removed":["Strike_G"],"damage_healed":0.0,"max_hp_gain":0.0,"max_hp_loss":0.0,"gold_gain":0.0,"event_name":"The Cleric","player_choice":"Card Removal","floor":4.0,"gold_loss":75.0,"damage_taken":0.0},{"damage_healed":0.0,"max_hp_gain":0.0,"max_hp_loss":0.0,"gold_gain":50.0,"event_name":"Golden Shrine","player_choice":"Pray","floor":5.0,"gold_loss":0.0,"damage_taken":0.0},{"damage_healed":0,"gold_gain":0,"player_choice":"Obtained Relic","damage_taken":0,"relics_obtained":["War Paint"],"max_hp_gain":0,"max_hp_loss":0,"event_name":"Addict","floor":19,"gold_loss":85},{"damage_healed":0,"gold_gain":0,"player_choice":"Ignored","damage_taken":0,"max_hp_gain":0,"max_hp_loss":0,"event_name":"Vampires","floor":21,"gold_loss":0},{"damage_healed":0,"gold_gain":0,"cards_transformed":["Defend_G","Defend_G"],"player_choice":"Became Test Subject","damage_taken":0,"max_hp_gain":0,"max_hp_loss":0,"event_name":"Drug Dealer","floor":22,"gold_loss":0,"cards_obtained":["Storm of Steel","Adrenaline"]},{"damage_healed":0,"gold_gain":0,"player_choice":"Read","damage_taken":0,"max_hp_gain":0,"max_hp_loss":0,"event_name":"The Library","floor":24,"gold_loss":0,"cards_obtained":["Acrobatics"]},{"cards_removed":["Deflect"],"damage_healed":0,"gold_gain":0,"player_choice":"Removed Skill","damage_taken":0,"max_hp_gain":0,"max_hp_loss":0,"event_name":"Falling","floor":37,"gold_loss":0},{"damage_healed":0,"gold_gain":0,"player_choice":"Memory 3","damage_taken":10,"max_hp_gain":0,"max_hp_loss":0,"event_name":"SensoryStone","floor":45,"gold_loss":0},{"damage_healed":0,"gold_gain":0,"player_choice":"Fight","damage_taken":0,"max_hp_gain":0,"max_hp_loss":0,"event_name":"MindBloom","floor":46,"gold_loss":0}],"is_beta":false,"boss_relics":[{"not_picked":["Cursed Key","WristBlade"],"picked":"Astrolabe"},{"not_picked":["Sozu","Ring of the Serpent"],"picked":"Lizard Tail"}],"items_purged_floors":[7,38],"is_endless":false,"potions_floor_spawned":[1,12,14,16,27,29,33,35,39,46,55],"ascension_level":20}