{"gold_per_floor":[113,129,142,161,161,161,194,194,221,246,260,291,309,328,328,400,400,413,431,14,64,82,82,109,109,132,150,179,179,190,216,216,290,290,302,314,330,344,344],"floor_reached":39,"playtime":1478,"items_purged":["Rampage"],"score":984,"play_id":"42f2612a-d522-4dfd-a62f-ba47d980250e","local_time":"20190609010310","is_ascension_mode":true,"campfire_choices":[{"data":"Cleave","floor":6.0,"key":"SMITH"},{"data":"Uppercut","floor":8.0,"key":"SMITH"},{"data":"Evolve","floor":15.0,"key":"SMITH"},{"data":"Inflame","floor":23.0,"key":"SMITH"},{"data":"Offering","floor":25.0,"key":"SMITH"},{"data":"Spot Weakness","floor":32.0,"key":"SMITH"}],"neow_cost":"NONE","seed_source_timestamp":1134498705940800,"circlet_count":0,"master_deck":["AscendersBane","Strike_R","Strike_R","Strike_R","Strike_R","Strike_R","Defend_R","Defend_R","Defend_R+1","Defend_R+1","Bash","Evolve+1","Perfected Strike+1","Cleave+1","Uppercut+1","Reckless Charge","Reaper","Twin Strike","Wild Strike","Headbutt","Offering+1","Spot Weakness+1","Inflame+1","Clothesline+1","Twin Strike+1","Double Tap","Thunderclap+1","Seeing Red+1","Twin Strike+1","Reaper+1","Feed+1","Dual Wield+1","Shrug It Off+1","Battle Trance","Battle Trance+1"],"special_seed":0,"relics":["Burning Blood","Orichalcum","War Paint","Regal Pillow","Mercury Hourglass","Coffee Dripper","Prayer Wheel","Molten Egg 2","Happy Flower","Bag of Preparation","Pen Nib","Strawberry","Runic Pyramid"],"potions_floor_usage":[],"damage_taken":[{"damage":0.0,"enemies":"Small Slimes","floor":1.0,"turns":5.0},{"damage":1.0,"enemies":"Cultist","floor":2.0,"turns":3.0},{"damage":7.0,"enemies":"2 Louse","floor":3.0,"turns":3.0},{"damage":6.0,"enemies":"Lots of Slimes","floor":4.0,"turns":3.0},{"damage":25.0,"enemies":"3 Sentries","floor":7.0,"turns":6.0},{"damage":23.0,"enemies":"Lagavulin","floor":10.0,"turns":6.0},{"damage":2.0,"enemies":"2 Fungi Beasts","floor":11.0,"turns":3.0},{"damage":32.0,"enemies":"Gremlin Nob","floor":12.0,"turns":5.0},{"damage":0.0,"enemies":"3 Louse","floor":13.0,"turns":2.0},{"damage":8.0,"enemies":"Large Slime","floor":14.0,"turns":4.0},{"damage":10.0,"enemies":"Slime Boss","floor":16.0,"turns":6.0},{"damage":21.0,"enemies":"Shell Parasite","floor":18.0,"turns":2.0},{"damage":6.0,"enemies":"Chosen","floor":19.0,"turns":3.0},{"damage":0.0,"enemies":"Snake Plant","floor":22.0,"turns":2.0},{"damage":22.0,"enemies":"Slavers","floor":24.0,"turns":3.0},{"damage":8.0,"enemies":"Centurion and Healer","floor":27.0,"turns":4.0},{"damage":23.0,"enemies":"Gremlin Leader","floor":28.0,"turns":3.0},{"damage":14.0,"enemies":"Snecko","floor":30.0,"turns":4.0},{"damage":15.0,"enemies":"Slavers","floor":31.0,"turns":2.0},{"damage":65.0,"enemies":"Automaton","floor":33.0,"turns":8.0},{"damage":4.0,"enemies":"3 Darklings","floor":35.0,"turns":2.0},{"damage":30.0,"enemies":"3 Shapes","floor":36.0,"turns":3.0},{"damage":27.0,"enemies":"3 Darklings","floor":37.0,"turns":4.0},{"damage":84.0,"enemies":"4 Shapes","floor":38.0,"turns":11.0},{"damage":24,"enemies":"Sphere and 2 Shapes","floor":39,"turns":6}],"seed_played":"-2666046899875705999","potions_obtained":[{"floor":1.0,"key":"AttackPotion"},{"floor":3.0,"key":"Swift Potion"},{"floor":7.0,"key":"Poison Potion"},{"floor":13.0,"key":"FearPotion"},{"floor":16.0,"key":"Swift Potion"},{"floor":18.0,"key":"Poison Potion"},{"floor":22.0,"key":"Ancient Potion"},{"floor":31.0,"key":"SpeedPotion"},{"floor":36.0,"key":"Regen Potion"}],"is_trial":false,"path_per_floor":["M","M","M","M","?","R","E","R","T","E","M","E","M","M","R","B",null,"M","M","$","?","M","R","E","R","T","M","E","?","M","E","R","B",null,"M","M","M","M","M"],"character_chosen":"IRONCLAD","items_purchased":["Prayer Wheel"],"campfire_rested":0,"item_purchase_floors":[20],"current_hp_per_floor":[81,82,81,81,81,81,62,62,62,45,49,27,33,35,35,31,69,54,61,61,61,67,67,72,72,72,80,73,73,71,89,89,46,78,80,60,86,35,11],"gold":344,"neow_bonus":"TEN_PERCENT_HP_BONUS","is_prod":false,"is_daily":false,"chose_seed":false,"campfire_upgraded":6,"win_rate":0,"timestamp":1560009790,"path_taken":["M","M","M","M","?","R","E","R","T","E","M","E","M","?","R","BOSS","M","M","?","?","M","R","E","R","T","M","E","?","M","E","R","BOSS","M","M","M","M","M"],"build_version":"2019-01-23","purchased_purges":1,"victory":false,"max_hp_per_floor":[82,82,82,82,82,82,82,82,82,82,82,82,82,82,82,82,82,82,82,82,82,82,82,82,82,82,82,82,82,82,89,89,89,89,89,93,97,109,109],"card_choices":[{"not_picked":["Pommel Strike","Armaments"],"picked":"Evolve","floor":1.0},{"not_picked":["Rupture","Pummel"],"picked":"Perfected Strike","floor":2.0},{"not_picked":["Metallicize","Dropkick"],"picked":"Cleave","floor":3.0},{"not_picked":["Heavy Blade","Cleave"],"picked":"Rampage","floor":4.0},{"not_picked":["Headbutt","Warcry"],"picked":"Uppercut","floor":7.0},{"not_picked":["Rampage","Corruption"],"picked":"Reckless Charge","floor":10.0},{"not_picked":["Perfected Strike","Sever Soul"],"picked":"Reaper","floor":11.0},{"not_picked":["Evolve","Clash"],"picked":"Twin Strike","floor":12.0},{"not_picked":["Sword Boomerang","Pommel Strike"],"picked":"Wild Strike","floor":13.0},{"not_picked":["Fire Breathing","Heavy Blade"],"picked":"Headbutt","floor":14.0},{"not_picked":["Dark Embrace","Exhume"],"picked":"Offering","floor":16.0},{"not_picked":["Rampage+1","Anger+1"],"picked":"Spot Weakness","floor":18.0},{"not_picked":["Power Through","Iron Wave+1"],"picked":"Inflame","floor":19.0},{"not_picked":["Spot Weakness","Iron Wave"],"picked":"Clothesline+1","floor":22.0},{"not_picked":["Hemokinesis","Flex","Clothesline"],"picked":"SKIP","floor":22.0},{"not_picked":["Wild Strike","Clothesline"],"picked":"Twin Strike+1","floor":24.0},{"not_picked":["Clothesline+1","Clash+1"],"picked":"Double Tap","floor":27.0},{"not_picked":["Carnage+1","True Grit","Sword Boomerang+1"],"picked":"SKIP","floor":27.0},{"not_picked":["Armaments","Rampage+1"],"picked":"Thunderclap+1","floor":28.0},{"not_picked":["Exhume","Thunderclap+1"],"picked":"Seeing Red+1","floor":30.0},{"not_picked":["Iron Wave+1","Armaments+1"],"picked":"Twin Strike+1","floor":30.0},{"not_picked":["Blood for Blood+1","Carnage+1"],"picked":"Reaper+1","floor":31.0},{"not_picked":["Berserk","Brutality"],"picked":"Feed+1","floor":33.0},{"not_picked":["Warcry","Clothesline+1"],"picked":"Dual Wield+1","floor":35.0},{"not_picked":["Flex","Combust","Clothesline+1"],"picked":"SKIP","floor":35.0},{"not_picked":["Carnage+1","Twin Strike+1","Body Slam+1"],"picked":"SKIP","floor":36.0},{"not_picked":["Dual Wield","Iron Wave+1","Juggernaut"],"picked":"SKIP","floor":36.0},{"not_picked":["Rampage+1","Shockwave"],"picked":"Shrug It Off+1","floor":37.0},{"not_picked":["Twin Strike+1","Iron Wave+1","Cleave+1"],"picked":"SKIP","floor":37.0},{"not_picked":["Sword Boomerang+1","Dropkick+1"],"picked":"Battle Trance","floor":38.0},{"not_picked":["Reckless Charge+1","Entrench"],"picked":"Battle Trance+1","floor":38.0}],"player_experience":5299570,"relics_obtained":[{"floor":7.0,"key":"Orichalcum"},{"floor":9.0,"key":"War Paint"},{"floor":10.0,"key":"Regal Pillow"},{"floor":12.0,"key":"Mercury Hourglass"},{"floor":24.0,"key":"Molten Egg 2"},{"floor":26.0,"key":"Happy Flower"},{"floor":28.0,"key":"Bag of Preparation"},{"floor":31.0,"key":"Strawberry"}],"event_choices":[{"damage_healed":0.0,"max_hp_gain":0.0,"max_hp_loss":0.0,"gold_gain":0.0,"event_name":"Upgrade Shrine","player_choice":"Upgraded","floor":5.0,"gold_loss":0.0,"damage_taken":0.0,"cards_upgraded":["Perfected Strike"]},{"damage_healed":0.0,"max_hp_gain":0.0,"max_hp_loss":0.0,"gold_gain":50.0,"event_name":"Nest","player_choice":"Stole From Cult","floor":21.0,"gold_loss":0.0,"damage_taken":0.0},{"damage_healed":0.0,"max_hp_gain":0.0,"max_hp_loss":0.0,"gold_gain":0.0,"event_name":"WeMeetAgain","player_choice":"Gave Potion","floor":29.0,"gold_loss":0.0,"damage_taken":0.0,"relics_obtained":["Pen Nib"]}],"is_beta":false,"boss_relics":[{"not_picked":["Black Star","Lizard Tail"],"picked":"Coffee Dripper"},{"not_picked":["Eternal Feather","Runic Cube"],"picked":"Runic Pyramid"}],"items_purged_floors":[20],"is_endless":false,"potions_floor_spawned":[1,3,7,13,16,18,22,31,36,37],"killed_by":"Sphere and 2 Shapes","ascension_level":20}