{"gold_per_floor":[116,135,187,187,201,201,213,223,223,223,243,243,277,289,289,366,366,366,366,366,291,291,291,3,3,3,3,3,3,3,3,3,3,3,3,3,3,3],"floor_reached":38,"playtime":1578,"items_purged":[],"score":856,"play_id":"59a3ecb5-31a3-4052-824f-42ebd6b1f1af","local_time":"20190524040838","is_ascension_mode":true,"campfire_choices":[{"data":"Burning Pact","floor":6.0,"key":"SMITH"},{"data":"Pommel Strike","floor":10.0,"key":"SMITH"},{"data":"Dark Embrace","floor":15.0,"key":"SMITH"},{"floor":23.0,"key":"REST"},{"data":"Evolve","floor":25.0,"key":"SMITH"},{"data":"Flex","floor":29.0,"key":"SMITH"},{"data":"Bash","floor":32.0,"key":"SMITH"}],"neow_cost":"PERCENT_DAMAGE","seed_source_timestamp":101136320961600,"circlet_count":0,"master_deck":["AscendersBane","Defend_R","Defend_R","Defend_R","Defend_R","Bash+1","Bloodletting","Burning Pact+1","Anger","Pommel Strike+1","True Grit","Second Wind","Anger","Flex+1","Dark Embrace+1","Evolve+1","Feed","Sentinel+1","Battle Trance+1","Disarm+1","Barricade","Disarm+1","Shrug It Off+1","The Bomb","Transmutation"],"special_seed":0,"relics":["Burning Blood","Oddly Smooth Stone","Paper Frog","Ectoplasm","Nilry\u0027s Codex","Shuriken","Orichalcum","Snecko Eye"],"potions_floor_usage":[33],"damage_taken":[{"damage":18.0,"enemies":"Cultist","floor":1.0,"turns":5.0},{"damage":5.0,"enemies":"2 Louse","floor":2.0,"turns":4.0},{"damage":4.0,"enemies":"Small Slimes","floor":5.0,"turns":4.0},{"damage":6.0,"enemies":"2 Fungi Beasts","floor":7.0,"turns":5.0},{"damage":7.0,"enemies":"Exordium Thugs","floor":8.0,"turns":4.0},{"damage":0.0,"enemies":"Red Slaver","floor":11.0,"turns":3.0},{"damage":28.0,"enemies":"Lagavulin","floor":13.0,"turns":6.0},{"damage":1.0,"enemies":"3 Louse","floor":14.0,"turns":3.0},{"damage":3.0,"enemies":"Slime Boss","floor":16.0,"turns":4.0},{"damage":4.0,"enemies":"3 Byrds","floor":18.0,"turns":6.0},{"damage":25.0,"enemies":"Shell Parasite","floor":19.0,"turns":5.0},{"damage":0.0,"enemies":"3 Cultists","floor":27.0,"turns":3.0},{"damage":0.0,"enemies":"Snecko","floor":28.0,"turns":2.0},{"damage":0.0,"enemies":"Centurion and Healer","floor":30.0,"turns":6.0},{"damage":63,"enemies":"Collector","floor":33,"turns":8},{"damage":15,"enemies":"3 Darklings","floor":35,"turns":9},{"damage":0,"enemies":"3 Shapes","floor":36,"turns":7},{"damage":60,"enemies":"Jaw Worm Horde","floor":38,"turns":2}],"seed_played":"7997544704390614083","potions_obtained":[{"floor":2.0,"key":"AttackPotion"},{"floor":5.0,"key":"AttackPotion"},{"floor":7.0,"key":"Explosive Potion"},{"floor":11.0,"key":"Dexterity Potion"},{"floor":13.0,"key":"PowerPotion"},{"floor":16.0,"key":"SteroidPotion"},{"floor":18.0,"key":"BloodPotion"},{"floor":27.0,"key":"Swift Potion"}],"is_trial":false,"path_per_floor":["M","M","T","?","M","R","M","M","T","R","M","?","E","M","R","B",null,"M","M","?","?","?","R","$","R","T","M","M","R","M","$","R","B",null,"M","M","?","M"],"character_chosen":"IRONCLAD","items_purchased":["Shuriken"],"campfire_rested":1,"item_purchase_floors":[24],"current_hp_per_floor":[38,39,39,39,41,41,41,40,40,40,46,39,17,22,22,25,63,68,56,56,56,35,58,58,58,58,64,70,70,79,79,79,22,66,57,66,56,0],"gold":3,"neow_bonus":"TRANSFORM_TWO_CARDS","is_prod":false,"is_daily":false,"chose_seed":false,"campfire_upgraded":6,"win_rate":0,"timestamp":1558638518,"path_taken":["M","M","?","?","M","R","M","M","T","R","?","?","E","M","R","BOSS","M","M","?","?","?","R","$","R","T","?","M","R","M","?","R","BOSS","M","M","?","M"],"build_version":"2019-01-23","purchased_purges":0,"victory":false,"max_hp_per_floor":[75,75,75,75,75,75,75,75,75,75,75,75,75,75,75,75,75,78,78,78,78,78,78,78,78,78,78,78,78,81,81,81,81,81,81,84,84,84],"card_choices":[{"not_picked":["Havoc","Searing Blow"],"picked":"Anger","floor":1.0},{"not_picked":["Cleave","Hemokinesis"],"picked":"Pommel Strike","floor":2.0},{"not_picked":["Blood for Blood","Pummel"],"picked":"Second Wind","floor":5.0},{"not_picked":["Corruption","Thunderclap","Wild Strike"],"picked":"SKIP","floor":7.0},{"not_picked":["Inflame","Intimidate"],"picked":"Anger","floor":8.0},{"not_picked":["Perfected Strike","Exhume"],"picked":"Flex","floor":11.0},{"not_picked":["Shrug It Off","Rupture"],"picked":"Dark Embrace","floor":13.0},{"not_picked":["Hemokinesis","Clothesline"],"picked":"Evolve","floor":14.0},{"not_picked":["Bludgeon","Double Tap"],"picked":"Feed","floor":16.0},{"not_picked":["Combust","Disarm"],"picked":"Sentinel+1","floor":18.0},{"not_picked":["Cleave","Warcry","Entrench"],"picked":"SKIP","floor":19.0},{"not_picked":["Entrench","Sword Boomerang"],"picked":"Battle Trance+1","floor":27.0},{"not_picked":["Heavy Blade","Cleave+1","Whirlwind"],"picked":"SKIP","floor":28.0},{"not_picked":["Iron Wave","Wild Strike"],"picked":"Disarm+1","floor":30.0},{"not_picked":["Dark Embrace","Demon Form"],"picked":"Barricade","floor":33},{"not_picked":["Armaments","Cleave+1"],"picked":"Disarm+1","floor":35},{"not_picked":["Inflame","Flex"],"picked":"Shrug It Off+1","floor":36},{"not_picked":["Impatience","Chrysalis"],"picked":"The Bomb","floor":37},{"not_picked":["Flash of Steel","Impatience"],"picked":"Transmutation","floor":37}],"player_experience":5130631,"relics_obtained":[{"floor":9.0,"key":"Oddly Smooth Stone"},{"floor":13.0,"key":"Paper Frog"},{"floor":22.0,"key":"Nilry\u0027s Codex"},{"floor":26.0,"key":"Orichalcum"}],"event_choices":[{"damage_healed":0.0,"max_hp_gain":0.0,"max_hp_loss":0.0,"gold_gain":0.0,"cards_transformed":["Strike_R"],"event_name":"Transmorgrifier","player_choice":"Transformed","floor":4.0,"gold_loss":0.0,"damage_taken":0.0,"cards_obtained":["True Grit"]},{"cards_removed":["Strike_R"],"damage_healed":0.0,"max_hp_gain":0.0,"max_hp_loss":0.0,"gold_gain":0.0,"event_name":"Golden Wing","player_choice":"Card Removal","floor":12.0,"gold_loss":0.0,"damage_taken":7.0},{"damage_healed":0.0,"max_hp_gain":0.0,"max_hp_loss":0.0,"gold_gain":0.0,"event_name":"Vampires","player_choice":"Ignored","floor":20.0,"gold_loss":0.0,"damage_taken":0.0},{"cards_removed":["Strike_R"],"damage_healed":0.0,"max_hp_gain":0.0,"max_hp_loss":0.0,"gold_gain":0.0,"event_name":"Beggar","player_choice":"Gave Gold","floor":21.0,"gold_loss":75.0,"damage_taken":0.0},{"damage_healed":0.0,"max_hp_gain":0.0,"max_hp_loss":0.0,"gold_gain":0.0,"event_name":"Cursed Tome","player_choice":"Obtained Book","floor":22.0,"gold_loss":0.0,"damage_taken":21.0},{"damage_healed":0,"gold_gain":0,"player_choice":"Memory 3","damage_taken":10,"max_hp_gain":0,"max_hp_loss":0,"event_name":"SensoryStone","floor":37,"gold_loss":0}],"is_beta":false,"boss_relics":[{"not_picked":["Fusion Hammer","Lizard Tail"],"picked":"Ectoplasm"},{"not_picked":["Calling Bell","Philosopher\u0027s Stone"],"picked":"Snecko Eye"}],"items_purged_floors":[],"is_endless":false,"potions_floor_spawned":[2,5,7,11,13,16,18,27],"killed_by":"Jaw Worm Horde","ascension_level":20}