{"gold_per_floor":[113,113,24,39,39,74,138,138,206,206,241,241,241,259,259,332,332,346,298,348,360,360,360,360],"floor_reached":24,"playtime":769,"items_purged":[],"score":443,"play_id":"da66eaa2-608f-4706-a51c-608a02c5090c","local_time":"20190717012453","is_ascension_mode":true,"campfire_choices":[{"data":"Bash","floor":10,"key":"SMITH"},{"floor":12,"key":"REST"},{"data":"Limit Break","floor":15,"key":"SMITH"},{"floor":23,"key":"REST"}],"neow_cost":"NONE","seed_source_timestamp":2201113838877320,"circlet_count":0,"master_deck":["AscendersBane","Strike_R","Strike_R","Strike_R","Strike_R","Defend_R","Defend_R","Defend_R","Defend_R","Bash+1","Armaments","Flex","Flame Barrier","Shrug It Off","Thunderclap","Cleave","Parasite","Clothesline","Limit Break+1","Bash","Cleave","Reaper","Whirlwind","Shrug It Off","Inflame","Heavy Blade","Sword Boomerang+1","Spot Weakness"],"relics":["Burning Blood","NeowsBlessing","Vajra","Boot","Self Forming Clay","Mummified Hand","Orrery"],"potions_floor_usage":[19,21,24],"damage_taken":[{"damage":0,"enemies":"2 Louse","floor":1,"turns":1},{"damage":0,"enemies":"Cultist","floor":4,"turns":1},{"damage":0,"enemies":"Gremlin Nob","floor":6,"turns":1},{"damage":36,"enemies":"3 Sentries","floor":7,"turns":11},{"damage":45,"enemies":"Lagavulin","floor":11,"turns":12},{"damage":0,"enemies":"Small Slimes","floor":14,"turns":3},{"damage":38,"enemies":"The Guardian","floor":16,"turns":15},{"damage":22,"enemies":"Spheric Guardian","floor":18,"turns":4},{"damage":42,"enemies":"2 Thieves","floor":19,"turns":5},{"damage":34,"enemies":"Snake Plant","floor":21,"turns":4},{"damage":56,"enemies":"Gremlin Leader","floor":24,"turns":5}],"seed_played":"2944586691142898357","potions_obtained":[{"floor":11,"key":"Regen Potion"},{"floor":16,"key":"Regen Potion"},{"floor":19,"key":"Weak Potion"}],"is_trial":false,"path_per_floor":["M","?","$","M","$","E","?","?","T","R","E","R","?","M","R","B",null,"M","M","?","M","?","R","E"],"character_chosen":"IRONCLAD","items_purchased":["Flame Barrier"],"campfire_rested":2,"item_purchase_floors":[3],"current_hp_per_floor":[74,74,74,75,75,75,45,63,63,63,24,46,46,52,52,20,61,45,33,33,14,14,36,0],"gold":360,"neow_bonus":"THREE_ENEMY_KILL","is_prod":false,"is_daily":false,"chose_seed":false,"campfire_upgraded":2,"win_rate":0,"timestamp":1563319493,"path_taken":["M","?","$","?","$","E","?","?","T","R","E","R","?","M","R","BOSS","M","?","?","M","?","R","E"],"build_version":"2019-07-05","purchased_purges":0,"victory":false,"max_hp_per_floor":[75,75,75,75,75,75,75,75,75,75,75,75,75,75,75,75,75,75,75,75,75,75,75,75],"card_choices":[{"not_picked":["Pommel Strike","Disarm"],"picked":"Armaments","floor":1},{"not_picked":["Carnage","Sword Boomerang"],"picked":"Shrug It Off","floor":4},{"not_picked":["Reckless Charge","Havoc"],"picked":"Thunderclap","floor":6},{"not_picked":["Sword Boomerang","Fire Breathing"],"picked":"Cleave","floor":7},{"not_picked":["Anger","True Grit"],"picked":"Clothesline","floor":11},{"not_picked":["Sword Boomerang","Flex"],"picked":"Cleave","floor":14},{"not_picked":["Limit Break","Impervious"],"picked":"Reaper","floor":16},{"not_picked":["Clash","Intimidate"],"picked":"Whirlwind","floor":17},{"not_picked":["Flex","Body Slam"],"picked":"Shrug It Off","floor":17},{"not_picked":["Reckless Charge","Warcry"],"picked":"Inflame","floor":17},{"not_picked":["Power Through","Headbutt"],"picked":"Heavy Blade","floor":17},{"not_picked":["Burning Pact","Iron Wave","Disarm"],"picked":"SKIP","floor":18},{"not_picked":["Warcry","Bludgeon"],"picked":"Sword Boomerang+1","floor":19},{"not_picked":["Shockwave","Sword Boomerang"],"picked":"Spot Weakness","floor":21}],"player_experience":459983,"relics_obtained":[{"floor":6,"key":"Vajra"},{"floor":7,"key":"Boot"},{"floor":9,"key":"Self Forming Clay"},{"floor":11,"key":"Mummified Hand"}],"event_choices":[{"damage_healed":0,"gold_gain":0,"cards_transformed":["Strike_R"],"player_choice":"Transformed","damage_taken":0,"max_hp_gain":0,"max_hp_loss":0,"event_name":"Transmorgrifier","floor":2,"gold_loss":0,"cards_obtained":["Flex"]},{"damage_healed":0,"gold_gain":0,"player_choice":"Searched \u00271\u0027 times","damage_taken":0,"max_hp_gain":0,"max_hp_loss":0,"event_name":"Dead Adventurer","floor":7,"gold_loss":0},{"damage_healed":18,"gold_gain":0,"player_choice":"Healed and dodged fight","damage_taken":0,"max_hp_gain":0,"max_hp_loss":0,"event_name":"Mushrooms","floor":8,"gold_loss":0,"cards_obtained":["Parasite"]},{"damage_healed":0,"gold_gain":0,"player_choice":"2 cards matched","damage_taken":0,"max_hp_gain":0,"max_hp_loss":0,"event_name":"Match and Keep!","floor":13,"gold_loss":0,"cards_obtained":["Limit Break","Bash"]},{"damage_healed":0,"gold_gain":50,"player_choice":"Stole From Cult","damage_taken":0,"max_hp_gain":0,"max_hp_loss":0,"event_name":"Nest","floor":20,"gold_loss":0},{"damage_healed":0,"gold_gain":0,"player_choice":"Ignored","damage_taken":0,"max_hp_gain":0,"max_hp_loss":0,"event_name":"Beggar","floor":22,"gold_loss":0}],"is_beta":false,"boss_relics":[{"not_picked":["Pandora\u0027s Box","Coffee Dripper"],"picked":"Orrery"}],"items_purged_floors":[],"is_endless":false,"potions_floor_spawned":[11,16,19],"killed_by":"Gremlin Leader","ascension_level":19}