{"gold_per_floor":[116,37,37,37,37,48,48,66,145,161,173,184,200,159,159,159],"floor_reached":16,"playtime":393,"items_purged":[],"score":188,"play_id":"cadb67b8-b13b-45e9-8154-7a8e1564d315","local_time":"20190720051006","is_ascension_mode":true,"campfire_choices":[{"data":"Spot Weakness","floor":7,"key":"SMITH"},{"floor":15,"key":"REST"}],"neow_cost":"NONE","seed_source_timestamp":2474205983506277,"circlet_count":0,"master_deck":["AscendersBane","Strike_R","Strike_R","Strike_R","Strike_R+1","Strike_R","Defend_R","Defend_R+1","Defend_R","Defend_R","Bash+1","Pommel Strike","Shockwave+1","Spot Weakness+1","Cleave","Armaments","Thunderclap","Flame Barrier"],"relics":["Burning Blood","Frozen Egg 2"],"potions_floor_usage":[16,16],"damage_taken":[{"damage":7,"enemies":"Jaw Worm","floor":1,"turns":3},{"damage":7,"enemies":"Small Slimes","floor":6,"turns":3},{"damage":1,"enemies":"Cultist","floor":8,"turns":3},{"damage":12,"enemies":"2 Fungi Beasts","floor":10,"turns":4},{"damage":6,"enemies":"Looter","floor":11,"turns":3},{"damage":18,"enemies":"Gremlin Gang","floor":12,"turns":4},{"damage":14,"enemies":"Blue Slaver","floor":13,"turns":4},{"damage":56,"enemies":"Hexaghost","floor":16,"turns":11}],"seed_played":"-7958099926408965047","potions_obtained":[{"floor":8,"key":"Dexterity Potion"},{"floor":11,"key":"Swift Potion"}],"is_trial":false,"path_per_floor":["M","$","?","?","?","M","R","M","T","M","M","M","M","?","R","B"],"character_chosen":"IRONCLAD","items_purchased":["Shockwave"],"campfire_rested":1,"item_purchase_floors":[2],"current_hp_per_floor":[67,67,67,72,48,47,47,52,52,46,46,34,26,26,50,0],"gold":159,"neow_bonus":"UPGRADE_CARD","is_prod":false,"is_daily":false,"chose_seed":false,"campfire_upgraded":1,"win_rate":0,"timestamp":1563592206,"path_taken":["M","$","?","?","?","M","R","M","T","?","M","M","M","?","R","BOSS"],"build_version":"2019-07-17","purchased_purges":0,"victory":false,"max_hp_per_floor":[75,75,75,80,80,80,80,80,80,80,80,80,80,80,80,80],"card_choices":[{"not_picked":["Feel No Pain","Fire Breathing"],"picked":"Pommel Strike","floor":1},{"not_picked":["Bloodletting","Flex"],"picked":"Spot Weakness","floor":6},{"not_picked":["Inflame","Clash"],"picked":"Cleave","floor":8},{"not_picked":["Warcry","Bludgeon"],"picked":"Armaments","floor":10},{"not_picked":["Second Wind","True Grit","Evolve+1"],"picked":"SKIP","floor":11},{"not_picked":["Metallicize+1","True Grit"],"picked":"Thunderclap","floor":12},{"not_picked":["True Grit","Ghostly Armor"],"picked":"Flame Barrier","floor":13}],"player_experience":517800,"relics_obtained":[{"floor":9,"key":"Frozen Egg 2"}],"event_choices":[{"damage_healed":0,"gold_gain":0,"player_choice":"Grow","damage_taken":0,"max_hp_gain":0,"max_hp_loss":0,"event_name":"Living Wall","floor":3,"gold_loss":0,"cards_upgraded":["Shockwave"]},{"damage_healed":0,"gold_gain":0,"player_choice":"Donut","damage_taken":0,"max_hp_gain":5,"max_hp_loss":0,"event_name":"Big Fish","floor":4,"gold_loss":0},{"damage_healed":0,"gold_gain":0,"player_choice":"Entered Light","damage_taken":24,"max_hp_gain":0,"max_hp_loss":0,"event_name":"Shining Light","floor":5,"gold_loss":0,"cards_upgraded":["Strike_R","Defend_R"]},{"damage_healed":0,"gold_gain":0,"player_choice":"Left Gold","damage_taken":0,"max_hp_gain":0,"max_hp_loss":0,"event_name":"World of Goop","floor":14,"gold_loss":41}],"is_beta":false,"boss_relics":[],"items_purged_floors":[],"is_endless":false,"potions_floor_spawned":[8,11],"killed_by":"Hexaghost","ascension_level":20}