{"gold_per_floor":[114,125,125,6,6,6,23,35,35,35,45,56,56,69,69,69],"floor_reached":16,"playtime":467,"items_purged":[],"score":188,"play_id":"55b33a56-9f54-4b20-9b03-8cbdf621cae5","local_time":"20190722233917","is_ascension_mode":true,"campfire_choices":[{"data":"Brutality","floor":6,"key":"SMITH"},{"data":"Armaments","floor":10,"key":"SMITH"},{"data":"Bash","floor":15,"key":"SMITH"}],"neow_cost":"NONE","seed_source_timestamp":2713487493720390,"circlet_count":0,"master_deck":["AscendersBane","Strike_R","Strike_R","Strike_R","Strike_R","Defend_R","Defend_R","Defend_R","Defend_R","Bash+1","Cleave","Dropkick","Flame Barrier","Dual Wield","Brutality+1","Armaments+1","Thunderclap","Iron Wave","Sword Boomerang","Shrug It Off"],"relics":["Burning Blood","Orichalcum","Bird Faced Urn","CultistMask"],"potions_floor_usage":[11,11,16],"damage_taken":[{"damage":9,"enemies":"2 Louse","floor":1,"turns":3},{"damage":6,"enemies":"Jaw Worm","floor":2,"turns":2},{"damage":10,"enemies":"Cultist","floor":7,"turns":4},{"damage":11,"enemies":"Blue Slaver","floor":8,"turns":4},{"damage":21,"enemies":"Red Slaver","floor":11,"turns":5},{"damage":2,"enemies":"Lots of Slimes","floor":12,"turns":2},{"damage":2,"enemies":"2 Fungi Beasts","floor":14,"turns":3},{"damage":80,"enemies":"Hexaghost","floor":16,"turns":12}],"seed_played":"2080498146361250057","potions_obtained":[{"floor":2,"key":"GamblersBrew"},{"floor":8,"key":"BloodPotion"},{"floor":12,"key":"Fire Potion"}],"is_trial":false,"path_per_floor":["M","M","?","$","?","R","M","M","T","R","M","M","?","M","R","B"],"character_chosen":"IRONCLAD","items_purchased":["Flame Barrier","Dual Wield"],"campfire_rested":0,"item_purchase_floors":[4,4],"current_hp_per_floor":[65,65,70,70,70,70,66,61,61,61,68,74,74,80,80,0],"gold":69,"neow_bonus":"RANDOM_COMMON_RELIC","is_prod":false,"is_daily":false,"chose_seed":false,"campfire_upgraded":3,"win_rate":0,"timestamp":1563831557,"path_taken":["M","M","?","$","?","R","M","M","T","R","?","M","?","?","R","BOSS"],"build_version":"2019-07-17","purchased_purges":0,"victory":false,"max_hp_per_floor":[75,75,80,80,80,80,80,80,80,80,80,80,80,80,80,80],"card_choices":[{"not_picked":["Headbutt","Sword Boomerang"],"picked":"Cleave","floor":1},{"not_picked":["Heavy Blade","Dual Wield"],"picked":"Dropkick","floor":2},{"not_picked":["Bloodletting","Headbutt"],"picked":"Armaments","floor":7},{"not_picked":["True Grit","Rupture"],"picked":"Thunderclap","floor":8},{"not_picked":["Headbutt","Brutality"],"picked":"Iron Wave","floor":11},{"not_picked":["Havoc","Anger"],"picked":"Sword Boomerang","floor":12},{"not_picked":["Clash","Iron Wave"],"picked":"Shrug It Off","floor":14}],"player_experience":542254,"relics_obtained":[{"floor":9,"key":"Bird Faced Urn"}],"event_choices":[{"damage_healed":0,"gold_gain":0,"player_choice":"Donut","damage_taken":0,"max_hp_gain":5,"max_hp_loss":0,"event_name":"Big Fish","floor":3,"gold_loss":0},{"damage_healed":0,"gold_gain":0,"cards_transformed":["Strike_R"],"player_choice":"Transformed","damage_taken":0,"max_hp_gain":0,"max_hp_loss":0,"event_name":"Transmorgrifier","floor":5,"gold_loss":0,"cards_obtained":["Brutality"]},{"damage_healed":0,"gold_gain":0,"player_choice":"Trade","damage_taken":0,"relics_obtained":["CultistMask"],"max_hp_gain":0,"max_hp_loss":0,"event_name":"FaceTrader","floor":13,"gold_loss":0}],"is_beta":false,"boss_relics":[],"items_purged_floors":[],"is_endless":false,"potions_floor_spawned":[2,8,12],"killed_by":"Hexaghost","ascension_level":20}