{"gold_per_floor":[110,35,46,46,46,73,73,98,98,116,116,134,144,144,144,221,221,232,245,245,257,270,270,295,308,308,22,33,33,33,43,43,43],"floor_reached":33,"playtime":1154,"items_purged":["Normality"],"score":558,"play_id":"c83cdc5f-db2f-495b-ae1b-2af785fd0731","local_time":"20190512031433","is_ascension_mode":true,"campfire_choices":[{"floor":7,"key":"REST"},{"floor":11,"key":"REST"},{"data":"Neutralize","floor":15,"key":"SMITH"},{"floor":23,"key":"REST"},{"data":"Cloak And Dagger","floor":30,"key":"SMITH"},{"data":"Backflip","floor":32,"key":"SMITH"}],"neow_cost":"NONE","seed_source_timestamp":550806131293799,"circlet_count":0,"master_deck":["AscendersBane","Defend_G","Defend_G+1","Defend_G","Defend_G","Defend_G","Strike_G","Strike_G","Strike_G+1","Strike_G","Strike_G","Survivor","Neutralize+1","Doubt","Dash+1","Dagger Throw+1","Envenom+1","Quick Slash+1","Backflip+1","Heel Hook+1","Flying Knee+1","After Image+1","Bane+1","Sucker Punch+1","PiercingWail","Acrobatics","Cloak And Dagger+1","Writhe","Backflip","Dagger Spray+1"],"relics":["Calling Bell","Bag of Marbles","Molten Egg 2","Ginger","Frozen Egg 2","Orichalcum","Question Card","Ornamental Fan","Cursed Key","Nloth\u0027s Gift","Kunai","Ninja Scroll","Pantograph"],"potions_floor_usage":[12,16,16,22,24],"damage_taken":[{"damage":3,"enemies":"Jaw Worm","floor":1,"turns":6},{"damage":3,"enemies":"Cultist","floor":3,"turns":5},{"damage":20,"enemies":"Gremlin Nob","floor":6,"turns":4},{"damage":30,"enemies":"3 Sentries","floor":8,"turns":14},{"damage":0,"enemies":"Small Slimes","floor":10,"turns":2},{"damage":0,"enemies":"Gremlin Gang","floor":12,"turns":3},{"damage":4,"enemies":"Large Slime","floor":13,"turns":5},{"damage":24,"enemies":"Slime Boss","floor":16,"turns":9},{"damage":5,"enemies":"Spheric Guardian","floor":18,"turns":5},{"damage":5,"enemies":"Chosen","floor":19,"turns":4},{"damage":15,"enemies":"Snake Plant","floor":21,"turns":4},{"damage":10,"enemies":"Cultist and Chosen","floor":22,"turns":6},{"damage":2,"enemies":"Gremlin Leader","floor":24,"turns":7},{"damage":8,"enemies":"Snecko","floor":25,"turns":5},{"damage":0,"enemies":"Centurion and Healer","floor":28,"turns":6},{"damage":4,"enemies":"Snake Plant","floor":31,"turns":3},{"damage":67,"enemies":"Champ","floor":33,"turns":16}],"seed_played":"4967102137598147942","potions_obtained":[{"floor":6,"key":"GamblersBrew"},{"floor":10,"key":"Energy Potion"},{"floor":12,"key":"Regen Potion"},{"floor":16,"key":"Weak Potion"},{"floor":19,"key":"Weak Potion"},{"floor":21,"key":"Block Potion"}],"is_trial":false,"path_per_floor":["M","$","M","?","?","E","R","E","T","M","R","M","M","T","R","B",null,"M","M","?","M","M","R","E","M","T","$","M","?","R","M","R","B"],"character_chosen":"THE_SILENT","items_purchased":["Pantograph"],"campfire_rested":3,"item_purchase_floors":[27],"current_hp_per_floor":[56,56,53,33,33,13,32,2,2,2,21,21,17,17,17,8,52,47,42,42,27,17,36,34,26,26,26,26,26,26,22,22,0],"gold":43,"neow_bonus":"BOSS_RELIC","is_prod":false,"is_daily":false,"chose_seed":false,"campfire_upgraded":3,"win_rate":0,"timestamp":1557598473,"path_taken":["M","$","M","?","?","E","R","E","T","M","R","M","?","?","R","BOSS","M","M","?","?","M","R","E","M","T","$","M","?","R","M","R","BOSS"],"build_version":"2019-01-23","purchased_purges":1,"victory":false,"max_hp_per_floor":[66,66,66,66,66,66,66,66,66,66,66,66,66,66,66,66,66,66,66,66,66,66,66,66,66,66,66,66,66,66,66,66,66],"card_choices":[{"not_picked":["Quick Slash+1","Prepared"],"picked":"Dash+1","floor":1},{"not_picked":["Poisoned Stab+1","Tactician"],"picked":"Dagger Throw+1","floor":3},{"not_picked":["Outmaneuver","Concentrate"],"picked":"Envenom","floor":6},{"not_picked":["PiercingWail","Outmaneuver"],"picked":"Quick Slash+1","floor":8},{"not_picked":["Outmaneuver","Blur","Poisoned Stab+1"],"picked":"Backflip","floor":10},{"not_picked":["Quick Slash+1","Night Terror","Acrobatics"],"picked":"Heel Hook+1","floor":12},{"not_picked":["Backflip","Outmaneuver","Dagger Throw+1"],"picked":"Flying Knee+1","floor":13},{"not_picked":["Phantasmal Killer","Night Terror","Tools of the Trade+1"],"picked":"After Image+1","floor":16},{"not_picked":["Acrobatics","Blade Dance","Dodge and Roll"],"picked":"Bane+1","floor":18},{"not_picked":["Endless Agony+1","PiercingWail","Blade Dance"],"picked":"Sucker Punch+1","floor":19},{"not_picked":["Deadly Poison","Choke+1","Skewer+1"],"picked":"PiercingWail","floor":21},{"not_picked":["Prepared","Venomology","Deadly Poison"],"picked":"Acrobatics","floor":22},{"not_picked":["Masterful Stab+1","Underhanded Strike+1","Storm of Steel","Sucker Punch+1"],"picked":"SKIP","floor":24},{"not_picked":["Escape Plan","All Out Attack+1","Deflect"],"picked":"Cloak And Dagger","floor":25},{"not_picked":["Dagger Spray+1","Tactician","Deflect"],"picked":"Backflip","floor":28},{"not_picked":["Flying Knee+1","Bouncing Flask","Underhanded Strike+1"],"picked":"Dagger Spray+1","floor":31}],"player_experience":4995574,"relics_obtained":[{"floor":0,"key":"Bag of Marbles"},{"floor":0,"key":"Molten Egg 2"},{"floor":0,"key":"Ginger"},{"floor":6,"key":"Frozen Egg 2"},{"floor":8,"key":"Orichalcum"},{"floor":9,"key":"Question Card"},{"floor":14,"key":"Ornamental Fan"},{"floor":24,"key":"Kunai"},{"floor":26,"key":"Ninja Scroll"}],"event_choices":[{"damage_healed":0,"gold_gain":0,"player_choice":"Entered Light","damage_taken":20,"max_hp_gain":0,"max_hp_loss":0,"event_name":"Shining Light","floor":4,"gold_loss":0,"cards_upgraded":["Defend_G","Strike_G"]},{"cards_removed":["Doubt"],"damage_healed":0,"gold_gain":0,"player_choice":"Offered Curse","damage_taken":0,"relics_obtained":["Spirit Poop"],"max_hp_gain":0,"max_hp_loss":0,"event_name":"Bonfire Elementals","floor":5,"gold_loss":0},{"damage_healed":0,"gold_gain":0,"player_choice":"Traded Relic","damage_taken":0,"relics_obtained":["Nloth\u0027s Gift"],"max_hp_gain":0,"max_hp_loss":0,"event_name":"N\u0027loth","floor":20,"relics_lost":["Spirit Poop"],"gold_loss":0}],"is_beta":false,"boss_relics":[{"not_picked":["Black Star","Astrolabe"],"picked":"Cursed Key"}],"items_purged_floors":[2],"is_endless":false,"potions_floor_spawned":[6,10,12,13,16,19,21],"killed_by":"Champ","ascension_level":20}