{"gold_per_floor":[365,365,151,151,176,176,197,197,272,307,307],"floor_reached":11,"playtime":135,"items_purged":["Strike_R"],"score":142,"play_id":"dfa52d8d-f3c4-4abd-ab78-804532ff8ac1","local_time":"20190413021613","is_ascension_mode":true,"campfire_choices":[{"data":"Armaments","floor":6,"key":"SMITH"},{"floor":8,"key":"REST"}],"neow_cost":"PERCENT_DAMAGE","seed_source_timestamp":95428263649100,"circlet_count":0,"master_deck":["AscendersBane","Strike_R","Strike_R","Strike_R","Defend_R","Defend_R","Defend_R","Defend_R","Bash","Armaments+1","Flex","Sword Boomerang","Whirlwind"],"relics":["Burning Blood","Golden Idol","Kunai","Blood Vial"],"potions_floor_usage":[],"damage_taken":[{"damage":18,"enemies":"2 Louse","floor":1,"turns":3},{"damage":0,"enemies":"Small Slimes","floor":5,"turns":3},{"damage":1,"enemies":"Cultist","floor":7,"turns":4},{"damage":42,"enemies":"Lagavulin","floor":10,"turns":10},{"damage":4,"enemies":"Exordium Thugs","floor":11,"turns":2}],"seed_played":"167851386553945623","potions_obtained":[{"floor":1,"key":"EssenceOfSteel"},{"floor":10,"key":"SkillPotion"}],"is_trial":false,"path_per_floor":["M","?","$","?","M","R","M","R","T","E","M"],"character_chosen":"IRONCLAD","items_purchased":["Armaments","Flex","Sword Boomerang"],"campfire_rested":1,"item_purchase_floors":[3,3,3],"current_hp_per_floor":[38,12,12,12,18,18,23,45,45,9,7],"gold":307,"neow_bonus":"TWO_FIFTY_GOLD","is_prod":false,"is_daily":false,"chose_seed":false,"campfire_upgraded":1,"win_rate":0,"timestamp":1555089373,"path_taken":["M","?","$","?","M","R","M","R","T","E","M"],"build_version":"2019-01-23","purchased_purges":1,"victory":false,"max_hp_per_floor":[75,75,75,75,75,75,75,75,75,75,75],"card_choices":[{"not_picked":["Rupture","Bloodletting","Pommel Strike"],"picked":"SKIP","floor":1},{"not_picked":["Intimidate","True Grit","Combust"],"picked":"SKIP","floor":5},{"not_picked":["Spot Weakness","Warcry"],"picked":"Whirlwind","floor":7},{"not_picked":["Heavy Blade","Perfected Strike","Burning Pact"],"picked":"SKIP","floor":10}],"player_experience":4770960,"relics_obtained":[{"floor":9,"key":"Kunai"},{"floor":10,"key":"Blood Vial"}],"event_choices":[{"damage_healed":0,"gold_gain":0,"player_choice":"Take Damage","damage_taken":26,"relics_obtained":["Golden Idol"],"max_hp_gain":0,"max_hp_loss":0,"event_name":"Golden Idol","floor":2,"gold_loss":0},{"cards_removed":["Strike_R"],"damage_healed":0,"gold_gain":0,"player_choice":"Forget","damage_taken":0,"max_hp_gain":0,"max_hp_loss":0,"event_name":"Living Wall","floor":4,"gold_loss":0}],"is_beta":false,"boss_relics":[],"items_purged_floors":[3],"is_endless":false,"potions_floor_spawned":[1,10],"killed_by":"Exordium Thugs","ascension_level":20}