{"gold_per_floor":[109,34,44,44,44,78,78,103,126,160,183,216,141,155,155,249,249,270,270,170,194,218,218,236,267,290,165,165,15,15,36,36,129,129,144,168,168,191,207,47,47,106,106,125,125,146,146,173,173,173,173],"floor_reached":52,"playtime":3984,"items_purged":["Strike_G","Defend_G","Strike_G+1","Defend_G+1"],"score":1984,"play_id":"bf81fcf5-b581-4d44-b96e-ca865658a64e","local_time":"20190408031538","is_ascension_mode":true,"campfire_choices":[{"data":"Dagger Spray","floor":7,"key":"SMITH"},{"data":"Neutralize","floor":15,"key":"SMITH"},{"data":"Burst","floor":23,"key":"SMITH"},{"data":"Blade Dance","floor":30,"key":"SMITH"},{"data":"Acrobatics","floor":32,"key":"SMITH"},{"data":"Footwork","floor":41,"key":"SMITH"},{"floor":45,"key":"REST"},{"floor":49,"key":"REST"}],"neow_cost":"NONE","seed_source_timestamp":460235309855300,"circlet_count":0,"master_deck":["AscendersBane","Defend_G+1","Neutralize+1","Dash+1","PiercingWail","Backflip","Terror","Blade Dance+1","Burst+1","Adrenaline","Night Terror+1","Tactician+1","Calculated Gamble+1","Backflip+1","Escape Plan+1","Acrobatics+1","Dagger Throw+1","Blur","Footwork+1"],"relics":["Ring of the Serpent","NeowsBlessing","Golden Idol","War Paint","Pen Nib","Gremlin Horn","Ninja Scroll","Astrolabe","Molten Egg 2","Whetstone","Mummified Hand","Torii","Kunai","Smiling Mask"],"potions_floor_usage":[10,16,18,25,31,42,50,50],"damage_taken":[{"damage":0,"enemies":"Jaw Worm","floor":1,"turns":1},{"damage":0,"enemies":"2 Louse","floor":3,"turns":1},{"damage":0,"enemies":"Gremlin Nob","floor":6,"turns":1},{"damage":0,"enemies":"Small Slimes","floor":8,"turns":2},{"damage":2,"enemies":"3 Sentries","floor":10,"turns":5},{"damage":1,"enemies":"3 Louse","floor":11,"turns":3},{"damage":4,"enemies":"Lagavulin","floor":12,"turns":6},{"damage":0,"enemies":"Exordium Wildlife","floor":14,"turns":3},{"damage":18,"enemies":"The Guardian","floor":16,"turns":16},{"damage":1,"enemies":"Spheric Guardian","floor":18,"turns":5},{"damage":3,"enemies":"Shell Parasite","floor":21,"turns":4},{"damage":1,"enemies":"3 Cultists","floor":22,"turns":5},{"damage":0,"enemies":"Centurion and Healer","floor":24,"turns":6},{"damage":13,"enemies":"Slavers","floor":25,"turns":6},{"damage":0,"enemies":"Cultist and Chosen","floor":31,"turns":2},{"damage":0,"enemies":"Champ","floor":33,"turns":5},{"damage":0,"enemies":"3 Shapes","floor":35,"turns":2},{"damage":0,"enemies":"3 Darklings","floor":36,"turns":3},{"damage":3,"enemies":"Writhing Mass","floor":38,"turns":4},{"damage":1,"enemies":"Maw","floor":39,"turns":3},{"damage":30,"enemies":"2 Orb Walkers","floor":42,"turns":7},{"damage":0,"enemies":"Spire Growth","floor":44,"turns":5},{"damage":0,"enemies":"4 Shapes","floor":46,"turns":7},{"damage":53,"enemies":"Time Eater","floor":50,"turns":47},{"damage":0,"enemies":"Awakened One","floor":51,"turns":24}],"seed_played":"2120917983664427785","potions_obtained":[{"floor":1,"key":"AttackPotion"},{"floor":10,"key":"Explosive Potion"},{"floor":11,"key":"SkillPotion"},{"floor":16,"key":"GhostInAJar"},{"floor":25,"key":"Swift Potion"},{"floor":31,"key":"AttackPotion"},{"floor":33,"key":"Block Potion"},{"floor":39,"key":"Swift Potion"},{"floor":42,"key":"FearPotion"}],"is_trial":false,"path_per_floor":["M","?","M","?","?","E","R","M","T","E","M","E","$","M","R","B",null,"M","?","$","M","M","R","M","E","T","$","?","$","R","M","R","B",null,"M","M","?","M","M","$","R","?","T","M","R","M","?","T","R","B","B",null],"character_chosen":"THE_SILENT","items_purchased":["Blur","Footwork"],"campfire_rested":2,"item_purchase_floors":[40,40],"current_hp_per_floor":[59,59,59,59,59,59,59,59,59,57,56,52,52,52,52,34,54,53,53,53,50,49,49,49,36,36,36,36,36,36,36,36,36,54,54,54,54,51,50,50,50,20,20,20,38,38,38,38,55,2,2],"gold":173,"neow_bonus":"THREE_ENEMY_KILL","is_prod":false,"is_daily":false,"chose_seed":false,"campfire_upgraded":6,"win_rate":0,"timestamp":1554660938,"path_taken":["M","?","M","?","?","E","R","M","T","E","M","E","$","M","R","BOSS","M","?","$","M","M","R","M","E","T","$","?","$","R","M","R","BOSS","M","M","?","M","?","$","R","?","T","M","R","M","?","?","R","BOSS","BOSS"],"build_version":"2019-01-23","purchased_purges":4,"victory":true,"max_hp_per_floor":[66,66,66,60,60,60,60,60,60,60,60,60,60,60,60,60,60,60,60,60,60,60,60,60,60,60,60,60,60,60,60,60,60,60,60,60,60,60,60,60,60,60,60,60,60,60,57,57,57,57,57],"card_choices":[{"not_picked":["Eviscerate","Infinite Blades"],"picked":"Dash","floor":1},{"not_picked":["Deflect","Expertise"],"picked":"Dagger Spray","floor":3},{"not_picked":["Noxious Fumes","Sucker Punch"],"picked":"Backflip","floor":6},{"not_picked":["Poisoned Stab","Dagger Throw"],"picked":"Terror","floor":8},{"not_picked":["Dagger Spray","Outmaneuver"],"picked":"Blade Dance","floor":10},{"not_picked":["Dagger Spray","Catalyst","Slice"],"picked":"SKIP","floor":11},{"not_picked":["Setup","Poisoned Stab","Deadly Poison"],"picked":"SKIP","floor":12},{"not_picked":["Setup","Poisoned Stab","Deadly Poison"],"picked":"SKIP","floor":12},{"not_picked":["Outmaneuver","Heel Hook"],"picked":"Burst","floor":14},{"not_picked":["After Image","A Thousand Cuts"],"picked":"Adrenaline","floor":16},{"not_picked":["Concentrate","PiercingWail"],"picked":"Backflip+1","floor":18},{"not_picked":["Skewer","Bane"],"picked":"Escape Plan+1","floor":21},{"not_picked":["Masterful Stab","Heel Hook","Blade Dance"],"picked":"SKIP","floor":22},{"not_picked":["Catalyst","Slice"],"picked":"Acrobatics","floor":24},{"not_picked":["Bane","PiercingWail"],"picked":"Dagger Throw","floor":25},{"not_picked":["Sucker Punch+1","Crippling Poison","Deadly Poison+1"],"picked":"SKIP","floor":31},{"not_picked":["Concentrate","Prepared","Riddle With Holes+1"],"picked":"SKIP","floor":35},{"not_picked":["Dodge and Roll","Leg Sweep+1","Flechettes+1"],"picked":"SKIP","floor":36},{"not_picked":["Outmaneuver","Cloak And Dagger","Dagger Throw+1"],"picked":"SKIP","floor":38},{"not_picked":["Acrobatics","Heel Hook+1","Cloak And Dagger"],"picked":"SKIP","floor":39},{"not_picked":["Dagger Throw+1","Slice+1","Quick Slash+1"],"picked":"SKIP","floor":44},{"not_picked":["Dodge and Roll","Deadly Poison","Slice+1"],"picked":"SKIP","floor":46}],"player_experience":4726807,"relics_obtained":[{"floor":6,"key":"War Paint"},{"floor":9,"key":"Pen Nib"},{"floor":10,"key":"Gremlin Horn"},{"floor":12,"key":"Ninja Scroll"},{"floor":25,"key":"Molten Egg 2"},{"floor":26,"key":"Whetstone"},{"floor":42,"key":"Torii"},{"floor":43,"key":"Kunai"},{"floor":48,"key":"Smiling Mask"}],"event_choices":[{"cards_removed":["Defend_G"],"damage_healed":0,"gold_gain":0,"player_choice":"Card Removal","damage_taken":0,"max_hp_gain":0,"max_hp_loss":0,"event_name":"The Cleric","floor":2,"gold_loss":75},{"damage_healed":0,"gold_gain":0,"player_choice":"Lose Max HP","damage_taken":0,"relics_obtained":["Golden Idol"],"max_hp_gain":0,"max_hp_loss":6,"event_name":"Golden Idol","floor":4,"gold_loss":0},{"damage_healed":0,"gold_gain":0,"cards_transformed":["Strike_G"],"player_choice":"Change","damage_taken":0,"max_hp_gain":0,"max_hp_loss":0,"event_name":"Living Wall","floor":5,"gold_loss":0,"cards_obtained":["PiercingWail"]},{"damage_healed":0,"gold_gain":0,"player_choice":"Ignored","damage_taken":0,"max_hp_gain":0,"max_hp_loss":0,"event_name":"Vampires","floor":19,"gold_loss":0},{"cards_removed":["Survivor"],"damage_healed":0,"gold_gain":0,"player_choice":"Elegance","damage_taken":0,"max_hp_gain":0,"max_hp_loss":0,"event_name":"Back to Basics","floor":28,"gold_loss":0},{"cards_removed":["Dagger Spray"],"damage_healed":0,"gold_gain":0,"player_choice":"Gave Card","damage_taken":0,"relics_obtained":["Mummified Hand"],"max_hp_gain":0,"max_hp_loss":0,"event_name":"WeMeetAgain","floor":37,"gold_loss":0},{"damage_healed":0,"gold_gain":0,"player_choice":"Fight","damage_taken":0,"max_hp_gain":0,"max_hp_loss":0,"event_name":"Mysterious Sphere","floor":42,"gold_loss":0},{"damage_healed":0,"gold_gain":0,"player_choice":"Max HP","damage_taken":0,"max_hp_gain":0,"max_hp_loss":3,"event_name":"Winding Halls","floor":47,"gold_loss":0}],"is_beta":false,"boss_relics":[{"not_picked":["Runic Pyramid","Tiny House"],"picked":"Astrolabe"},{"not_picked":["Coffee Dripper","Velvet Choker"],"picked":"Ring of the Serpent"}],"items_purged_floors":[13,20,27,29],"is_endless":false,"potions_floor_spawned":[1,10,11,16,25,31,33,35,39,42,46],"ascension_level":20}