{"gold_per_floor":[114,132,132,207,227,227,257,257,257,257,270,74,92,105,105,179,179,191,191,116,127,127,127,127,127,154,18,28,55,55,87,87,161,161,181,56,74,90,90,90,103,120,120,130,130,130,130,146,146,146,146,146,146,8,8],"floor_reached":55,"playtime":1765,"items_purged":["Defend_B","Pain","Strike_B"],"score":1839,"play_id":"08bd932f-b509-4b63-8976-f5ff224892ab","local_time":"20190725010004","is_ascension_mode":true,"campfire_choices":[{"data":"Static Discharge","floor":6.0,"key":"SMITH"},{"data":"Defragment","floor":8.0,"key":"SMITH"},{"floor":15.0,"key":"REST"},{"floor":23.0,"key":"REST"},{"floor":25.0,"key":"REST"},{"floor":30.0,"key":"REST"},{"floor":32.0,"key":"RECALL"},{"data":"Chill","floor":40.0,"key":"SMITH"},{"data":"Dualcast","floor":46.0,"key":"SMITH"},{"data":"Zap","floor":49,"key":"SMITH"},{"data":"Leap","floor":53,"key":"SMITH"}],"neow_cost":"PERCENT_DAMAGE","seed_source_timestamp":54588775711100,"circlet_count":0,"master_deck":["AscendersBane","Strike_B","Strike_B","Defend_B","Defend_B","Defend_B","Zap+1","Dualcast+1","Leap+1","Static Discharge+1","Chill+1","Defragment+1","Conserve Battery+1","FTL","Heatsinks+1","Redo+1","Biased Cognition+1","Genetic Algorithm+1","Storm+1","Hologram+1","Self Repair+1","Coolheaded+1","Turbo+1","Consume+1","Core Surge","Cold Snap","Reinforced Body+1","Steam Power+1","Injury","Coolheaded+1","BootSequence+1","Heatsinks+1"],"special_seed":0,"relics":["Cracked Core","Du-Vu Doll","Toxic Egg 2","Frozen Egg 2","Cursed Key","Enchiridion","Centennial Puzzle","Lantern","Regal Pillow","Inserter"],"potions_floor_usage":[],"damage_taken":[{"damage":7.0,"enemies":"Jaw Worm","floor":1.0,"turns":4.0},{"damage":0.0,"enemies":"2 Louse","floor":2.0,"turns":2.0},{"damage":1.0,"enemies":"Cultist","floor":5.0,"turns":3.0},{"damage":27.0,"enemies":"Gremlin Nob","floor":7.0,"turns":4.0},{"damage":2.0,"enemies":"Lots of Slimes","floor":11.0,"turns":6.0},{"damage":6.0,"enemies":"Red Slaver","floor":13.0,"turns":3.0},{"damage":1.0,"enemies":"Exordium Thugs","floor":14.0,"turns":3.0},{"damage":25.0,"enemies":"The Guardian","floor":16.0,"turns":8.0},{"damage":6.0,"enemies":"Spheric Guardian","floor":18.0,"turns":3.0},{"damage":11.0,"enemies":"3 Byrds","floor":21.0,"turns":2.0},{"damage":9.0,"enemies":"Snake Plant","floor":28.0,"turns":3.0},{"damage":19.0,"enemies":"Book of Stabbing","floor":29.0,"turns":3.0},{"damage":1.0,"enemies":"Gremlin Leader","floor":31.0,"turns":5.0},{"damage":46.0,"enemies":"Champ","floor":33.0,"turns":13.0},{"damage":14.0,"enemies":"3 Shapes","floor":35.0,"turns":3.0},{"damage":0.0,"enemies":"3 Darklings","floor":37.0,"turns":6.0},{"damage":3.0,"enemies":"Jaw Worm Horde","floor":38.0,"turns":4.0},{"damage":0.0,"enemies":"Transient","floor":41.0,"turns":6.0},{"damage":4.0,"enemies":"3 Darklings","floor":42.0,"turns":4.0},{"damage":29.0,"enemies":"Writhing Mass","floor":44.0,"turns":4.0},{"damage":0.0,"enemies":"4 Shapes","floor":48.0,"turns":4.0},{"damage":0,"enemies":"Donu and Deca","floor":50,"turns":11},{"damage":36,"enemies":"Awakened One","floor":51,"turns":25},{"damage":81,"enemies":"Shield and Spear","floor":55,"turns":5}],"seed_played":"-7891115042848051171","potions_obtained":[{"floor":11.0,"key":"LiquidBronze"},{"floor":14.0,"key":"Energy Potion"},{"floor":18.0,"key":"AttackPotion"},{"floor":21.0,"key":"SkillPotion"},{"floor":31.0,"key":"SteroidPotion"},{"floor":33.0,"key":"AttackPotion"},{"floor":42.0,"key":"SteroidPotion"}],"is_trial":false,"path_per_floor":["M","M","?","?","M","R","E","R","T","?","M","$","M","M","R","B",null,"M","?","?","M","?","R","?","R","T","$","M","E","R","E","R","B",null,"M","$","M","M","?","R","M","M","T","M","T","R","$","M","R","B","B",null,"R","$","E"],"character_chosen":"DEFECT","items_purchased":["FTL","Heatsinks+1","Self Repair+1","Heatsinks+1","Energy Potion"],"campfire_rested":4,"item_purchase_floors":[12,12,27,54,54],"current_hp_per_floor":[39,39,62,51,50,50,23,23,23,23,21,21,15,14,35,10,56,50,50,50,39,19,41,20,42,42,42,43,34,56,65,65,29,64,60,60,76,76,76,76,76,76,76,57,57,57,57,67,67,76,50,70,70,70,0],"gold":8,"neow_bonus":"ONE_RARE_RELIC","is_prod":false,"is_daily":false,"chose_seed":false,"campfire_upgraded":6,"win_rate":0,"timestamp":1563984004,"path_taken":["M","M","?","?","M","R","E","R","T","?","?","?","?","M","R","BOSS","M","?","?","M","?","R","?","R","T","?","?","E","R","E","R","BOSS","M","?","M","M","?","R","M","M","T","M","?","R","?","?","R","BOSS","BOSS","R","$","E"],"build_version":"2019-07-17","purchased_purges":3,"victory":false,"max_hp_per_floor":[71,71,71,71,71,71,71,71,71,71,71,71,71,71,71,71,71,71,71,71,71,76,76,76,76,76,76,76,76,76,76,76,76,76,76,76,76,76,76,76,76,76,76,76,76,76,76,76,76,76,76,76,76,76,76],"card_choices":[{"not_picked":["Hologram","Compile Driver"],"picked":"Leap","floor":1.0},{"not_picked":["Auto Shields","Coolheaded"],"picked":"Static Discharge","floor":2.0},{"not_picked":["Stack","Conserve Battery"],"picked":"Chill","floor":5.0},{"not_picked":["Hello World","FTL"],"picked":"Defragment","floor":7.0},{"not_picked":["FTL","Redo+1"],"picked":"Conserve Battery+1","floor":11.0},{"not_picked":["Barrage","Ball Lightning"],"picked":"Redo+1","floor":13.0},{"not_picked":["Streamline","Rebound"],"picked":"Compile Driver","floor":14.0},{"not_picked":["All For One","Thunder Strike"],"picked":"Biased Cognition+1","floor":16.0},{"not_picked":["Leap+1","Redo+1"],"picked":"Genetic Algorithm+1","floor":18.0},{"not_picked":["Doom and Gloom","Aggregate+1"],"picked":"Hologram+1","floor":21.0},{"not_picked":["Leap+1","Stack+1"],"picked":"Coolheaded+1","floor":28.0},{"not_picked":["Beam Cell","Go for the Eyes"],"picked":"Turbo+1","floor":29.0},{"not_picked":["Stack+1","Go for the Eyes"],"picked":"Consume+1","floor":31.0},{"not_picked":["Hyperbeam","Reboot+1"],"picked":"Core Surge","floor":33.0},{"not_picked":["Redo+1","Hologram+1","Gash"],"picked":"SKIP","floor":35.0},{"not_picked":["Darkness+1","Redo+1"],"picked":"Cold Snap","floor":37.0},{"not_picked":["Go for the Eyes","Sunder+1"],"picked":"Reinforced Body+1","floor":38.0},{"not_picked":["Cold Snap","Compile Driver+1"],"picked":"Steam Power+1","floor":41.0},{"not_picked":["Steam+1","Gash+1","Go for the Eyes"],"picked":"SKIP","floor":42.0},{"not_picked":["Streamline+1","Steam+1"],"picked":"Coolheaded+1","floor":44.0},{"not_picked":["Go for the Eyes","Streamline"],"picked":"BootSequence+1","floor":48}],"player_experience":5806771,"relics_obtained":[{"floor":7.0,"key":"Toxic Egg 2"},{"floor":9.0,"key":"Frozen Egg 2"},{"floor":24.0,"key":"Enchiridion"},{"floor":26.0,"key":"Centennial Puzzle"},{"floor":29.0,"key":"Lantern"},{"floor":31.0,"key":"Regal Pillow"}],"event_choices":[{"damage_healed":23.0,"max_hp_gain":0.0,"max_hp_loss":0.0,"gold_gain":0.0,"event_name":"Big Fish","player_choice":"Banana","floor":3.0,"gold_loss":0.0,"damage_taken":0.0},{"damage_healed":0.0,"max_hp_gain":0.0,"max_hp_loss":0.0,"gold_gain":75.0,"event_name":"World of Goop","player_choice":"Gather Gold","floor":4.0,"gold_loss":0.0,"damage_taken":11.0},{"damage_healed":0.0,"max_hp_gain":0.0,"max_hp_loss":0.0,"gold_gain":0.0,"event_name":"Match and Keep!","player_choice":"0 cards matched","floor":10.0,"gold_loss":0.0,"damage_taken":0.0,"cards_obtained":[]},{"damage_healed":0.0,"max_hp_gain":0.0,"max_hp_loss":0.0,"gold_gain":0.0,"event_name":"The Library","player_choice":"Read","floor":19.0,"gold_loss":0.0,"damage_taken":0.0,"cards_obtained":["Storm"]},{"cards_removed":["Strike_B"],"damage_healed":0.0,"max_hp_gain":0.0,"max_hp_loss":0.0,"gold_gain":0.0,"event_name":"Beggar","player_choice":"Gave Gold","floor":20.0,"gold_loss":75.0,"damage_taken":0.0},{"damage_healed":0.0,"max_hp_gain":5.0,"max_hp_loss":0.0,"gold_gain":0.0,"event_name":"Forgotten Altar","player_choice":"Shed Blood","floor":22.0,"gold_loss":0.0,"damage_taken":25.0},{"damage_healed":0.0,"max_hp_gain":0.0,"max_hp_loss":0.0,"gold_gain":0.0,"event_name":"Cursed Tome","player_choice":"Obtained Book","floor":24.0,"gold_loss":0.0,"damage_taken":21.0},{"cards_removed":["Compile Driver"],"damage_healed":0.0,"max_hp_gain":0.0,"max_hp_loss":0.0,"gold_gain":0.0,"event_name":"Falling","player_choice":"Removed Attack","floor":39.0,"gold_loss":0.0,"damage_taken":0.0}],"is_beta":false,"boss_relics":[{"not_picked":["Sozu","Snecko Eye"],"picked":"Cursed Key"},{"not_picked":["Eternal Feather","Coffee Dripper"],"picked":"Inserter"}],"items_purged_floors":[12,27,36],"is_endless":false,"potions_floor_spawned":[11,14,18,21,31,33,42,44],"killed_by":"Shield and Spear","ascension_level":20}