{"gold_per_floor":[113,113,128,53,70,101,101,430,453,465,465,498,498,458,458,458],"floor_reached":16,"playtime":273,"items_purged":["Strike_R"],"score":236,"play_id":"a31ead86-22b4-434e-9458-66de1c0fa8c6","local_time":"20190413024901","is_ascension_mode":true,"campfire_choices":[{"data":"Barricade","floor":7,"key":"SMITH"},{"floor":11,"key":"REST"},{"data":"Inflame","floor":15,"key":"SMITH"}],"neow_cost":"NONE","seed_source_timestamp":97257698880500,"circlet_count":0,"master_deck":["AscendersBane","Strike_R","Strike_R","Strike_R","Strike_R","Defend_R","Defend_R","Defend_R","Defend_R","Bash","Inflame+1","Spot Weakness","Heavy Blade","Power Through","Barricade+1","Feel No Pain","Seeing Red"],"relics":["Burning Blood","PreservedInsect","Red Skull","Old Coin","Omamori","Anchor","Golden Idol"],"potions_floor_usage":[16],"damage_taken":[{"damage":4,"enemies":"Jaw Worm","floor":1,"turns":4},{"damage":10,"enemies":"Small Slimes","floor":3,"turns":4},{"damage":6,"enemies":"2 Louse","floor":5,"turns":4},{"damage":20,"enemies":"Lagavulin","floor":6,"turns":6},{"damage":15,"enemies":"3 Sentries","floor":8,"turns":4},{"damage":6,"enemies":"Large Slime","floor":10,"turns":6},{"damage":6,"enemies":"Lagavulin","floor":12,"turns":8},{"damage":4,"enemies":"Looter","floor":14,"turns":4},{"damage":42,"enemies":"Hexaghost","floor":16,"turns":8}],"seed_played":"1432127620916270755","potions_obtained":[{"floor":6,"key":"Explosive Potion"},{"floor":10,"key":"LiquidBronze"}],"is_trial":false,"path_per_floor":["M","?","M","$","M","E","R","E","T","M","R","E","?","M","R","B"],"character_chosen":"IRONCLAD","items_purchased":[],"campfire_rested":1,"item_purchase_floors":[],"current_hp_per_floor":[70,44,40,40,40,26,26,17,17,17,39,39,39,41,41,0],"gold":458,"neow_bonus":"THREE_CARDS","is_prod":false,"is_daily":false,"chose_seed":false,"campfire_upgraded":2,"win_rate":0,"timestamp":1555091341,"path_taken":["M","?","M","$","M","E","R","E","T","M","R","E","?","M","R","BOSS"],"build_version":"2019-01-23","purchased_purges":1,"victory":false,"max_hp_per_floor":[75,75,75,75,75,75,75,75,75,75,75,75,68,68,68,68],"card_choices":[{"not_picked":["Wild Strike","Bloodletting"],"picked":"Inflame","floor":0},{"not_picked":["Heavy Blade","Dual Wield"],"picked":"Spot Weakness","floor":1},{"not_picked":["Inflame","Pommel Strike"],"picked":"Heavy Blade","floor":3},{"not_picked":["True Grit","Heavy Blade"],"picked":"Power Through","floor":5},{"not_picked":["Headbutt","Pommel Strike"],"picked":"Barricade","floor":6},{"not_picked":["Shrug It Off","Fire Breathing"],"picked":"Feel No Pain","floor":8},{"not_picked":["Havoc","Wild Strike","Perfected Strike"],"picked":"SKIP","floor":10},{"not_picked":["Inflame","Flame Barrier","Uppercut"],"picked":"SKIP","floor":12},{"not_picked":["Headbutt","Body Slam"],"picked":"Seeing Red","floor":14}],"player_experience":4772680,"relics_obtained":[{"floor":6,"key":"Red Skull"},{"floor":8,"key":"Old Coin"},{"floor":9,"key":"Omamori"},{"floor":12,"key":"Anchor"}],"event_choices":[{"damage_healed":0,"gold_gain":0,"player_choice":"Success","damage_taken":26,"relics_obtained":["PreservedInsect"],"max_hp_gain":0,"max_hp_loss":0,"event_name":"Scrap Ooze","floor":2,"gold_loss":0},{"damage_healed":0,"gold_gain":0,"player_choice":"Lose Max HP","damage_taken":0,"relics_obtained":["Golden Idol"],"max_hp_gain":0,"max_hp_loss":7,"event_name":"Golden Idol","floor":13,"gold_loss":0}],"is_beta":false,"boss_relics":[],"items_purged_floors":[4],"is_endless":false,"potions_floor_spawned":[6,10],"killed_by":"Hexaghost","ascension_level":20}