{"gold_per_floor":[113,0,13,27,202,228,228,228,228,256,256,269,294,9,9,112,112,127,137,152,152,163,192,192,207,232,53,72,89,114,132,132,229,229,247,247,263,281,334,334,363,363,417,442,459,459,242,342,342,342],"floor_reached":51,"playtime":4280,"items_purged":["Strike_B","Strike_B","Strike_B"],"score":1078,"play_id":"9c4a8ef7-e384-4bb0-a3fe-4172c6c4c6e4","local_time":"20190714172723","is_ascension_mode":true,"campfire_choices":[{"data":"Zap","floor":8.0,"key":"SMITH"},{"floor":11.0,"key":"REST"},{"data":"Defragment","floor":15.0,"key":"SMITH"},{"floor":24,"key":"REST"},{"data":"Coolheaded","floor":32,"key":"SMITH"},{"data":"Chill","floor":40,"key":"SMITH"},{"floor":46,"key":"REST"},{"floor":49,"key":"REST"}],"neow_cost":"NONE","seed_source_timestamp":179169150079900,"circlet_count":0,"master_deck":["Strike_B","Defend_B","Defend_B","Defend_B","Defend_B","Zap+1","Dualcast","Core Surge","Glacier","Doom and Gloom","Conserve Battery","Beam Cell","Biased Cognition","Electrodynamics","Defragment+1","Biased Cognition","Reinforced Body+1","Coolheaded","Coolheaded+1","Skim","Chill+1","Ball Lightning","Blizzard+1","Go for the Eyes+1","Apotheosis","Cold Snap"],"special_seed":0,"relics":["Cracked Core","Shuriken","Lantern","Anchor","WingedGreaves","ClockworkSouvenir","Sozu","Matryoshka","Blood Vial","Bronze Scales","Girya","Philosopher\u0027s Stone","Nunchaku","Oddly Smooth Stone","Ancient Tea Set","Omamori","Art of War","Smiling Mask","Prayer Wheel"],"potions_floor_usage":[50],"damage_taken":[{"damage":0.0,"enemies":"Small Slimes","floor":1.0,"turns":2.0},{"damage":0.0,"enemies":"2 Louse","floor":3.0,"turns":2.0},{"damage":0.0,"enemies":"Cultist","floor":4.0,"turns":3.0},{"damage":29.0,"enemies":"Lagavulin","floor":6.0,"turns":7.0},{"damage":20.0,"enemies":"3 Sentries","floor":10.0,"turns":5.0},{"damage":0.0,"enemies":"Red Slaver","floor":12.0,"turns":4.0},{"damage":16.0,"enemies":"Lagavulin","floor":13.0,"turns":4.0},{"damage":1,"enemies":"The Guardian","floor":16,"turns":10},{"damage":0,"enemies":"3 Byrds","floor":18,"turns":2},{"damage":0,"enemies":"Chosen","floor":19,"turns":2},{"damage":9,"enemies":"Snake Plant","floor":20,"turns":4},{"damage":7,"enemies":"Centurion and Healer","floor":22,"turns":4},{"damage":0,"enemies":"Gremlin Leader","floor":23,"turns":9},{"damage":21,"enemies":"Sentry and Sphere","floor":25,"turns":4},{"damage":0,"enemies":"Cultist and Chosen","floor":28,"turns":4},{"damage":0,"enemies":"Centurion and Healer","floor":29,"turns":5},{"damage":1,"enemies":"Book of Stabbing","floor":30,"turns":5},{"damage":0,"enemies":"Chosen and Byrds","floor":31,"turns":6},{"damage":0,"enemies":"Automaton","floor":33,"turns":8},{"damage":3,"enemies":"3 Darklings","floor":35,"turns":3},{"damage":0,"enemies":"3 Shapes","floor":37,"turns":3},{"damage":25,"enemies":"Writhing Mass","floor":38,"turns":6},{"damage":0,"enemies":"2 Orb Walkers","floor":39,"turns":6},{"damage":4,"enemies":"Reptomancer","floor":41,"turns":5},{"damage":34,"enemies":"Nemesis","floor":44,"turns":13},{"damage":0,"enemies":"4 Shapes","floor":45,"turns":5},{"damage":0,"enemies":"Mind Bloom Boss Battle","floor":48,"turns":8},{"damage":0,"enemies":"Awakened One","floor":50,"turns":13}],"seed_played":"-2550618157359192549","potions_obtained":[{"floor":3.0,"key":"Energy Potion"},{"floor":4.0,"key":"Block Potion"},{"floor":16,"key":"SteroidPotion"}],"is_trial":false,"path_per_floor":["M","$","M","M","?","E","?","R","T","E","R","M","E","$","R","B",null,"M","M","M","?","M","E","R","M","T","$","M","M","E","M","R","B",null,"M","?","M","M","?","R","E","?","T","E","M","R","$","?","R","B",null],"character_chosen":"DEFECT","items_purchased":["Doom and Gloom","Defragment","ClockworkSouvenir","Skim","Apotheosis"],"campfire_rested":4,"item_purchase_floors":[2,14,14,27,47],"current_hp_per_floor":[75,75,75,75,75,46,46,46,46,26,48,48,32,32,32,31,64,64,64,55,55,48,48,70,49,49,49,51,53,54,56,56,58,71,70,70,72,49,51,51,49,49,49,17,19,41,41,43,65,67],"gold":342,"neow_bonus":"ONE_RANDOM_RARE_CARD","is_prod":false,"is_daily":false,"chose_seed":false,"campfire_upgraded":4,"win_rate":0,"timestamp":1563139643,"path_taken":["M","$","M","M","?","E","?","R","T","E","R","M","E","$","R","BOSS","M","M","M","?","M","E","R","M","T","$","M","?","E","M","R","BOSS","M","?","?","M","?","R","E","?","T","E","?","R","$","?","R","BOSS"],"build_version":"2019-07-05","purchased_purges":3,"victory":true,"max_hp_per_floor":[75,75,75,75,75,75,75,75,75,75,75,75,75,75,75,75,75,75,75,75,75,75,75,75,75,75,75,75,75,75,75,75,75,75,75,75,75,75,75,75,75,75,75,75,75,75,75,75,75,75],"card_choices":[{"not_picked":["Barrage","Gash"],"picked":"Glacier","floor":1.0},{"not_picked":["Loop","Turbo"],"picked":"Conserve Battery","floor":3.0},{"not_picked":["Gash","Sunder"],"picked":"Beam Cell","floor":4.0},{"not_picked":["Force Field","Turbo"],"picked":"Biased Cognition","floor":6.0},{"not_picked":["Coolheaded","Beam Cell"],"picked":"Electrodynamics","floor":10.0},{"not_picked":["Steam","Darkness","Sunder"],"picked":"SKIP","floor":12.0},{"not_picked":["Steam","Streamline","Hologram"],"picked":"SKIP","floor":13.0},{"not_picked":["Electrodynamics","Thunder Strike"],"picked":"Biased Cognition","floor":16},{"not_picked":["Sweeping Beam","Lockon"],"picked":"Reinforced Body+1","floor":18},{"not_picked":["Reinforced Body","Double Energy","Genetic Algorithm+1"],"picked":"SKIP","floor":19},{"not_picked":["Gash","Steam","Beam Cell"],"picked":"SKIP","floor":20},{"not_picked":["Sweeping Beam","Defragment+1"],"picked":"Coolheaded","floor":22},{"not_picked":["Gash+1","Conserve Battery"],"picked":"Coolheaded","floor":23},{"not_picked":["Beam Cell","Sunder","Reinforced Body+1"],"picked":"SKIP","floor":25},{"not_picked":["Compile Driver","Turbo","Streamline"],"picked":"SKIP","floor":28},{"not_picked":["Leap+1","Conserve Battery","Sweeping Beam"],"picked":"SKIP","floor":29},{"not_picked":["Creative AI","Ball Lightning"],"picked":"Chill","floor":30},{"not_picked":["Hologram","Coolheaded"],"picked":"Ball Lightning","floor":31},{"not_picked":["Creative AI","Fission"],"picked":"Machine Learning","floor":33},{"not_picked":["Reinforced Body+1","Go for the Eyes+1","Steam"],"picked":"SKIP","floor":35},{"not_picked":["Tempest","Conserve Battery+1","Turbo"],"picked":"SKIP","floor":37},{"not_picked":["Sweeping Beam","Lockon+1","Glacier+1"],"picked":"SKIP","floor":38},{"not_picked":["Genetic Algorithm","Redo+1"],"picked":"Blizzard+1","floor":39},{"not_picked":["Doom and Gloom+1","Turbo"],"picked":"Go for the Eyes+1","floor":41},{"not_picked":["Redo","Chaos+1","Gash+1"],"picked":"SKIP","floor":44},{"not_picked":["Hologram+1","Loop+1","BootSequence"],"picked":"SKIP","floor":45},{"not_picked":["Coolheaded","Hologram"],"picked":"Cold Snap","floor":48}],"player_experience":213346,"relics_obtained":[{"floor":6.0,"key":"Shuriken"},{"floor":9.0,"key":"Lantern"},{"floor":10.0,"key":"Anchor"},{"floor":13.0,"key":"WingedGreaves"},{"floor":23,"key":"Matryoshka"},{"floor":26,"key":"Blood Vial"},{"floor":26,"key":"Bronze Scales"},{"floor":30,"key":"Girya"},{"floor":39,"key":"Nunchaku"},{"floor":41,"key":"Oddly Smooth Stone"},{"floor":43,"key":"Omamori"},{"floor":43,"key":"Art of War"},{"floor":44,"key":"Smiling Mask"},{"floor":48,"key":"Prayer Wheel"}],"event_choices":[{"damage_healed":0.0,"max_hp_gain":0.0,"max_hp_loss":0.0,"gold_gain":175.0,"event_name":"Liars Game","player_choice":"AGREE","floor":5.0,"gold_loss":0.0,"damage_taken":0.0,"cards_obtained":["Doubt"]},{"cards_removed":["Doubt"],"damage_healed":0.0,"max_hp_gain":0.0,"max_hp_loss":0.0,"gold_gain":0.0,"event_name":"Living Wall","player_choice":"Forget","floor":7.0,"gold_loss":0.0,"damage_taken":0.0},{"damage_healed":0,"gold_gain":0,"player_choice":"Ignored","damage_taken":0,"max_hp_gain":0,"max_hp_loss":0,"event_name":"N\u0027loth","floor":21,"gold_loss":0},{"damage_healed":0,"gold_gain":0,"player_choice":"Got Potions","damage_taken":0,"max_hp_gain":0,"max_hp_loss":0,"event_name":"Lab","floor":36,"gold_loss":0},{"damage_healed":0,"gold_gain":0,"player_choice":"Fight","damage_taken":0,"max_hp_gain":0,"max_hp_loss":0,"event_name":"Mysterious Sphere","floor":39,"gold_loss":0},{"cards_removed":["Machine Learning"],"damage_healed":0,"gold_gain":0,"player_choice":"Gave Card","damage_taken":0,"relics_obtained":["Ancient Tea Set"],"max_hp_gain":0,"max_hp_loss":0,"event_name":"WeMeetAgain","floor":42,"gold_loss":0},{"damage_healed":0,"gold_gain":0,"player_choice":"Fight","damage_taken":0,"max_hp_gain":0,"max_hp_loss":0,"event_name":"MindBloom","floor":48,"gold_loss":0}],"is_beta":false,"boss_relics":[{"not_picked":["Orrery","White Beast Statue"],"picked":"Sozu"},{"not_picked":["Coffee Dripper","Calling Bell"],"picked":"Philosopher\u0027s Stone"}],"items_purged_floors":[2,27,47],"is_endless":false,"potions_floor_spawned":[3,4,16,20,22,23,25,31,37,38,45,48],"ascension_level":5}