{"gold_per_floor":[118,138,213,223,223,254,254,272,296,296,306,340,340,265,265,342,342,360,340,20,30,50,50,67,67,67,67,67,84,98,98,98,177,177,192,207,26,0,0,0,13,24,24,24,35,45,45,80,80,80,80],"floor_reached":51,"playtime":1624,"items_purged":["Strike_G","Strike_G"],"score":1378,"play_id":"d2a77088-90ca-40e2-b1a8-a881113a95d5","local_time":"20190717031443","is_ascension_mode":true,"campfire_choices":[{"floor":7.0,"key":"REST"},{"data":"Bouncing Flask","floor":10.0,"key":"SMITH"},{"data":"Neutralize","floor":15.0,"key":"SMITH"},{"data":"Catalyst","floor":23.0,"key":"SMITH"},{"data":"Footwork","floor":25.0,"key":"SMITH"},{"data":"Noxious Fumes","floor":27.0,"key":"SMITH"},{"floor":32,"key":"REST"},{"floor":40,"key":"RECALL"},{"floor":49,"key":"REST"}],"neow_cost":"NONE","seed_source_timestamp":551168653696700,"circlet_count":0,"master_deck":["AscendersBane","Defend_G+1","Defend_G","Defend_G+1","Survivor","Neutralize+1","Bouncing Flask+1","Dodge and Roll","Footwork+1","Deflect","Backstab","Die Die Die","Die Die Die","Catalyst+1","Noxious Fumes+1","Escape Plan","PiercingWail","Setup","Terror","Deadly Poison","After Image","Poisoned Stab+1","Well Laid Plans","Catalyst+1","Burst","Escape Plan"],"special_seed":0,"relics":["Ring of the Snake","Pen Nib","Vajra","Centennial Puzzle","Empty Cage","Snake Skull","Oddly Smooth Stone","Bag of Preparation","Fusion Hammer","Red Mask","PreservedInsect","Strawberry"],"potions_floor_usage":[30,33,50],"damage_taken":[{"damage":1.0,"enemies":"Small Slimes","floor":1.0,"turns":4.0},{"damage":1.0,"enemies":"2 Louse","floor":2.0,"turns":3.0},{"damage":0.0,"enemies":"Jaw Worm","floor":4.0,"turns":6.0},{"damage":29.0,"enemies":"3 Sentries","floor":6.0,"turns":14.0},{"damage":6.0,"enemies":"Gremlin Gang","floor":8.0,"turns":7.0},{"damage":2.0,"enemies":"Exordium Wildlife","floor":11.0,"turns":5.0},{"damage":0.0,"enemies":"Lagavulin","floor":12.0,"turns":6.0},{"damage":5.0,"enemies":"The Guardian","floor":16.0,"turns":10.0},{"damage":10.0,"enemies":"2 Thieves","floor":18.0,"turns":2.0},{"damage":1.0,"enemies":"Spheric Guardian","floor":21.0,"turns":3.0},{"damage":2.0,"enemies":"Centurion and Healer","floor":22.0,"turns":5.0},{"damage":13.0,"enemies":"3 Cultists","floor":24.0,"turns":5.0},{"damage":8,"enemies":"Cultist and Chosen","floor":29,"turns":6},{"damage":14,"enemies":"Shelled Parasite and Fungi","floor":30,"turns":4},{"damage":24,"enemies":"Automaton","floor":33,"turns":8},{"damage":9,"enemies":"3 Darklings","floor":35,"turns":8},{"damage":0,"enemies":"Orb Walker","floor":36,"turns":2},{"damage":7,"enemies":"Maw","floor":41,"turns":6},{"damage":12,"enemies":"4 Shapes","floor":42,"turns":6},{"damage":0,"enemies":"Jaw Worm Horde","floor":45,"turns":2},{"damage":10,"enemies":"3 Darklings","floor":46,"turns":5},{"damage":8,"enemies":"Nemesis","floor":48,"turns":7},{"damage":37,"enemies":"Time Eater","floor":50,"turns":9},{"damage":3,"enemies":"Awakened One","floor":51,"turns":1}],"seed_played":"1331336812983018924","potions_obtained":[{"floor":1.0,"key":"Block Potion"},{"floor":2.0,"key":"Poison Potion"},{"floor":11.0,"key":"Dexterity Potion"},{"floor":16.0,"key":"FearPotion"},{"floor":18.0,"key":"SpeedPotion"},{"floor":19.0,"key":"Poison Potion"},{"floor":30,"key":"Dexterity Potion"},{"floor":36,"key":"GhostInAJar"},{"floor":42,"key":"Strength Potion"}],"is_trial":false,"path_per_floor":["M","M","?","M","?","E","R","M","T","R","M","E","?","?","R","B",null,"M","?","$","M","M","R","M","R","T","R","?","M","M","T","R","B",null,"M","M","$","?","?","R","M","M","T","?","M","M","$","E","R","B","B"],"character_chosen":"THE_SILENT","items_purchased":["Snake Skull","Noxious Fumes","Well Laid Plans"],"campfire_rested":3,"item_purchase_floors":[20,20,37],"current_hp_per_floor":[64,63,52,52,30,1,22,16,16,16,14,14,14,14,14,9,56,46,46,46,45,43,43,30,30,30,30,30,22,8,8,29,5,55,46,46,46,46,46,46,39,27,27,27,27,17,17,16,39,2,0],"gold":80,"neow_bonus":"TEN_PERCENT_HP_BONUS","is_prod":false,"is_daily":false,"chose_seed":false,"campfire_upgraded":5,"win_rate":0,"timestamp":1563300883,"path_taken":["M","M","?","M","?","E","R","M","T","R","M","E","?","?","R","BOSS","M","?","$","M","?","R","M","R","T","R","?","M","M","?","R","BOSS","M","M","$","?","?","R","M","?","T","?","?","M","$","E","R","BOSS","BOSS"],"build_version":"2019-07-05","purchased_purges":2,"victory":false,"max_hp_per_floor":[72,72,72,72,72,72,72,72,72,72,72,72,72,72,72,72,72,72,72,72,72,72,72,72,72,72,72,72,72,72,72,72,72,72,72,72,72,72,72,72,72,72,72,72,72,72,72,79,79,79,79],"card_choices":[{"not_picked":["Eviscerate","Accuracy"],"picked":"Bouncing Flask","floor":1.0},{"not_picked":["Blade Dance","Eviscerate"],"picked":"Dodge and Roll","floor":2.0},{"not_picked":["Distraction","Poisoned Stab"],"picked":"Masterful Stab","floor":4.0},{"not_picked":["Outmaneuver","Masterful Stab"],"picked":"Footwork","floor":6.0},{"not_picked":["Flying Knee","Caltrops"],"picked":"Deflect","floor":8.0},{"not_picked":["Cloak And Dagger","Dagger Throw"],"picked":"Backstab","floor":11.0},{"not_picked":["Bane","Calculated Gamble"],"picked":"Die Die Die","floor":12.0},{"not_picked":["Storm of Steel","Phantasmal Killer"],"picked":"Die Die Die","floor":16.0},{"not_picked":["Dodge and Roll","Deadly Poison"],"picked":"Catalyst","floor":18.0},{"not_picked":["Poisoned Stab","Riddle With Holes"],"picked":"Escape Plan","floor":21.0},{"not_picked":["Reflex+1","Dodge and Roll"],"picked":"PiercingWail","floor":22.0},{"not_picked":["Acrobatics","Bane","Deflect"],"picked":"SKIP","floor":24.0},{"not_picked":["Cloak And Dagger","Underhanded Strike"],"picked":"Deadly Poison","floor":29},{"not_picked":["Underhanded Strike","Dagger Throw","Bane"],"picked":"SKIP","floor":30},{"not_picked":["Grand Finale","Envenom"],"picked":"After Image","floor":33},{"not_picked":["Blade Dance","Quick Slash","Deflect"],"picked":"SKIP","floor":35},{"not_picked":["Flying Knee","Sucker Punch"],"picked":"Poisoned Stab+1","floor":36},{"not_picked":["Storm of Steel","Quick Slash+1","Endless Agony+1"],"picked":"SKIP","floor":41},{"not_picked":["Prepared","Sucker Punch+1"],"picked":"Catalyst+1","floor":42},{"not_picked":["Outmaneuver","Bouncing Flask","Dagger Spray"],"picked":"SKIP","floor":45},{"not_picked":["Underhanded Strike","Prepared","Slice"],"picked":"SKIP","floor":46},{"not_picked":["Bane+1","Expertise"],"picked":"Escape Plan","floor":48}],"player_experience":5718756,"relics_obtained":[{"floor":6.0,"key":"Pen Nib"},{"floor":9.0,"key":"Vajra"},{"floor":12.0,"key":"Centennial Puzzle"},{"floor":26.0,"key":"Oddly Smooth Stone"},{"floor":31,"key":"Bag of Preparation"},{"floor":48,"key":"Strawberry"}],"event_choices":[{"damage_healed":0.0,"max_hp_gain":0.0,"max_hp_loss":0.0,"gold_gain":75.0,"event_name":"World of Goop","player_choice":"Gather Gold","floor":3.0,"gold_loss":0.0,"damage_taken":11.0},{"damage_healed":0.0,"max_hp_gain":0.0,"max_hp_loss":0.0,"gold_gain":0.0,"event_name":"Shining Light","player_choice":"Entered Light","floor":5.0,"gold_loss":0.0,"damage_taken":22.0,"cards_upgraded":["Defend_G","Defend_G"]},{"damage_healed":0.0,"max_hp_gain":0.0,"max_hp_loss":0.0,"gold_gain":0.0,"event_name":"Scrap Ooze","player_choice":"Fled","floor":13.0,"gold_loss":0.0,"damage_taken":0.0},{"cards_removed":["Defend_G"],"damage_healed":0.0,"max_hp_gain":0.0,"max_hp_loss":0.0,"gold_gain":0.0,"event_name":"The Cleric","player_choice":"Card Removal","floor":14.0,"gold_loss":75.0,"damage_taken":0.0},{"damage_healed":0.0,"max_hp_gain":0.0,"max_hp_loss":0.0,"gold_gain":0.0,"event_name":"The Woman in Blue","player_choice":"Bought 1 Potion","floor":19.0,"gold_loss":0.0,"damage_taken":0.0},{"damage_healed":0.0,"max_hp_gain":0.0,"max_hp_loss":0.0,"gold_gain":0.0,"cards_transformed":["Strike_G","Defend_G"],"event_name":"Drug Dealer","player_choice":"Became Test Subject","floor":28.0,"gold_loss":0.0,"damage_taken":0.0,"cards_obtained":["Setup","Terror"]},{"damage_healed":0,"gold_gain":0,"player_choice":"Paid","damage_taken":0,"relics_obtained":["Red Mask"],"max_hp_gain":0,"max_hp_loss":0,"event_name":"Tomb of Lord Red Mask","floor":38,"gold_loss":26},{"cards_removed":["Masterful Stab"],"damage_healed":0,"gold_gain":0,"player_choice":"Gave Card","damage_taken":0,"relics_obtained":["PreservedInsect"],"max_hp_gain":0,"max_hp_loss":0,"event_name":"WeMeetAgain","floor":39,"gold_loss":0},{"damage_healed":0,"gold_gain":0,"player_choice":"1 cards matched","damage_taken":0,"max_hp_gain":0,"max_hp_loss":0,"event_name":"Match and Keep!","floor":44,"gold_loss":0,"cards_obtained":["Burst"]}],"is_beta":false,"boss_relics":[{"not_picked":["WristBlade","Black Star"],"picked":"Empty Cage"},{"not_picked":["HoveringKite","Eternal Feather"],"picked":"Fusion Hammer"}],"items_purged_floors":[20,37],"is_endless":false,"potions_floor_spawned":[1,2,11,16,18,21,30,36,42],"killed_by":"Awakened One","ascension_level":20}