{"gold_per_floor":[118,137,137,137,154,154,154,154,200,211,211,231,241,241,241,315,315,334,234,149,149],"floor_reached":21,"playtime":490,"items_purged":[],"score":338,"play_id":"7973ee5d-111f-48d4-805b-51fec344b190","local_time":"20190329002609","is_ascension_mode":true,"campfire_choices":[{"data":"Calculated Gamble","floor":6,"key":"SMITH"},{"data":"Neutralize","floor":8,"key":"SMITH"},{"data":"Dagger Throw","floor":11,"key":"SMITH"},{"data":"Night Terror","floor":15,"key":"SMITH"}],"neow_cost":"NONE","seed_source_timestamp":1298156291930400,"circlet_count":0,"master_deck":["AscendersBane","Defend_G","Defend_G+1","Defend_G","Defend_G","Defend_G","Strike_G","Strike_G","Strike_G+1","Strike_G","Strike_G","Survivor","Neutralize+1","Calculated Gamble+1","Underhanded Strike","Calculated Gamble+1","Dagger Throw+1","Night Terror+1","PiercingWail"],"relics":["Ring of the Snake","Dream Catcher","Ornamental Fan","Eternal Feather","Girya"],"potions_floor_usage":[13,16,16],"damage_taken":[{"damage":2,"enemies":"Jaw Worm","floor":1,"turns":5},{"damage":0,"enemies":"2 Louse","floor":2,"turns":3},{"damage":0,"enemies":"Cultist","floor":5,"turns":3},{"damage":0,"enemies":"Looter","floor":10,"turns":3},{"damage":0,"enemies":"Exordium Wildlife","floor":12,"turns":2},{"damage":0,"enemies":"Gremlin Gang","floor":13,"turns":2},{"damage":29,"enemies":"Slime Boss","floor":16,"turns":11},{"damage":39,"enemies":"3 Byrds","floor":18,"turns":12},{"damage":14,"enemies":"2 Thieves","floor":19,"turns":5},{"damage":0,"enemies":"3 Cultists","floor":21,"turns":1}],"seed_played":"2181697871537592600","potions_obtained":[{"floor":1,"key":"Explosive Potion"},{"floor":10,"key":"Weak Potion"},{"floor":13,"key":"FearPotion"}],"is_trial":false,"path_per_floor":["M","M","?","?","M","R","?","R","T","M","R","M","M","T","R","B",null,"M","M","?","M"],"character_chosen":"THE_SILENT","items_purchased":[],"campfire_rested":0,"item_purchase_floors":[],"current_hp_per_floor":[57,57,62,62,62,62,41,41,41,41,41,41,41,41,41,12,56,17,3,3,3],"gold":149,"neow_bonus":"THREE_CARDS","is_prod":false,"is_daily":false,"chose_seed":false,"campfire_upgraded":4,"win_rate":0,"timestamp":1553786769,"path_taken":["M","M","?","?","?","R","?","R","T","M","R","M","M","?","R","BOSS","M","?","?","M"],"build_version":"2019-01-23","purchased_purges":0,"victory":false,"max_hp_per_floor":[66,66,71,71,71,71,71,71,71,71,71,71,71,71,71,71,71,71,71,71,71],"card_choices":[{"not_picked":["Quick Slash","Deadly Poison"],"picked":"Calculated Gamble","floor":0},{"not_picked":["All Out Attack","Masterful Stab"],"picked":"Underhanded Strike","floor":1},{"not_picked":["Deadly Poison","Distraction"],"picked":"Calculated Gamble","floor":2},{"not_picked":["PiercingWail","Blade Dance"],"picked":"Dagger Throw","floor":5},{"not_picked":["Distraction","Deflect","Quick Slash"],"picked":"SKIP","floor":10},{"not_picked":["Crippling Poison","Slice"],"picked":"Night Terror","floor":12},{"not_picked":["Leg Sweep","Poisoned Stab"],"picked":"PiercingWail","floor":13},{"not_picked":["PiercingWail","Cloak And Dagger","Dodge and Roll"],"picked":"SKIP","floor":18},{"not_picked":["Distraction","Crippling Poison","All Out Attack"],"picked":"SKIP","floor":19}],"player_experience":4649233,"relics_obtained":[{"floor":9,"key":"Dream Catcher"},{"floor":14,"key":"Ornamental Fan"}],"event_choices":[{"damage_healed":0,"gold_gain":0,"player_choice":"Donut","damage_taken":0,"max_hp_gain":5,"max_hp_loss":0,"event_name":"Big Fish","floor":3,"gold_loss":0},{"damage_healed":0,"gold_gain":0,"player_choice":"Forge","damage_taken":0,"max_hp_gain":0,"max_hp_loss":0,"event_name":"Accursed Blacksmith","floor":4,"gold_loss":0,"cards_upgraded":["Calculated Gamble"]},{"damage_healed":0,"gold_gain":0,"player_choice":"Entered Light","damage_taken":21,"max_hp_gain":0,"max_hp_loss":0,"event_name":"Shining Light","floor":7,"gold_loss":0,"cards_upgraded":["Strike_G","Defend_G"]},{"damage_healed":0,"gold_gain":0,"player_choice":"Obtained Relic","damage_taken":0,"relics_obtained":["Girya"],"max_hp_gain":0,"max_hp_loss":0,"event_name":"Addict","floor":20,"gold_loss":85}],"is_beta":false,"boss_relics":[{"not_picked":["Ectoplasm","Coffee Dripper"],"picked":"Eternal Feather"}],"items_purged_floors":[],"is_endless":false,"potions_floor_spawned":[1,10,13],"killed_by":"3 Cultists","ascension_level":20}