{"gold_per_floor":[118,138,156,170,170,170,201,201,201,201,232,250,250,274,274,274],"floor_reached":16,"playtime":454,"items_purged":[],"score":224,"play_id":"141f6fc3-3170-4cf2-98b1-9f215973df92","local_time":"20190720022806","is_ascension_mode":true,"campfire_choices":[{"data":"Zap","floor":6,"key":"SMITH"},{"data":"Barrage","floor":8,"key":"SMITH"},{"data":"White Noise","floor":13,"key":"SMITH"},{"data":"Streamline","floor":15,"key":"SMITH"}],"neow_cost":"NONE","seed_source_timestamp":808848796226600,"circlet_count":0,"master_deck":["AscendersBane","Strike_B","Strike_B","Defend_B","Defend_B","Defend_B","Defend_B","Zap+1","Dualcast","Leap","Ball Lightning","Streamline+1","Rip and Tear","Barrage+1","Undo","White Noise+1","Genetic Algorithm"],"relics":["Cracked Core","Art of War","Blood Vial","Golden Idol","Bottled Flame"],"potions_floor_usage":[11,16],"damage_taken":[{"damage":4,"enemies":"2 Louse","floor":1,"turns":2},{"damage":1,"enemies":"Small Slimes","floor":2,"turns":3},{"damage":1,"enemies":"Cultist","floor":3,"turns":3},{"damage":2,"enemies":"Exordium Wildlife","floor":4,"turns":3},{"damage":25,"enemies":"3 Sentries","floor":7,"turns":5},{"damage":20,"enemies":"Lagavulin","floor":11,"turns":5},{"damage":0,"enemies":"Large Slime","floor":12,"turns":4},{"damage":1,"enemies":"3 Louse","floor":14,"turns":2},{"damage":22,"enemies":"Hexaghost","floor":16,"turns":7}],"seed_played":"-8425439646202957764","potions_obtained":[{"floor":2,"key":"Ancient Potion"},{"floor":4,"key":"FearPotion"},{"floor":12,"key":"FearPotion"}],"is_trial":false,"path_per_floor":["M","M","M","M","?","R","E","R","T","?","E","M","R","M","R","B"],"character_chosen":"DEFECT","items_purchased":[],"campfire_rested":0,"item_purchase_floors":[],"current_hp_per_floor":[60,59,58,56,56,56,31,31,31,31,13,15,15,16,16,0],"gold":274,"neow_bonus":"REMOVE_CARD","is_prod":false,"is_daily":false,"chose_seed":false,"campfire_upgraded":4,"win_rate":0,"timestamp":1563557286,"path_taken":["M","M","M","M","?","R","E","R","T","?","E","M","R","M","R","BOSS"],"build_version":"2019-07-17","purchased_purges":0,"victory":false,"max_hp_per_floor":[71,71,71,71,71,71,71,71,71,64,64,64,64,64,64,64],"card_choices":[{"not_picked":["Steam","Stack"],"picked":"Leap","floor":1},{"not_picked":["Coolheaded","Go for the Eyes"],"picked":"Ball Lightning","floor":2},{"not_picked":["Storm","Compile Driver"],"picked":"Streamline","floor":3},{"not_picked":["Scrape","Reprogram"],"picked":"Rip and Tear","floor":4},{"not_picked":["Beam Cell","Reprogram"],"picked":"Undo","floor":7},{"not_picked":["Consume","Streamline","Redo"],"picked":"SKIP","floor":11},{"not_picked":["Rebound","Steam Power"],"picked":"White Noise","floor":12},{"not_picked":["Darkness","Coolheaded"],"picked":"Genetic Algorithm","floor":14}],"player_experience":5755800,"relics_obtained":[{"floor":7,"key":"Art of War"},{"floor":9,"key":"Blood Vial"},{"floor":11,"key":"Bottled Flame"}],"event_choices":[{"damage_healed":0,"gold_gain":0,"cards_transformed":["Strike_B"],"player_choice":"Change","damage_taken":0,"max_hp_gain":0,"max_hp_loss":0,"event_name":"Living Wall","floor":5,"gold_loss":0,"cards_obtained":["Barrage"]},{"damage_healed":0,"gold_gain":0,"player_choice":"Lose Max HP","damage_taken":0,"relics_obtained":["Golden Idol"],"max_hp_gain":0,"max_hp_loss":7,"event_name":"Golden Idol","floor":10,"gold_loss":0}],"is_beta":false,"boss_relics":[],"items_purged_floors":[],"is_endless":false,"potions_floor_spawned":[2,4,12],"killed_by":"Hexaghost","ascension_level":20}