{"gold_per_floor":[118,118,130,149,165,165,185,214,214,214,214,214,4,17,17,110,110,135,158,158,158,9,9,9,9,36,36,54,67,67,67,67,162,162,185,0,0,0,125,169,169,193,193,193,216,216],"floor_reached":46,"playtime":1253,"items_purged":["Strike_R","Decay"],"score":917,"play_id":"20f8d091-83d5-444b-b908-b8ae5f6ccaf7","local_time":"20190627004424","is_ascension_mode":true,"campfire_choices":[{"floor":6,"key":"REST"},{"floor":12,"key":"REST"},{"data":"Apotheosis","floor":15,"key":"SMITH"},{"floor":23,"key":"REST"},{"floor":25,"key":"RECALL"},{"floor":32,"key":"REST"},{"floor":44,"key":"REST"}],"neow_cost":"NONE","seed_source_timestamp":712283907689600,"circlet_count":0,"master_deck":["AscendersBane","Strike_R","Defend_R","Defend_R","Defend_R","Bash","Thunderclap","Pummel","Combust","Pommel Strike","Heavy Blade","Double Tap","Power Through","Apotheosis+1","Dropkick","Feed","RitualDagger","Iron Wave","Juggernaut","Evolve","True Grit","Offering","Battle Trance+1","Feel No Pain","Sword Boomerang","Second Wind","Parasite","Burning Pact"],"relics":["Burning Blood","PreservedInsect","Red Skull","Paper Frog","Vajra","Golden Idol","Cursed Key","Lizard Tail","Du-Vu Doll","Gremlin Horn"],"potions_floor_usage":[5,8,16,28,29,33,33],"damage_taken":[{"damage":14,"enemies":"Jaw Worm","floor":1,"turns":5},{"damage":5,"enemies":"Small Slimes","floor":3,"turns":4},{"damage":11,"enemies":"2 Louse","floor":4,"turns":3},{"damage":24,"enemies":"Large Slime","floor":5,"turns":5},{"damage":3,"enemies":"2 Fungi Beasts","floor":7,"turns":3},{"damage":26,"enemies":"Lagavulin","floor":8,"turns":4},{"damage":0,"enemies":"Exordium Wildlife","floor":14,"turns":2},{"damage":26,"enemies":"Hexaghost","floor":16,"turns":6},{"damage":28,"enemies":"2 Thieves","floor":18,"turns":5},{"damage":6,"enemies":"Shell Parasite","floor":19,"turns":2},{"damage":23,"enemies":"Snake Plant","floor":28,"turns":3},{"damage":0,"enemies":"3 Cultists","floor":29,"turns":4},{"damage":60,"enemies":"Collector","floor":33,"turns":8},{"damage":42,"enemies":"Orb Walker","floor":35,"turns":4},{"damage":8,"enemies":"Mind Bloom Boss Battle","floor":39,"turns":5},{"damage":45,"enemies":"Giant Head","floor":40,"turns":5},{"damage":36,"enemies":"3 Shapes","floor":42,"turns":2},{"damage":15,"enemies":"Writhing Mass","floor":45,"turns":5},{"damage":29,"enemies":"4 Shapes","floor":46,"turns":6}],"seed_played":"-8214617093710600456","potions_obtained":[{"floor":1,"key":"Block Potion"},{"floor":7,"key":"Weak Potion"},{"floor":8,"key":"SteroidPotion"},{"floor":14,"key":"EssenceOfSteel"},{"floor":19,"key":"Poison Potion"},{"floor":28,"key":"Explosive Potion"},{"floor":29,"key":"Explosive Potion"},{"floor":40,"key":"Dexterity Potion"},{"floor":42,"key":"Fire Potion"}],"is_trial":false,"path_per_floor":["M","?","M","M","M","R","M","E","T","?","?","R","$","M","R","B",null,"M","M","?","?","$","R","?","R","T","$","M","M","?","?","R","B",null,"M","$","?","?","?","E","?","M","T","R","M","M"],"character_chosen":"IRONCLAD","items_purchased":["Apotheosis","Evolve","Feel No Pain"],"campfire_rested":5,"item_purchase_floors":[13,22,36],"current_hp_per_floor":[60,60,61,56,38,60,63,43,43,8,8,28,28,34,34,14,55,33,36,30,30,30,51,51,51,51,51,34,40,40,40,61,7,55,19,19,19,19,17,39,39,13,13,34,25,0],"gold":216,"neow_bonus":"RANDOM_COMMON_RELIC","is_prod":false,"is_daily":false,"chose_seed":false,"campfire_upgraded":1,"win_rate":0,"timestamp":1561563864,"path_taken":["M","?","M","M","M","R","M","E","T","?","?","R","?","M","R","BOSS","M","M","?","?","$","R","?","R","T","?","?","M","?","?","R","BOSS","M","$","?","?","?","E","?","M","T","R","M","M"],"build_version":"2019-01-23","purchased_purges":2,"victory":false,"max_hp_per_floor":[75,75,75,75,75,75,75,75,75,75,68,68,68,68,68,68,68,68,71,71,71,71,71,71,71,71,71,71,71,71,71,71,71,71,71,71,67,67,67,67,67,71,71,71,71,71],"card_choices":[{"not_picked":["Sentinel","Clash"],"picked":"Thunderclap","floor":1},{"not_picked":["Burning Pact","Hemokinesis"],"picked":"Combust","floor":3},{"not_picked":["Feel No Pain","Fire Breathing"],"picked":"Pommel Strike","floor":4},{"not_picked":["Thunderclap","Warcry"],"picked":"Heavy Blade","floor":5},{"not_picked":["Shrug It Off","Burning Pact"],"picked":"Double Tap","floor":7},{"not_picked":["Barricade","True Grit"],"picked":"Power Through","floor":8},{"not_picked":["Reckless Charge","Searing Blow"],"picked":"Dropkick","floor":14},{"not_picked":["Limit Break","Juggernaut"],"picked":"Feed","floor":16},{"not_picked":["Pommel Strike","Anger+1","Perfected Strike"],"picked":"SKIP","floor":18},{"not_picked":["Anger","Armaments","Iron Wave"],"picked":"SKIP","floor":19},{"not_picked":["Rampage","Havoc"],"picked":"True Grit","floor":28},{"not_picked":["Fire Breathing","True Grit","Body Slam+1"],"picked":"SKIP","floor":29},{"not_picked":["Berserk","Brutality"],"picked":"Offering","floor":33},{"not_picked":["Twin Strike","Iron Wave"],"picked":"Battle Trance+1","floor":35},{"not_picked":["Evolve","Perfected Strike"],"picked":"Sword Boomerang","floor":39},{"not_picked":["Heavy Blade","Immolate","Double Tap"],"picked":"SKIP","floor":40},{"not_picked":["Heavy Blade","Warcry"],"picked":"Second Wind","floor":42},{"not_picked":["Clash","Body Slam"],"picked":"Burning Pact","floor":45}],"player_experience":5501069,"relics_obtained":[{"floor":8,"key":"Red Skull"},{"floor":9,"key":"Paper Frog"},{"floor":39,"key":"Du-Vu Doll"},{"floor":40,"key":"Gremlin Horn"}],"event_choices":[{"damage_healed":0,"gold_gain":0,"cards_transformed":["Strike_R"],"player_choice":"Change","damage_taken":0,"max_hp_gain":0,"max_hp_loss":0,"event_name":"Living Wall","floor":2,"gold_loss":0,"cards_obtained":["Pummel"]},{"damage_healed":0,"gold_gain":0,"player_choice":"Success","damage_taken":35,"relics_obtained":["Vajra"],"max_hp_gain":0,"max_hp_loss":0,"event_name":"Scrap Ooze","floor":10,"gold_loss":0},{"damage_healed":0,"gold_gain":0,"player_choice":"Lose Max HP","damage_taken":0,"relics_obtained":["Golden Idol"],"max_hp_gain":0,"max_hp_loss":7,"event_name":"Golden Idol","floor":11,"gold_loss":0},{"damage_healed":0,"gold_gain":0,"player_choice":"Joined the Cult","damage_taken":6,"max_hp_gain":0,"max_hp_loss":0,"event_name":"Nest","floor":20,"gold_loss":0,"cards_obtained":["RitualDagger"]},{"damage_healed":0,"gold_gain":0,"cards_transformed":["Strike_R","Strike_R"],"player_choice":"Became Test Subject","damage_taken":0,"max_hp_gain":0,"max_hp_loss":0,"event_name":"Drug Dealer","floor":21,"gold_loss":0,"cards_obtained":["Iron Wave","Juggernaut"]},{"damage_healed":0,"gold_gain":0,"player_choice":"Ignored","damage_taken":0,"max_hp_gain":0,"max_hp_loss":0,"event_name":"Vampires","floor":30,"gold_loss":0},{"damage_healed":0,"gold_gain":0,"player_choice":"Ignored","damage_taken":0,"max_hp_gain":0,"max_hp_loss":0,"event_name":"The Mausoleum","floor":31,"gold_loss":0},{"damage_healed":0,"gold_gain":0,"player_choice":"Max HP","damage_taken":0,"max_hp_gain":0,"max_hp_loss":4,"event_name":"Winding Halls","floor":37,"gold_loss":0},{"cards_removed":["Defend_R"],"damage_healed":0,"gold_gain":0,"player_choice":"Removed Skill","damage_taken":0,"max_hp_gain":0,"max_hp_loss":0,"event_name":"Falling","floor":38,"gold_loss":0},{"damage_healed":0,"gold_gain":0,"player_choice":"Fight","damage_taken":0,"max_hp_gain":0,"max_hp_loss":0,"event_name":"MindBloom","floor":39,"gold_loss":0},{"damage_healed":0,"gold_gain":0,"player_choice":"Ignored","damage_taken":0,"max_hp_gain":0,"max_hp_loss":0,"event_name":"Mysterious Sphere","floor":41,"gold_loss":0}],"is_beta":false,"boss_relics":[{"not_picked":["Orrery","Runic Dome"],"picked":"Cursed Key"},{"not_picked":["Black Star","Tiny House"],"picked":"Lizard Tail"}],"items_purged_floors":[22,36],"is_endless":false,"potions_floor_spawned":[1,7,8,14,19,28,29,40,42],"killed_by":"4 Shapes","ascension_level":20}