{"gold_per_floor":[118,136,61,61,80,80,5,5,58,73,88,88,122,139,139,213,213,225,242,22,48,48,75,75,107,132,132,132,160,172,172,172,244,244,259,270,170,392,408,433,449,461,461,461,475,41,69,83,83,83,83,83,83,83,115,115],"floor_reached":57,"playtime":2540,"items_purged":["Strike_R","Strike_R+1","Anger"],"score":2919,"play_id":"ac382398-80ae-4870-b1c0-cc496b4fb495","local_time":"20190411021509","is_ascension_mode":true,"campfire_choices":[{"data":"Inflame","floor":6,"key":"SMITH"},{"data":"Heavy Blade","floor":8,"key":"SMITH"},{"data":"Armaments","floor":12,"key":"SMITH"},{"data":"Hemokinesis","floor":15,"key":"SMITH"},{"data":"Juggernaut","floor":24,"key":"SMITH"},{"floor":27,"key":"REST"},{"floor":32,"key":"REST"},{"floor":44,"key":"RECALL"},{"floor":49,"key":"REST"},{"data":"Feel No Pain","floor":53,"key":"SMITH"}],"neow_cost":"NONE","seed_source_timestamp":717262548072300,"circlet_count":0,"master_deck":["AscendersBane","Defend_R","Defend_R+1","Defend_R","Defend_R","Bash+1","Inflame+1","Feel No Pain+1","Heavy Blade+1","Shockwave","Armaments+1","Hemokinesis+1","Immolate","Disarm+1","Blood for Blood","Corruption+1","Battle Trance+1","Juggernaut+1","Sentinel","Rage","Body Slam+1","Wild Strike+1","Feed+1","Dark Embrace","Body Slam+1","Armaments+1","Shrug It Off","Wild Strike+1","Impervious"],"relics":["Burning Blood","Pen Nib","Whetstone","Runic Pyramid","Medical Kit","Red Mask","Matryoshka","Blue Candle","Molten Egg 2","Centennial Puzzle","Regal Pillow","Kunai","Anchor","Busted Crown","Bag of Preparation","Membership Card","Happy Flower","War Paint","Bronze Scales","Lantern"],"potions_floor_usage":[11,25,56,56],"damage_taken":[{"damage":4,"enemies":"Jaw Worm","floor":1,"turns":5},{"damage":4,"enemies":"Small Slimes","floor":2,"turns":4},{"damage":1,"enemies":"Cultist","floor":5,"turns":3},{"damage":20,"enemies":"3 Louse","floor":10,"turns":6},{"damage":8,"enemies":"Gremlin Gang","floor":11,"turns":6},{"damage":12,"enemies":"3 Sentries","floor":13,"turns":10},{"damage":0,"enemies":"Large Slime","floor":14,"turns":2},{"damage":32,"enemies":"Slime Boss","floor":16,"turns":10},{"damage":2,"enemies":"Chosen","floor":18,"turns":3},{"damage":19,"enemies":"2 Thieves","floor":19,"turns":3},{"damage":3,"enemies":"Masked Bandits","floor":21,"turns":2},{"damage":13,"enemies":"Gremlin Leader","floor":23,"turns":7},{"damage":38,"enemies":"Slavers","floor":25,"turns":4},{"damage":7,"enemies":"Gremlin Leader","floor":29,"turns":5},{"damage":0,"enemies":"Centurion and Healer","floor":30,"turns":5},{"damage":28,"enemies":"Automaton","floor":33,"turns":7},{"damage":7,"enemies":"Orb Walker","floor":35,"turns":4},{"damage":20,"enemies":"3 Darklings","floor":36,"turns":5},{"damage":0,"enemies":"4 Shapes","floor":39,"turns":4},{"damage":40,"enemies":"Nemesis","floor":40,"turns":5},{"damage":2,"enemies":"Writhing Mass","floor":41,"turns":4},{"damage":3,"enemies":"Transient","floor":42,"turns":6},{"damage":0,"enemies":"Sphere and 2 Shapes","floor":45,"turns":5},{"damage":2,"enemies":"Reptomancer","floor":47,"turns":4},{"damage":0,"enemies":"Spire Growth","floor":48,"turns":2},{"damage":3,"enemies":"Time Eater","floor":50,"turns":4},{"damage":24,"enemies":"Donu and Deca","floor":51,"turns":7},{"damage":14,"enemies":"Shield and Spear","floor":55,"turns":3},{"damage":89,"enemies":"The Heart","floor":56,"turns":7}],"seed_played":"7068245344064034442","potions_obtained":[{"floor":1,"key":"Poison Potion"},{"floor":2,"key":"SpeedPotion"},{"floor":11,"key":"Explosive Potion"},{"floor":29,"key":"SteroidPotion"},{"floor":45,"key":"Dexterity Potion"}],"is_trial":false,"path_per_floor":["M","M","?","?","M","R","$","R","T","M","M","R","E","M","R","B",null,"M","M","$","?","?","E","R","E","T","R","T","E","M","?","R","B",null,"M","M","$","?","M","E","M","M","T","R","M","$","E","M","R","B","B",null,"R","$","E","B",null],"character_chosen":"IRONCLAD","items_purchased":["Medical Kit","Membership Card","Happy Flower","War Paint"],"campfire_rested":3,"item_purchase_floors":[20,46,46,46],"current_hp_per_floor":[77,79,79,79,82,82,82,82,82,68,66,66,60,66,66,40,72,76,63,63,66,66,59,59,27,27,51,51,50,56,56,82,60,77,80,66,66,66,76,46,54,57,57,57,67,67,71,77,102,106,88,102,102,102,94,11],"gold":115,"neow_bonus":"TEN_PERCENT_HP_BONUS","is_prod":false,"is_daily":false,"chose_seed":false,"campfire_upgraded":6,"win_rate":0,"timestamp":1554916509,"path_taken":["M","M","?","?","M","R","$","R","T","M","M","R","E","M","R","BOSS","M","M","$","?","?","E","R","E","T","R","?","E","M","?","R","BOSS","M","M","$","?","M","E","M","M","T","R","M","$","E","M","R","BOSS","BOSS","R","$","E","BOSS"],"build_version":"2019-01-23","purchased_purges":3,"victory":true,"max_hp_per_floor":[82,82,82,82,82,82,82,82,82,82,82,82,82,82,82,82,82,82,82,82,82,82,82,82,82,82,82,82,82,82,82,82,82,82,86,86,86,86,90,94,98,98,98,98,102,102,102,102,102,106,106,106,106,106,106,106],"card_choices":[{"not_picked":["Wild Strike","Flame Barrier"],"picked":"Inflame","floor":1},{"not_picked":["Clash","Burning Pact"],"picked":"Feel No Pain","floor":2},{"not_picked":["Clash","Body Slam"],"picked":"Heavy Blade","floor":5},{"not_picked":["Havoc","Anger"],"picked":"Shockwave","floor":10},{"not_picked":["Cleave","Dark Embrace"],"picked":"Armaments","floor":11},{"not_picked":["Hemokinesis","Body Slam"],"picked":"Anger","floor":13},{"not_picked":["Feel No Pain","Armaments"],"picked":"Hemokinesis","floor":14},{"not_picked":["Double Tap","Offering"],"picked":"Immolate","floor":16},{"not_picked":["Combust","Cleave"],"picked":"Disarm+1","floor":18},{"not_picked":["Rupture","Shockwave+1"],"picked":"Blood for Blood","floor":19},{"not_picked":["Shrug It Off","Reckless Charge"],"picked":"Corruption+1","floor":21},{"not_picked":["Ghostly Armor","Pommel Strike"],"picked":"Juggernaut","floor":23},{"not_picked":["Cleave","Second Wind"],"picked":"Sentinel","floor":25},{"not_picked":["Intimidate","Bloodletting"],"picked":"Rage","floor":29},{"not_picked":["Infernal Blade","Burning Pact"],"picked":"Body Slam+1","floor":30},{"not_picked":["Immolate+1","Fiend Fire+1"],"picked":"Dark Embrace","floor":33},{"not_picked":[],"picked":"Body Slam+1","floor":35},{"not_picked":[],"picked":"Armaments+1","floor":36},{"not_picked":["Sword Boomerang+1"],"picked":"SKIP","floor":39},{"not_picked":["Pommel Strike+1"],"picked":"SKIP","floor":40},{"not_picked":["Havoc"],"picked":"SKIP","floor":41},{"not_picked":[],"picked":"Shrug It Off","floor":42},{"not_picked":[],"picked":"Wild Strike+1","floor":45},{"not_picked":["Sword Boomerang+1"],"picked":"SKIP","floor":47},{"not_picked":[],"picked":"Impervious","floor":48},{"not_picked":["Havoc"],"picked":"SKIP","floor":55},{"not_picked":["Havoc"],"picked":"SKIP","floor":55}],"player_experience":4752169,"relics_obtained":[{"floor":9,"key":"Pen Nib"},{"floor":13,"key":"Whetstone"},{"floor":21,"key":"Red Mask"},{"floor":23,"key":"Matryoshka"},{"floor":25,"key":"Blue Candle"},{"floor":26,"key":"Molten Egg 2"},{"floor":26,"key":"Centennial Puzzle"},{"floor":28,"key":"Regal Pillow"},{"floor":28,"key":"Kunai"},{"floor":29,"key":"Anchor"},{"floor":40,"key":"Bag of Preparation"},{"floor":47,"key":"Bronze Scales"},{"floor":55,"key":"Lantern"}],"event_choices":[{"cards_removed":["Strike_R"],"damage_healed":0,"gold_gain":0,"player_choice":"Card Removal","damage_taken":0,"max_hp_gain":0,"max_hp_loss":0,"event_name":"The Cleric","floor":3,"gold_loss":75},{"damage_healed":0,"gold_gain":0,"player_choice":"Ignored","damage_taken":0,"max_hp_gain":0,"max_hp_loss":0,"event_name":"Liars Game","floor":4,"gold_loss":0},{"damage_healed":0,"gold_gain":0,"player_choice":"Fought Bandits","damage_taken":0,"max_hp_gain":0,"max_hp_loss":0,"event_name":"Masked Bandits","floor":21,"gold_loss":0},{"damage_healed":0,"gold_gain":0,"player_choice":"Read","damage_taken":0,"max_hp_gain":0,"max_hp_loss":0,"event_name":"The Library","floor":22,"gold_loss":0,"cards_obtained":["Battle Trance"]},{"damage_healed":0,"gold_gain":0,"cards_transformed":["Strike_R","Strike_R"],"player_choice":"Became Test Subject","damage_taken":0,"max_hp_gain":0,"max_hp_loss":0,"event_name":"Drug Dealer","floor":31,"gold_loss":0,"cards_obtained":["Wild Strike","Feed"]},{"damage_healed":0,"gold_gain":222,"player_choice":"Wore Mask","damage_taken":0,"max_hp_gain":0,"max_hp_loss":0,"event_name":"Tomb of Lord Red Mask","floor":38,"gold_loss":0}],"is_beta":false,"boss_relics":[{"not_picked":["Black Blood","Lizard Tail"],"picked":"Runic Pyramid"},{"not_picked":["White Beast Statue","Eternal Feather"],"picked":"Busted Crown"}],"items_purged_floors":[7,37,46],"is_endless":false,"potions_floor_spawned":[1,2,11,14,16,19,29,36,45,47],"ascension_level":20}