{"gold_per_floor":[112,132,147,162,182,182,209,209,209,284,342,33,33],"floor_reached":13,"playtime":375,"items_purged":["Strike_B"],"score":170,"play_id":"ad37a3e3-a1c7-4c7f-bd72-aec77b09cf1d","local_time":"20190602001048","is_ascension_mode":true,"campfire_choices":[{"data":"Redo","floor":6.0,"key":"SMITH"},{"data":"Biased Cognition","floor":8,"key":"SMITH"}],"neow_cost":"NONE","seed_source_timestamp":527725252897999,"circlet_count":0,"master_deck":["AscendersBane","Strike_B","Strike_B","Strike_B","Defend_B","Defend_B","Defend_B","Defend_B","Zap","Dualcast","Biased Cognition+1","Chill","Hologram","FTL","Redo+1","Ball Lightning","Compile Driver","Self Repair"],"special_seed":0,"relics":["Cracked Core","Omamori","Mummified Hand","MawBank","DataDisk"],"potions_floor_usage":[7,11],"damage_taken":[{"damage":4.0,"enemies":"Jaw Worm","floor":1.0,"turns":4.0},{"damage":8.0,"enemies":"Small Slimes","floor":2.0,"turns":4.0},{"damage":0.0,"enemies":"Cultist","floor":3.0,"turns":3.0},{"damage":0.0,"enemies":"Lots of Slimes","floor":4.0,"turns":6.0},{"damage":2.0,"enemies":"Exordium Thugs","floor":5.0,"turns":4.0},{"damage":11,"enemies":"Gremlin Nob","floor":7,"turns":3},{"damage":14,"enemies":"Gremlin Nob","floor":11,"turns":4},{"damage":21,"enemies":"Exordium Wildlife","floor":13,"turns":1}],"seed_played":"4071209076143594610","potions_obtained":[{"floor":3.0,"key":"Block Potion"},{"floor":4.0,"key":"Swift Potion"}],"is_trial":false,"path_per_floor":["M","M","M","M","M","R","E","R","T","?","?","$","M"],"character_chosen":"DEFECT","items_purchased":["DataDisk","Self Repair"],"campfire_rested":0,"item_purchase_floors":[12,12],"current_hp_per_floor":[60,52,52,52,50,50,39,39,39,28,14,14,0],"gold":33,"neow_bonus":"ONE_RANDOM_RARE_CARD","is_prod":false,"is_daily":false,"chose_seed":false,"campfire_upgraded":2,"win_rate":0,"timestamp":1559401848,"path_taken":["M","M","M","M","M","R","E","R","T","?","?","$","M"],"build_version":"2019-01-23","purchased_purges":1,"victory":false,"max_hp_per_floor":[71,71,71,71,71,71,71,71,71,71,71,71,71],"card_choices":[{"not_picked":["Leap","Conserve Battery"],"picked":"Chill","floor":1.0},{"not_picked":["Heatsinks","Leap"],"picked":"Hologram","floor":2.0},{"not_picked":["Stack","Chaos"],"picked":"FTL","floor":3.0},{"not_picked":["Hologram","Coolheaded"],"picked":"Redo","floor":4.0},{"not_picked":["Steam Power","Beam Cell"],"picked":"Ball Lightning","floor":5.0},{"not_picked":["Steam","Go for the Eyes","Hello World"],"picked":"SKIP","floor":7},{"not_picked":["Barrage","Fusion"],"picked":"Compile Driver","floor":11}],"player_experience":5239065,"relics_obtained":[{"floor":7,"key":"Omamori"},{"floor":9,"key":"Mummified Hand"},{"floor":11,"key":"MawBank"}],"event_choices":[{"damage_healed":0,"gold_gain":75,"player_choice":"Gather Gold","damage_taken":11,"max_hp_gain":0,"max_hp_loss":0,"event_name":"World of Goop","floor":10,"gold_loss":0},{"damage_healed":0,"gold_gain":0,"player_choice":"Searched \u00272\u0027 times","damage_taken":0,"max_hp_gain":0,"max_hp_loss":0,"event_name":"Dead Adventurer","floor":11,"gold_loss":0}],"is_beta":false,"boss_relics":[],"items_purged_floors":[12],"is_endless":false,"potions_floor_spawned":[3,4,5],"killed_by":"Exordium Wildlife","ascension_level":20}