{"gold_per_floor":[110,130,141,159,159,159,221,244,267,297,242,242,62,72,72,148,148,162,62,62,62,11,11,11],"floor_reached":24,"playtime":622,"items_purged":["Strike_B","Defend_B"],"score":404,"play_id":"d14774dc-ad9b-4580-81d3-2ed4402be2a3","local_time":"20190624022536","is_ascension_mode":true,"campfire_choices":[{"floor":6,"key":"REST"},{"floor":12,"key":"REST"},{"data":"Hologram","floor":15,"key":"SMITH"},{"data":"Zap","floor":23,"key":"SMITH"}],"neow_cost":"PERCENT_DAMAGE","seed_source_timestamp":459781195349700,"circlet_count":0,"master_deck":["AscendersBane","Strike_B","Defend_B","Zap+1","Dualcast","Tempest","Genetic Algorithm","Melter","Glacier","Buffer","Biased Cognition","Rip and Tear","Hologram+1","Core Surge","Glacier","All For One","Doom and Gloom"],"relics":["Cracked Core","Tiny Chest","Anchor","PreservedInsect","Juzu Bracelet","Inserter","Molten Egg 2","The Courier"],"potions_floor_usage":[7,10,16,18],"damage_taken":[{"damage":1,"enemies":"Cultist","floor":1,"turns":4},{"damage":3,"enemies":"Small Slimes","floor":2,"turns":3},{"damage":10,"enemies":"Jaw Worm","floor":3,"turns":4},{"damage":12,"enemies":"2 Fungi Beasts","floor":4,"turns":3},{"damage":28,"enemies":"Gremlin Nob","floor":7,"turns":4},{"damage":10,"enemies":"3 Sentries","floor":10,"turns":5},{"damage":14,"enemies":"Exordium Wildlife","floor":14,"turns":4},{"damage":4,"enemies":"The Guardian","floor":16,"turns":14},{"damage":8,"enemies":"3 Byrds","floor":18,"turns":5},{"damage":47,"enemies":"Gremlin Leader","floor":24,"turns":4}],"seed_played":"1050352536347858005","potions_obtained":[{"floor":2,"key":"EssenceOfSteel"},{"floor":3,"key":"Explosive Potion"},{"floor":7,"key":"Strength Potion"},{"floor":14,"key":"Fire Potion"},{"floor":16,"key":"FearPotion"}],"is_trial":false,"path_per_floor":["M","M","M","M","?","R","E","T","T","E","?","R","$","M","R","B",null,"M","$","?","T","?","R","E"],"character_chosen":"DEFECT","items_purchased":["Rip and Tear","Hologram"],"campfire_rested":2,"item_purchase_floors":[13,13],"current_hp_per_floor":[45,42,32,20,20,41,13,13,13,3,3,24,24,10,10,6,55,47,47,47,47,47,47,0],"gold":11,"neow_bonus":"REMOVE_TWO","is_prod":false,"is_daily":false,"chose_seed":false,"campfire_upgraded":2,"win_rate":0,"timestamp":1561310736,"path_taken":["M","M","M","?","?","R","E","?","T","E","?","R","$","M","R","BOSS","M","$","?","?","?","R","E"],"build_version":"2019-01-23","purchased_purges":2,"victory":false,"max_hp_per_floor":[71,71,71,71,71,71,71,71,71,71,71,71,71,71,71,71,71,71,71,71,71,71,71,71],"card_choices":[{"not_picked":["Barrage","Go for the Eyes"],"picked":"Tempest","floor":1},{"not_picked":["Stack","Cold Snap"],"picked":"Genetic Algorithm","floor":2},{"not_picked":["Turbo","Compile Driver"],"picked":"Melter","floor":3},{"not_picked":["Streamline","Barrage"],"picked":"Glacier","floor":4},{"not_picked":["Streamline","Reprogram"],"picked":"Buffer","floor":7},{"not_picked":["Gash","Streamline"],"picked":"Biased Cognition","floor":10},{"not_picked":["Leap","Loop","Go for the Eyes"],"picked":"SKIP","floor":14},{"not_picked":["Buffer","Fission"],"picked":"Core Surge","floor":16},{"not_picked":["Fusion","Undo"],"picked":"Glacier","floor":18}],"player_experience":5470986,"relics_obtained":[{"floor":7,"key":"Tiny Chest"},{"floor":8,"key":"Anchor"},{"floor":9,"key":"PreservedInsect"},{"floor":10,"key":"Juzu Bracelet"},{"floor":21,"key":"Molten Egg 2"}],"event_choices":[{"damage_healed":0,"gold_gain":0,"player_choice":"Ignored","damage_taken":0,"max_hp_gain":0,"max_hp_loss":0,"event_name":"Liars Game","floor":5,"gold_loss":0},{"damage_healed":0,"gold_gain":0,"player_choice":"Left Gold","damage_taken":0,"max_hp_gain":0,"max_hp_loss":0,"event_name":"World of Goop","floor":11,"gold_loss":55},{"damage_healed":0,"gold_gain":0,"cards_transformed":["Strike_B","Defend_B"],"player_choice":"Became Test Subject","damage_taken":0,"max_hp_gain":0,"max_hp_loss":0,"event_name":"Drug Dealer","floor":20,"gold_loss":0,"cards_obtained":["All For One","Doom and Gloom"]},{"damage_healed":0,"gold_gain":0,"player_choice":"Paid Gold","damage_taken":0,"relics_obtained":["The Courier"],"max_hp_gain":0,"max_hp_loss":0,"event_name":"WeMeetAgain","floor":22,"gold_loss":51}],"is_beta":false,"boss_relics":[{"not_picked":["Orrery","Cursed Key"],"picked":"Inserter"}],"items_purged_floors":[13,19],"is_endless":false,"potions_floor_spawned":[2,3,7,14,16],"killed_by":"Gremlin Leader","ascension_level":20}