{"gold_per_floor":[11,30,40,67,79,91,114,144,156,182,226,188,216,238,250,364,376,399,411,434,459,471,483,48,79,79,79,93,106,23,23],"floor_reached":31,"playtime":3422,"items_purged":[],"score":261,"play_id":"e2cb537b-0023-44de-84b7-17af4e0db19a","local_time":"20190702125318","is_ascension_mode":false,"campfire_choices":[{"data":"Leg Sweep","floor":6,"key":"SMITH"},{"floor":15,"key":"REST"},{"data":"Skewer","floor":23,"key":"SMITH"},{"floor":27,"key":"REST"}],"neow_cost":"NO_GOLD","seed_source_timestamp":11422750925200,"circlet_count":0,"master_deck":["Strike_G","Strike_G","Strike_G","Strike_G","Defend_G","Defend_G","Defend_G","Defend_G","Survivor","Neutralize","Apotheosis","Purity","Poisoned Stab","Leg Sweep+1","Dodge and Roll","Escape Plan","Skewer+1","Calculated Gamble","Dash","Prepared+1","Outmaneuver+1","Envenom","Blade Dance+1","Outmaneuver+1","Deadly Poison+1","Distraction+1","Secret Weapon+1","Escape Plan+1","Backstab","Slice+1","Noxious Fumes+1","Dark Shackles+1"],"relics":["Ring of the Snake","MawBank","Bottled Lightning","Toxic Egg 2","Sozu","HandDrill","Unceasing Top","Potion Belt"],"potions_floor_usage":[16,16,25],"damage_taken":[{"damage":1,"enemies":"Cultist","floor":1,"turns":4},{"damage":0,"enemies":"Jaw Worm","floor":2,"turns":3},{"damage":5,"enemies":"2 Louse","floor":3,"turns":4},{"damage":0,"enemies":"Exordium Thugs","floor":7,"turns":6},{"damage":10,"enemies":"Red Slaver","floor":8,"turns":6},{"damage":4,"enemies":"3 Louse","floor":10,"turns":4},{"damage":12,"enemies":"Gremlin Nob","floor":11,"turns":4},{"damage":5,"enemies":"Exordium Wildlife","floor":13,"turns":2},{"damage":10,"enemies":"Large Slime","floor":14,"turns":6},{"damage":17,"enemies":"Hexaghost","floor":16,"turns":9},{"damage":13,"enemies":"Chosen","floor":18,"turns":5},{"damage":1,"enemies":"Spheric Guardian","floor":20,"turns":7},{"damage":8,"enemies":"Snake Plant","floor":21,"turns":3},{"damage":17,"enemies":"Slavers","floor":25,"turns":8},{"damage":14,"enemies":"Sentry and Sphere","floor":28,"turns":5},{"damage":24,"enemies":"Centurion and Healer","floor":29,"turns":6},{"damage":9,"enemies":"Snecko","floor":31,"turns":3}],"seed_played":"4431299692299307274","potions_obtained":[{"floor":3,"key":"PowerPotion"},{"floor":13,"key":"SteroidPotion"},{"floor":14,"key":"SmokeBomb"},{"floor":16,"key":"Energy Potion"}],"is_trial":false,"path_per_floor":["M","M","M","T","?","R","M","M","T","M","E","?","M","M","R","B",null,"M","?","M","M","?","R","$","E","T","R","M","M","$","M"],"character_chosen":"THE_SILENT","items_purchased":["HandDrill","Secret Weapon+1","Escape Plan+1","Dark Shackles+1"],"campfire_rested":2,"item_purchase_floors":[24,24,24,30],"current_hp_per_floor":[69,69,64,64,57,57,57,47,47,43,31,31,26,16,37,20,70,57,44,43,35,35,35,35,18,18,40,26,2,2,0],"gold":23,"neow_bonus":"RANDOM_COLORLESS_2","is_prod":false,"is_daily":false,"chose_seed":false,"campfire_upgraded":2,"win_rate":0.0,"timestamp":1562089998,"path_taken":["M","M","M","?","?","R","M","M","T","M","E","?","M","?","R","BOSS","M","?","M","M","?","R","$","E","T","R","M","M","?","M"],"build_version":"2019-07-01","purchased_purges":0,"victory":false,"max_hp_per_floor":[70,70,70,70,70,70,70,70,70,70,70,70,70,70,70,70,70,70,75,75,75,75,75,75,75,75,75,75,75,75,75],"card_choices":[{"not_picked":["Leg Sweep","Dagger Throw"],"picked":"Poisoned Stab","floor":1},{"not_picked":["Slice","Deadly Poison"],"picked":"Leg Sweep","floor":2},{"not_picked":["Blade Dance","Dagger Spray"],"picked":"Dodge and Roll","floor":3},{"not_picked":["Dagger Spray","Dodge and Roll"],"picked":"Escape Plan","floor":7},{"not_picked":["Expertise","Deadly Poison"],"picked":"Skewer","floor":8},{"not_picked":["Dagger Spray","All Out Attack"],"picked":"Calculated Gamble","floor":10},{"not_picked":["Riddle With Holes","All Out Attack"],"picked":"Dash","floor":11},{"not_picked":["Deflect+1","Sucker Punch"],"picked":"Prepared+1","floor":13},{"not_picked":["Tools of the Trade","All Out Attack"],"picked":"Outmaneuver+1","floor":14},{"not_picked":["Bullet Time+1","Phantasmal Killer+1"],"picked":"Envenom","floor":16},{"not_picked":["Deadly Poison+1","Dodge and Roll+1"],"picked":"Blade Dance+1","floor":18},{"not_picked":["Dagger Spray","Prepared+1"],"picked":"Outmaneuver+1","floor":20},{"not_picked":["Deflect+1","Underhanded Strike"],"picked":"Deadly Poison+1","floor":21},{"not_picked":["Dodge and Roll+1","Riddle With Holes"],"picked":"Backstab","floor":25},{"not_picked":["Deflect+1","Calculated Gamble+1"],"picked":"Slice+1","floor":28},{"not_picked":["Reflex+1","Dagger Spray"],"picked":"Noxious Fumes+1","floor":29}],"player_experience":19606,"relics_obtained":[{"floor":4,"key":"MawBank"},{"floor":9,"key":"Bottled Lightning"},{"floor":11,"key":"Toxic Egg 2"},{"floor":25,"key":"Unceasing Top"},{"floor":26,"key":"Potion Belt"}],"event_choices":[{"cards_removed":["Defend_G"],"damage_healed":0,"gold_gain":0,"player_choice":"Card Removal","damage_taken":7,"max_hp_gain":0,"max_hp_loss":0,"event_name":"Golden Wing","floor":5,"gold_loss":0},{"cards_removed":["Strike_G"],"damage_healed":0,"gold_gain":0,"player_choice":"Card Removal","damage_taken":0,"max_hp_gain":0,"max_hp_loss":0,"event_name":"The Cleric","floor":12,"gold_loss":50},{"damage_healed":0,"gold_gain":0,"player_choice":"Shed Blood","damage_taken":18,"max_hp_gain":5,"max_hp_loss":0,"event_name":"Forgotten Altar","floor":19,"gold_loss":0},{"damage_healed":0,"gold_gain":0,"player_choice":"Read","damage_taken":0,"max_hp_gain":0,"max_hp_loss":0,"event_name":"The Library","floor":22,"gold_loss":0,"cards_obtained":["Distraction"]}],"is_beta":false,"boss_relics":[{"not_picked":["Runic Dome","Orrery"],"picked":"Sozu"}],"items_purged_floors":[],"is_endless":false,"potions_floor_spawned":[3,13,14,16,25,28,29],"killed_by":"Snecko","ascension_level":0}