{"gold_per_floor":[111,186,186,199,26,26,40,40,118,130,130,130,33,48,48,122,122,134,153,153,153,165,165,176,176,176,176,121,153,165,165,165,242,242,252,252,252,252,0,0,11,39,91,34,34,47,47,62,62,62],"floor_reached":50,"playtime":1929,"items_purged":[],"score":1306,"play_id":"a597c2ba-27a0-4345-a2b7-4d19e5c7fbfc","local_time":"20190723022629","is_ascension_mode":true,"campfire_choices":[{"data":"Bash","floor":6,"key":"SMITH"},{"data":"Shrug It Off","floor":8,"key":"SMITH"},{"data":"Pommel Strike","floor":11,"key":"SMITH"},{"data":"Perfected Strike","floor":15,"key":"SMITH"},{"data":"Barricade","floor":23,"key":"SMITH"},{"data":"Panacea","floor":27,"key":"SMITH"},{"floor":32,"key":"REST"},{"floor":40,"key":"REST"},{"floor":45,"key":"REST"},{"floor":49,"key":"REST"}],"neow_cost":"","seed_source_timestamp":2722057452114956,"circlet_count":0,"master_deck":["AscendersBane","Strike_R","Strike_R","Strike_R","Strike_R","Strike_R","Defend_R","Defend_R","Defend_R","Defend_R","Bash+1","Pommel Strike+1","Shrug It Off+1","Twin Strike","Shrug It Off+1","Panacea+1","Perfected Strike+1","Barricade+1","Body Slam+1","Perfected Strike","Pommel Strike","Flex","Wild Strike+1","Armaments","Impervious","Entrench","Twin Strike","Battle Trance","Shrug It Off+1","Madness","Madness","Intimidate","Body Slam","Flame Barrier","Wild Strike","Burning Pact+1"],"relics":["Burning Blood","FossilizedHelix","Oddly Smooth Stone","Mercury Hourglass","Sozu","Orichalcum","Shuriken","Orrery","Toolbox","Singing Bowl","Anchor","Peace Pipe"],"potions_floor_usage":[16,29],"damage_taken":[{"damage":0,"enemies":"Cultist","floor":1,"turns":3},{"damage":0,"enemies":"Small Slimes","floor":4,"turns":4},{"damage":0,"enemies":"2 Louse","floor":7,"turns":3},{"damage":0,"enemies":"Exordium Thugs","floor":10,"turns":4},{"damage":0,"enemies":"Large Slime","floor":14,"turns":5},{"damage":16,"enemies":"Slime Boss","floor":16,"turns":11},{"damage":8,"enemies":"Shell Parasite","floor":18,"turns":4},{"damage":6,"enemies":"2 Thieves","floor":19,"turns":4},{"damage":0,"enemies":"Centurion and Healer","floor":22,"turns":6},{"damage":0,"enemies":"3 Cultists","floor":24,"turns":5},{"damage":35,"enemies":"Gremlin Leader","floor":29,"turns":7},{"damage":4,"enemies":"Shelled Parasite and Fungi","floor":30,"turns":4},{"damage":0,"enemies":"Colosseum Slavers","floor":31,"turns":4},{"damage":77,"enemies":"Champ","floor":33,"turns":16},{"damage":0,"enemies":"3 Shapes","floor":35,"turns":4},{"damage":0,"enemies":"Orb Walker","floor":41,"turns":2},{"damage":61,"enemies":"Nemesis","floor":42,"turns":11},{"damage":26,"enemies":"Maw","floor":46,"turns":9},{"damage":18,"enemies":"3 Darklings","floor":48,"turns":3},{"damage":48,"enemies":"Donu and Deca","floor":50,"turns":6}],"seed_played":"4392684199752110058","potions_obtained":[],"is_trial":false,"path_per_floor":["M","?","?","M","$","R","M","R","T","M","R","?","$","M","R","B",null,"M","M","?","?","M","R","M","$","T","R","$","E","M","?","R","B",null,"M","?","$","?","$","R","M","E","T","$","R","M","T","M","R","B"],"character_chosen":"IRONCLAD","items_purchased":["FossilizedHelix","Pommel Strike","Regen Potion","Block Potion","Oddly Smooth Stone","Panacea","Flex","Toolbox","Intimidate","Wild Strike"],"campfire_rested":4,"item_purchase_floors":[0,0,0,0,5,13,28,39,39,44],"current_hp_per_floor":[53,42,47,53,53,53,59,59,59,65,65,65,65,71,71,61,72,70,70,49,49,55,55,61,61,61,61,61,47,49,55,79,8,62,68,68,68,54,54,78,80,25,25,25,49,29,29,19,43,0],"gold":62,"neow_bonus":"","is_prod":false,"is_daily":false,"chose_seed":false,"campfire_upgraded":6,"win_rate":0,"timestamp":1563841589,"path_taken":["M","?","?","M","$","R","M","R","T","?","R","?","?","M","R","BOSS","M","M","?","?","M","R","M","?","T","R","$","E","M","?","R","BOSS","M","?","$","?","$","R","M","E","T","?","R","?","?","?","R","BOSS"],"build_version":"2019-07-17","purchased_purges":0,"victory":false,"max_hp_per_floor":[75,75,75,75,75,75,75,75,75,75,75,75,75,75,75,75,75,75,75,80,80,80,80,80,80,80,80,80,80,80,80,80,80,80,80,80,80,80,80,80,80,80,80,80,80,80,80,82,82,82],"card_choices":[{"not_picked":["Entrench","Sword Boomerang"],"picked":"Wild Strike","floor":1},{"not_picked":["Sword Boomerang","Heavy Blade"],"picked":"Shrug It Off","floor":4},{"not_picked":["Cleave","Sword Boomerang"],"picked":"Twin Strike","floor":7},{"not_picked":["Metallicize","Hemokinesis"],"picked":"Shrug It Off","floor":10},{"not_picked":["Headbutt","Clash"],"picked":"Perfected Strike","floor":14},{"not_picked":["Juggernaut","Dark Embrace"],"picked":"Barricade","floor":16},{"not_picked":["Hemokinesis","Iron Wave"],"picked":"Body Slam+1","floor":18},{"not_picked":["Thunderclap","Inflame"],"picked":"Perfected Strike","floor":19},{"not_picked":["Sentinel","Second Wind"],"picked":"Pommel Strike","floor":22},{"not_picked":["Havoc","Headbutt","Combust"],"picked":"SKIP","floor":24},{"not_picked":["Body Slam","Carnage"],"picked":"Wild Strike+1","floor":29},{"not_picked":["Havoc","Heavy Blade"],"picked":"Armaments","floor":30},{"not_picked":["Brutality","Berserk"],"picked":"Impervious","floor":33},{"not_picked":["Body Slam","Wild Strike"],"picked":"Entrench","floor":34},{"not_picked":["Thunderclap","Hemokinesis"],"picked":"Twin Strike","floor":34},{"not_picked":["Clash","Headbutt"],"picked":"Battle Trance","floor":34},{"not_picked":["Shockwave+1","Anger+1"],"picked":"Shrug It Off+1","floor":35},{"not_picked":["Hemokinesis+1","Bloodletting"],"picked":"Body Slam","floor":41},{"not_picked":["Brutality","Feed"],"picked":"Flame Barrier","floor":42},{"not_picked":["Armaments","Anger"],"picked":"Burning Pact+1","floor":46},{"not_picked":["Warcry","Headbutt+1","Anger"],"picked":"Singing Bowl","floor":48}],"player_experience":550671,"relics_obtained":[{"floor":9,"key":"Mercury Hourglass"},{"floor":26,"key":"Orichalcum"},{"floor":29,"key":"Shuriken"},{"floor":42,"key":"Singing Bowl"},{"floor":43,"key":"Anchor"},{"floor":47,"key":"Peace Pipe"}],"event_choices":[{"damage_healed":0,"gold_gain":75,"player_choice":"Gather Gold","damage_taken":11,"max_hp_gain":0,"max_hp_loss":0,"event_name":"World of Goop","floor":2,"gold_loss":0},{"cards_removed":["Wild Strike"],"damage_healed":5,"gold_gain":0,"player_choice":"Offered Common","damage_taken":0,"max_hp_gain":0,"max_hp_loss":0,"event_name":"Bonfire Elementals","floor":3,"gold_loss":0},{"cards_removed":["Wild Strike"],"damage_healed":5,"gold_gain":0,"player_choice":"Offered Special","damage_taken":0,"max_hp_gain":0,"max_hp_loss":0,"event_name":"Bonfire Elementals","floor":3,"gold_loss":0},{"damage_healed":0,"gold_gain":0,"player_choice":"Forge","damage_taken":0,"max_hp_gain":0,"max_hp_loss":0,"event_name":"Accursed Blacksmith","floor":12,"gold_loss":0,"cards_upgraded":["Shrug It Off"]},{"damage_healed":0,"gold_gain":0,"player_choice":"Shed Blood","damage_taken":26,"max_hp_gain":5,"max_hp_loss":0,"event_name":"Forgotten Altar","floor":20,"gold_loss":0},{"damage_healed":0,"gold_gain":0,"player_choice":"Ignored","damage_taken":0,"max_hp_gain":0,"max_hp_loss":0,"event_name":"Beggar","floor":21,"gold_loss":0},{"damage_healed":0,"gold_gain":0,"player_choice":"Fight","damage_taken":0,"max_hp_gain":0,"max_hp_loss":0,"event_name":"Colosseum","floor":31,"gold_loss":0},{"damage_healed":0,"gold_gain":0,"player_choice":"Fled From Nobs","damage_taken":0,"max_hp_gain":0,"max_hp_loss":0,"event_name":"Colosseum","floor":31,"gold_loss":0},{"damage_healed":0,"gold_gain":0,"player_choice":"Ignored","damage_taken":0,"max_hp_gain":0,"max_hp_loss":0,"event_name":"Tomb of Lord Red Mask","floor":36,"gold_loss":0},{"damage_healed":0,"gold_gain":0,"player_choice":"Embrace Madness","damage_taken":14,"max_hp_gain":0,"max_hp_loss":0,"event_name":"Winding Halls","floor":38,"gold_loss":0,"cards_obtained":["Madness","Madness"]}],"is_beta":false,"boss_relics":[{"not_picked":["Runic Pyramid","White Beast Statue"],"picked":"Sozu"},{"not_picked":["Astrolabe","Tiny House"],"picked":"Orrery"}],"items_purged_floors":[],"is_endless":false,"potions_floor_spawned":[4,14,22,30,33,46],"killed_by":"Donu and Deca","ascension_level":20}