{"gold_per_floor":[16,26,26,26,42,42,65,101,127,127,52,12,33,0,0,93,93,111,111,135,135,168,168,68,68,93,93,108,108,108,133,133,133],"floor_reached":33,"playtime":882,"items_purged":["Defend_G","Defend_G"],"score":486,"play_id":"fc61330e-e4eb-43a6-a76d-93832de57596","local_time":"20190510001648","is_ascension_mode":true,"campfire_choices":[{"floor":6.0,"key":"REST"},{"floor":10.0,"key":"REST"},{"data":"A Thousand Cuts","floor":15.0,"key":"SMITH"},{"floor":23.0,"key":"REST"},{"data":"Adrenaline","floor":25.0,"key":"SMITH"},{"data":"Neutralize","floor":27.0,"key":"SMITH"},{"data":"Backflip","floor":30.0,"key":"SMITH"},{"floor":32.0,"key":"REST"}],"neow_cost":"NO_GOLD","seed_source_timestamp":367464982639900,"circlet_count":0,"master_deck":["AscendersBane","Defend_G+1","Defend_G","Strike_G+1","Survivor","Neutralize+1","Grand Finale","A Thousand Cuts+1","Dash","Backflip+1","Acrobatics","Dagger Throw","Escape Plan","Adrenaline+1","Grand Finale","PiercingWail+1","Dash+1","Predator+1","Acrobatics+1"],"special_seed":0,"relics":["Ring of the Snake","Golden Idol","Blood Vial","Anchor","Astrolabe","Red Mask"],"potions_floor_usage":[],"damage_taken":[{"damage":6.0,"enemies":"Small Slimes","floor":1.0,"turns":4.0},{"damage":2.0,"enemies":"Jaw Worm","floor":2.0,"turns":4.0},{"damage":0.0,"enemies":"2 Louse","floor":5.0,"turns":3.0},{"damage":1.0,"enemies":"Looter","floor":7.0,"turns":3.0},{"damage":74.0,"enemies":"Gremlin Nob","floor":8.0,"turns":7.0},{"damage":14.0,"enemies":"Large Slime","floor":13.0,"turns":7.0},{"damage":13.0,"enemies":"Slime Boss","floor":16.0,"turns":8.0},{"damage":0.0,"enemies":"3 Byrds","floor":18.0,"turns":2.0},{"damage":0.0,"enemies":"Shell Parasite","floor":20.0,"turns":2.0},{"damage":49.0,"enemies":"Masked Bandits","floor":22.0,"turns":5.0},{"damage":0.0,"enemies":"Cultist and Chosen","floor":28.0,"turns":4.0},{"damage":3.0,"enemies":"Shelled Parasite and Fungi","floor":31.0,"turns":4.0},{"damage":71,"enemies":"Champ","floor":33,"turns":11}],"seed_played":"3180918726807891767","potions_obtained":[{"floor":1.0,"key":"FairyPotion"},{"floor":8.0,"key":"SpeedPotion"},{"floor":20.0,"key":"PowerPotion"},{"floor":28.0,"key":"SteroidPotion"},{"floor":29.0,"key":"Block Potion"}],"is_trial":false,"path_per_floor":["M","M","?","?","M","R","M","E","T","R","$","$","M","?","R","B",null,"M","?","M","?","?","R","$","R","T","R","M","?","R","M","R","B"],"character_chosen":"THE_SILENT","items_purchased":["Escape Plan"],"campfire_rested":4,"item_purchase_floors":[12],"current_hp_per_floor":[53,51,31,31,31,49,48,6,6,24,24,24,12,12,12,1,45,47,59,60,60,11,29,29,29,29,29,31,31,31,30,48,0],"gold":133,"neow_bonus":"TRANSFORM_TWO_CARDS","is_prod":false,"is_daily":false,"chose_seed":false,"campfire_upgraded":4,"win_rate":0,"timestamp":1557415008,"path_taken":["M","M","?","?","M","R","M","E","T","R","?","$","M","?","R","BOSS","M","?","M","?","?","R","$","R","T","R","M","?","R","M","R","BOSS"],"build_version":"2019-01-23","purchased_purges":2,"victory":false,"max_hp_per_floor":[66,66,66,60,60,60,60,60,60,60,60,60,60,60,60,60,60,60,60,60,60,60,60,60,60,60,60,60,60,60,60,60,60],"card_choices":[{"not_picked":["PiercingWail","Dagger Spray"],"picked":"Dash","floor":1.0},{"not_picked":["Dagger Spray","Bouncing Flask"],"picked":"Backflip","floor":2.0},{"not_picked":["Dodge and Roll","Flying Knee","Underhanded Strike"],"picked":"SKIP","floor":5.0},{"not_picked":["Dodge and Roll","Dagger Spray"],"picked":"Acrobatics","floor":7.0},{"not_picked":["Catalyst","Masterful Stab"],"picked":"Dagger Throw","floor":8.0},{"not_picked":["Sucker Punch","Outmaneuver"],"picked":"Adrenaline","floor":13.0},{"not_picked":["Night Terror","Venomology"],"picked":"Grand Finale","floor":16.0},{"not_picked":["Heel Hook","Poisoned Stab"],"picked":"Acrobatics+1","floor":18.0},{"not_picked":["Deadly Poison","Sucker Punch","PiercingWail"],"picked":"SKIP","floor":20.0},{"not_picked":["Slice","Sucker Punch","Outmaneuver"],"picked":"SKIP","floor":28.0},{"not_picked":["Cloak And Dagger","Dagger Throw","Blade Dance"],"picked":"SKIP","floor":31.0}],"player_experience":4963026,"relics_obtained":[{"floor":8.0,"key":"Blood Vial"},{"floor":9.0,"key":"Anchor"},{"floor":22.0,"key":"Red Mask"}],"event_choices":[{"damage_healed":0.0,"max_hp_gain":0.0,"max_hp_loss":0.0,"gold_gain":0.0,"event_name":"Shining Light","player_choice":"Entered Light","floor":3.0,"gold_loss":0.0,"damage_taken":20.0,"cards_upgraded":["Strike_G","Defend_G"]},{"damage_healed":0.0,"max_hp_gain":0.0,"max_hp_loss":6.0,"gold_gain":0.0,"event_name":"Golden Idol","player_choice":"Lose Max HP","floor":4.0,"gold_loss":0.0,"damage_taken":0.0,"relics_obtained":["Golden Idol"]},{"damage_healed":0.0,"max_hp_gain":0.0,"max_hp_loss":0.0,"gold_gain":0.0,"event_name":"World of Goop","player_choice":"Left Gold","floor":14.0,"gold_loss":33.0,"damage_taken":0.0},{"damage_healed":12.0,"max_hp_gain":0.0,"max_hp_loss":0.0,"gold_gain":0.0,"event_name":"The Library","player_choice":"Heal","floor":19.0,"gold_loss":0.0,"damage_taken":0.0},{"damage_healed":0.0,"max_hp_gain":0.0,"max_hp_loss":0.0,"gold_gain":0.0,"event_name":"Masked Bandits","player_choice":"Fought Bandits","floor":22.0,"gold_loss":0.0,"damage_taken":0.0},{"damage_healed":0.0,"max_hp_gain":0.0,"max_hp_loss":0.0,"gold_gain":0.0,"event_name":"Lab","player_choice":"Got Potions","floor":29.0,"gold_loss":0.0,"damage_taken":0.0}],"is_beta":false,"boss_relics":[{"not_picked":["Eternal Feather","Coffee Dripper"],"picked":"Astrolabe"}],"items_purged_floors":[11,24],"is_endless":false,"potions_floor_spawned":[1,8,20,28],"killed_by":"Champ","ascension_level":20}