{"gold_per_floor":[109,122,136,151,151,151,161,161,188,188,222,222,235,235,235,310,310,324,324,324,324,15,15,26,26,52,69,69,69,92,92],"floor_reached":31,"playtime":731,"items_purged":[],"score":591,"play_id":"804f4ba6-9965-4d76-b1eb-43d7aa380bf4","local_time":"20190507014438","is_ascension_mode":true,"campfire_choices":[{"data":"Cloak And Dagger","floor":6.0,"key":"SMITH"},{"floor":10.0,"key":"REST"},{"data":"Bouncing Flask","floor":12.0,"key":"SMITH"},{"floor":15.0,"key":"REST"},{"data":"Accuracy","floor":23.0,"key":"SMITH"},{"data":"After Image","floor":25.0,"key":"SMITH"}],"neow_cost":"NONE","seed_source_timestamp":113790728401100,"circlet_count":0,"master_deck":["AscendersBane","Defend_G+1","Defend_G+1","Defend_G+1","Defend_G+1","Defend_G+1","Survivor","Neutralize","Cloak And Dagger+1","PiercingWail","Backstab","Bouncing Flask+1","Bouncing Flask","Dagger Spray","After Image+1","Writhe","Shame","Writhe","Backflip","Accuracy+1","Mind Blast","Sword Boomerang+1","Necronomicurse","Bite","Bite","Bite","Bite","Bite"],"special_seed":0,"relics":["Ring of the Snake","Art of War","Oddly Smooth Stone","Mummified Hand","Calling Bell","Orichalcum","Pantograph","Torii","PrismaticShard","Bag of Preparation","Necronomicon","Boot"],"potions_floor_usage":[],"damage_taken":[{"damage":9.0,"enemies":"Cultist","floor":1.0,"turns":6.0},{"damage":0.0,"enemies":"2 Louse","floor":2.0,"turns":3.0},{"damage":33.0,"enemies":"Jaw Worm","floor":3.0,"turns":13.0},{"damage":11.0,"enemies":"Exordium Wildlife","floor":4.0,"turns":4.0},{"damage":27.0,"enemies":"Large Slime","floor":7.0,"turns":10.0},{"damage":11.0,"enemies":"Gremlin Nob","floor":11.0,"turns":3.0},{"damage":1.0,"enemies":"3 Louse","floor":13.0,"turns":2.0},{"damage":16.0,"enemies":"The Guardian","floor":16.0,"turns":9.0},{"damage":22.0,"enemies":"Shell Parasite","floor":18.0,"turns":6.0},{"damage":22.0,"enemies":"3 Byrds","floor":24.0,"turns":7.0},{"damage":32.0,"enemies":"3 Cultists","floor":27.0,"turns":6.0},{"damage":0,"enemies":"Snecko","floor":31,"turns":2}],"seed_played":"3857645350124039042","potions_obtained":[{"floor":1.0,"key":"Swift Potion"},{"floor":2.0,"key":"FearPotion"},{"floor":18.0,"key":"Energy Potion"},{"floor":24.0,"key":"Swift Potion"},{"floor":27.0,"key":"LiquidBronze"}],"is_trial":false,"path_per_floor":["M","M","M","M","?","R","M","?","T","R","E","R","M","T","R","B",null,"M","?","?","?","$","R","M","R","T","M","?","?","T","M"],"character_chosen":"THE_SILENT","items_purchased":["PrismaticShard","Accuracy"],"campfire_rested":2,"item_purchase_floors":[22,22],"current_hp_per_floor":[56,56,23,12,36,36,9,9,9,30,19,19,18,18,39,23,60,38,38,38,82,82,82,60,60,60,28,7,7,7,11],"gold":92,"neow_bonus":"TEN_PERCENT_HP_BONUS","is_prod":false,"is_daily":false,"chose_seed":false,"campfire_upgraded":4,"win_rate":0,"timestamp":1557161078,"path_taken":["M","M","M","M","?","R","M","?","T","R","E","R","M","?","R","BOSS","M","?","?","?","$","R","M","R","T","?","?","?","?","M"],"build_version":"2019-01-23","purchased_purges":0,"victory":false,"max_hp_per_floor":[72,72,72,72,72,72,72,72,72,72,72,72,72,72,72,72,72,72,72,72,82,82,82,82,82,82,82,82,57,57,57],"card_choices":[{"not_picked":["Backflip","Eviscerate"],"picked":"Cloak And Dagger","floor":1.0},{"not_picked":["Deflect","Catalyst"],"picked":"PiercingWail","floor":2.0},{"not_picked":["Footwork","Bane"],"picked":"Backstab","floor":3.0},{"not_picked":["Backflip","Choke"],"picked":"Bouncing Flask","floor":4.0},{"not_picked":["Deflect","Acrobatics"],"picked":"Bouncing Flask","floor":7.0},{"not_picked":["Escape Plan","Accuracy"],"picked":"Dagger Spray","floor":11.0},{"not_picked":["Dagger Spray","Underhanded Strike"],"picked":"Doppelganger","floor":13.0},{"not_picked":["Unload","Bullet Time"],"picked":"After Image","floor":16.0},{"not_picked":["Slice","Quick Slash","Caltrops"],"picked":"SKIP","floor":18.0},{"not_picked":["Deflect","Acrobatics"],"picked":"Mind Blast","floor":24.0},{"not_picked":["Headbutt","Prepared"],"picked":"Sword Boomerang+1","floor":27.0}],"player_experience":4933418,"relics_obtained":[{"floor":9.0,"key":"Art of War"},{"floor":11.0,"key":"Oddly Smooth Stone"},{"floor":14.0,"key":"Mummified Hand"},{"floor":17.0,"key":"Orichalcum"},{"floor":17.0,"key":"Pantograph"},{"floor":17.0,"key":"Torii"},{"floor":26.0,"key":"Bag of Preparation"},{"floor":28.0,"key":"Necronomicon"},{"floor":30.0,"key":"Boot"}],"event_choices":[{"damage_healed":24.0,"max_hp_gain":0.0,"max_hp_loss":0.0,"gold_gain":0.0,"event_name":"Big Fish","player_choice":"Banana","floor":5.0,"gold_loss":0.0,"damage_taken":0.0},{"damage_healed":0.0,"max_hp_gain":0.0,"max_hp_loss":0.0,"gold_gain":0.0,"event_name":"Shining Light","player_choice":"Ignored","floor":8.0,"gold_loss":0.0,"damage_taken":0.0},{"damage_healed":0.0,"max_hp_gain":0.0,"max_hp_loss":0.0,"gold_gain":0.0,"event_name":"The Library","player_choice":"Read","floor":19.0,"gold_loss":0.0,"damage_taken":0.0,"cards_obtained":["Backflip"]},{"damage_healed":0.0,"max_hp_gain":0.0,"max_hp_loss":0.0,"gold_gain":0.0,"event_name":"Back to Basics","player_choice":"Simplicity","floor":20.0,"gold_loss":0.0,"damage_taken":0.0,"cards_upgraded":["Defend_G","Defend_G","Defend_G","Defend_G","Defend_G","Strike_G","Strike_G","Strike_G","Strike_G","Strike_G"]},{"cards_removed":["Doppelganger"],"damage_healed":34.0,"max_hp_gain":10.0,"max_hp_loss":0.0,"gold_gain":0.0,"event_name":"Bonfire Elementals","player_choice":"Offered Rare","floor":21.0,"gold_loss":0.0,"damage_taken":0.0},{"damage_healed":0.0,"max_hp_gain":0.0,"max_hp_loss":0.0,"gold_gain":0.0,"event_name":"Cursed Tome","player_choice":"Obtained Book","floor":28.0,"gold_loss":0.0,"damage_taken":21.0},{"damage_healed":0.0,"max_hp_gain":0.0,"max_hp_loss":25.0,"gold_gain":0.0,"event_name":"Vampires","player_choice":"Became a vampire","floor":29.0,"gold_loss":0.0,"damage_taken":0.0,"cards_obtained":["Bite","Bite","Bite","Bite","Bite"]}],"is_beta":false,"boss_relics":[{"not_picked":["Ring of the Serpent","White Beast Statue"],"picked":"Calling Bell"}],"items_purged_floors":[],"is_endless":false,"potions_floor_spawned":[1,2,18,24,27],"killed_by":"Snecko","ascension_level":20}