{"gold_per_floor":[118,118,174,174,191,219,234,264,289,320,320,340,350,361,361,361],"floor_reached":16,"playtime":383,"items_purged":[],"score":221,"play_id":"6eed0cfc-aef9-4f03-bb0b-1a623867c1fb","local_time":"20190709020833","is_ascension_mode":true,"campfire_choices":[{"floor":15,"key":"REST"}],"neow_cost":"NONE","seed_source_timestamp":1516511669176735,"circlet_count":0,"master_deck":["AscendersBane","Strike_R","Strike_R","Strike_R","Strike_R","Strike_R","Defend_R","Defend_R","Defend_R","Defend_R","Bash","Clothesline","Twin Strike","Perfected Strike+1","Thunderclap","Cleave","Spot Weakness","Twin Strike","Intimidate"],"relics":["Burning Blood","NeowsBlessing","Potion Belt","Regal Pillow","Strawberry","Mummified Hand"],"potions_floor_usage":[10,12,16,16,16],"damage_taken":[{"damage":0,"enemies":"2 Louse","floor":1,"turns":1},{"damage":0,"enemies":"Small Slimes","floor":5,"turns":1},{"damage":0,"enemies":"3 Sentries","floor":6,"turns":2},{"damage":4,"enemies":"Jaw Worm","floor":7,"turns":3},{"damage":41,"enemies":"Lagavulin","floor":8,"turns":6},{"damage":24,"enemies":"Gremlin Nob","floor":10,"turns":4},{"damage":11,"enemies":"Exordium Wildlife","floor":12,"turns":4},{"damage":10,"enemies":"Red Slaver","floor":13,"turns":3},{"damage":11,"enemies":"Looter","floor":14,"turns":2},{"damage":63,"enemies":"Hexaghost","floor":16,"turns":10}],"seed_played":"-6838060898846800427","potions_obtained":[{"floor":6,"key":"Weak Potion"},{"floor":7,"key":"Swift Potion"},{"floor":8,"key":"Energy Potion"},{"floor":12,"key":"Poison Potion"},{"floor":13,"key":"SneckoOil"}],"is_trial":false,"path_per_floor":["M","$","?","?","M","E","M","E","T","E","?","M","M","M","R","B"],"character_chosen":"IRONCLAD","items_purchased":[],"campfire_rested":1,"item_purchase_floors":[],"current_hp_per_floor":[78,78,78,78,80,80,80,45,52,34,34,29,25,20,61,0],"gold":361,"neow_bonus":"THREE_ENEMY_KILL","is_prod":false,"is_daily":false,"chose_seed":false,"campfire_upgraded":0,"win_rate":0,"timestamp":1562634513,"path_taken":["M","$","?","?","M","E","M","E","T","E","?","M","M","M","R","BOSS"],"build_version":"2019-07-05","purchased_purges":0,"victory":false,"max_hp_per_floor":[80,80,80,80,80,80,80,80,87,87,87,87,87,87,87,87],"card_choices":[{"not_picked":["Flex","Clash"],"picked":"Clothesline","floor":1},{"not_picked":["Sword Boomerang","Warcry"],"picked":"Twin Strike","floor":5},{"not_picked":["Twin Strike","Sentinel"],"picked":"Perfected Strike","floor":6},{"not_picked":["Hemokinesis","Rampage"],"picked":"Thunderclap","floor":7},{"not_picked":["Warcry","True Grit"],"picked":"Cleave","floor":8},{"not_picked":["Corruption","Juggernaut"],"picked":"Spot Weakness","floor":10},{"not_picked":["Evolve","Dropkick","Corruption"],"picked":"SKIP","floor":12},{"not_picked":["Headbutt","Corruption"],"picked":"Twin Strike","floor":13},{"not_picked":["Havoc","Carnage"],"picked":"Intimidate","floor":14}],"player_experience":294862,"relics_obtained":[{"floor":6,"key":"Potion Belt"},{"floor":8,"key":"Regal Pillow"},{"floor":9,"key":"Strawberry"},{"floor":10,"key":"Mummified Hand"}],"event_choices":[{"damage_healed":0,"gold_gain":56,"player_choice":"Gained Gold","damage_taken":0,"max_hp_gain":0,"max_hp_loss":0,"event_name":"Golden Wing","floor":3,"gold_loss":0},{"damage_healed":0,"gold_gain":0,"player_choice":"Ignored","damage_taken":0,"max_hp_gain":0,"max_hp_loss":0,"event_name":"Liars Game","floor":4,"gold_loss":0},{"damage_healed":0,"gold_gain":0,"player_choice":"Grow","damage_taken":0,"max_hp_gain":0,"max_hp_loss":0,"event_name":"Living Wall","floor":11,"gold_loss":0,"cards_upgraded":["Perfected Strike"]}],"is_beta":false,"boss_relics":[],"items_purged_floors":[],"is_endless":false,"potions_floor_spawned":[6,7,8,12,13],"killed_by":"Hexaghost","ascension_level":10}