{"gold_per_floor":[111,11,21,38,0,0,20,40,40,74,87,114,114,114,114,189,189,206,206,216,226,245,245,261,261,261,176,176,176],"floor_reached":29,"playtime":918,"items_purged":["Defend_G"],"score":564,"play_id":"aa6c187c-f3b0-410d-9f38-a76eb9a6b5e4","local_time":"20190716005427","is_ascension_mode":true,"campfire_choices":[{"data":"Noxious Fumes","floor":6.0,"key":"SMITH"},{"data":"Footwork","floor":13.0,"key":"SMITH"},{"data":"Neutralize","floor":15.0,"key":"SMITH"},{"floor":23.0,"key":"REST"},{"floor":28,"key":"DIG"}],"neow_cost":"NONE","seed_source_timestamp":457116996108000,"circlet_count":0,"master_deck":["AscendersBane","Strike_G","Strike_G","Strike_G","Defend_G","Defend_G","Defend_G","Defend_G","Survivor","Neutralize+1","Noxious Fumes+1","Bane","Dodge and Roll","Skewer","Predator","Footwork+1","Cloak And Dagger","All Out Attack","After Image","Terror","Deadly Poison+1","Burst+1","Catalyst+1","Prepared+1","Wraith Form v2","Crippling Poison+1","Calculated Gamble+1"],"special_seed":0,"relics":["Ring of the Snake","Sundial","Shovel","Toxic Egg 2","Fusion Hammer","Question Card","Dodecahedron","Ninja Scroll"],"potions_floor_usage":[25,29],"damage_taken":[{"damage":1.0,"enemies":"Cultist","floor":1.0,"turns":4.0},{"damage":0.0,"enemies":"2 Louse","floor":3.0,"turns":4.0},{"damage":7.0,"enemies":"Small Slimes","floor":4.0,"turns":3.0},{"damage":0.0,"enemies":"Looter","floor":5.0,"turns":4.0},{"damage":1.0,"enemies":"Blue Slaver","floor":7.0,"turns":5.0},{"damage":6.0,"enemies":"Exordium Wildlife","floor":8.0,"turns":6.0},{"damage":0.0,"enemies":"Lagavulin","floor":10.0,"turns":6.0},{"damage":8.0,"enemies":"Exordium Thugs","floor":11.0,"turns":4.0},{"damage":2.0,"enemies":"3 Sentries","floor":12.0,"turns":6.0},{"damage":7.0,"enemies":"The Guardian","floor":16.0,"turns":9.0},{"damage":19.0,"enemies":"2 Thieves","floor":18.0,"turns":4.0},{"damage":5.0,"enemies":"Shell Parasite","floor":20.0,"turns":4.0},{"damage":11.0,"enemies":"Centurion and Healer","floor":21.0,"turns":6.0},{"damage":19.0,"enemies":"Snake Plant","floor":22.0,"turns":5.0},{"damage":0.0,"enemies":"Cultist and Chosen","floor":24.0,"turns":4.0},{"damage":0,"enemies":"Slavers","floor":25,"turns":1},{"damage":20,"enemies":"Colosseum Slavers","floor":29,"turns":6},{"damage":0,"enemies":"Colosseum Nobs","floor":29,"turns":4}],"seed_played":"9220958182538767151","potions_obtained":[{"floor":4.0,"key":"Energy Potion"},{"floor":7.0,"key":"LiquidBronze"},{"floor":8.0,"key":"Fire Potion"},{"floor":11.0,"key":"Weak Potion"},{"floor":12.0,"key":"Block Potion"},{"floor":18.0,"key":"PowerPotion"},{"floor":21.0,"key":"SmokeBomb"}],"is_trial":false,"path_per_floor":["M","$","M","M","M","R","M","M","T","E","M","E","R","?","R","B",null,"M","?","M","M","M","R","M","E","T","?","R","?"],"character_chosen":"THE_SILENT","items_purchased":["Dodge and Roll"],"campfire_rested":1,"item_purchase_floors":[2],"current_hp_per_floor":[58,58,58,51,51,51,50,44,44,44,36,34,34,34,34,27,56,37,37,32,21,2,21,21,21,21,21,21,1],"gold":176,"neow_bonus":"TRANSFORM_CARD","is_prod":false,"is_daily":false,"chose_seed":false,"campfire_upgraded":3,"win_rate":0,"timestamp":1563206067,"path_taken":["M","$","M","M","M","R","M","M","T","E","M","E","R","?","R","BOSS","M","?","M","?","M","R","M","E","T","?","R","?"],"build_version":"2019-07-05","purchased_purges":1,"victory":false,"max_hp_per_floor":[66,66,66,66,66,66,66,66,66,66,66,66,66,66,66,66,66,66,66,66,66,66,66,66,66,66,66,66,66],"card_choices":[{"not_picked":["Cloak And Dagger","Blade Dance"],"picked":"Bane","floor":1.0},{"not_picked":["Slice","Setup"],"picked":"Skewer","floor":3.0},{"not_picked":["Deadly Poison","Deflect"],"picked":"Predator","floor":4.0},{"not_picked":["Dagger Spray","Blur"],"picked":"Footwork","floor":5.0},{"not_picked":["Caltrops","Predator"],"picked":"Cloak And Dagger","floor":7.0},{"not_picked":["Dodge and Roll","Calculated Gamble"],"picked":"All Out Attack","floor":8.0},{"not_picked":["Slice","Underhanded Strike"],"picked":"After Image","floor":10.0},{"not_picked":["Dodge and Roll","Finisher"],"picked":"Terror","floor":11.0},{"not_picked":["Bane","Distraction"],"picked":"Deadly Poison","floor":12.0},{"not_picked":["Wraith Form v2","Envenom"],"picked":"Burst+1","floor":16.0},{"not_picked":["Underhanded Strike+1","Acrobatics+1"],"picked":"Catalyst+1","floor":18.0},{"not_picked":["Dagger Spray","Dash"],"picked":"Prepared+1","floor":20.0},{"not_picked":["Bane","Predator"],"picked":"Wraith Form v2","floor":21.0},{"not_picked":["Prepared+1","PiercingWail+1"],"picked":"Crippling Poison+1","floor":22.0},{"not_picked":["Quick Slash","Underhanded Strike"],"picked":"Calculated Gamble+1","floor":24.0}],"player_experience":5698977,"relics_obtained":[{"floor":9.0,"key":"Sundial"},{"floor":10.0,"key":"Shovel"},{"floor":12.0,"key":"Toxic Egg 2"},{"floor":26,"key":"Question Card"},{"floor":28,"key":"Ninja Scroll"}],"event_choices":[{"cards_removed":["Strike_G"],"damage_healed":0.0,"max_hp_gain":0.0,"max_hp_loss":0.0,"gold_gain":0.0,"event_name":"Living Wall","player_choice":"Forget","floor":14.0,"gold_loss":0.0,"damage_taken":0.0},{"damage_healed":0.0,"max_hp_gain":0.0,"max_hp_loss":0.0,"gold_gain":0.0,"event_name":"Match and Keep!","player_choice":"0 cards matched","floor":19.0,"gold_loss":0.0,"damage_taken":0.0,"cards_obtained":[]},{"damage_healed":0,"gold_gain":0,"player_choice":"Obtained Relic","damage_taken":0,"relics_obtained":["Dodecahedron"],"max_hp_gain":0,"max_hp_loss":0,"event_name":"Addict","floor":27,"gold_loss":85},{"damage_healed":0,"gold_gain":0,"player_choice":"Fight","damage_taken":0,"max_hp_gain":0,"max_hp_loss":0,"event_name":"Colosseum","floor":29,"gold_loss":0},{"damage_healed":0,"gold_gain":0,"player_choice":"Fought Nobs","damage_taken":0,"max_hp_gain":0,"max_hp_loss":0,"event_name":"Colosseum","floor":29,"gold_loss":0}],"is_beta":false,"boss_relics":[{"not_picked":["Cursed Key","Lizard Tail"],"picked":"Fusion Hammer"}],"items_purged_floors":[2],"is_endless":false,"potions_floor_spawned":[4,7,8,11,12,18,21,22,24,25],"killed_by":"Colosseum Nobs","ascension_level":20}