{"gold_per_floor":[116,116,136,86,86,121,131,161,161,161,161,171,183,70,70,172,172,191,191,43,55,55,83,83,2,29,41,73,10,22,45,57,165,177,189,201,313,325,337,349,371,383,446,484,510,522],"floor_reached":46,"playtime":4745,"items_purged":["Strike_G"],"score":599,"play_id":"7626a4a9-8a0b-4df6-8522-7a4629e440e4","local_time":"20190308203119","is_ascension_mode":true,"campfire_choices":[{"data":"Bouncing Flask","floor":10,"key":"SMITH"},{"floor":15,"key":"REST"},{"floor":24,"key":"REST"},{"floor":32,"key":"REST"},{"data":"Catalyst","floor":40,"key":"SMITH"},{"data":"Catalyst","floor":42,"key":"SMITH"}],"neow_cost":"NONE","seed_source_timestamp":95306413448939,"circlet_count":0,"master_deck":["Defend_G+1","Defend_G","Defend_G","Defend_G","Defend_G","Strike_G+1","Strike_G+1","Survivor","Neutralize","Tools of the Trade","Poisoned Stab+1","Bouncing Flask+1","Catalyst+1","Calculated Gamble","Burst","Deadly Poison","Noxious Fumes","Well Laid Plans","Wraith Form v2","Bane+1","Backflip","Venomology","Corpse Explosion","Blind","Outmaneuver+1","Madness","Madness","Catalyst+1","Deflect+1"],"relics":["Ring of the Snake","Strawberry","Torii","Sundial","Dodecahedron","Philosopher\u0027s Stone","MutagenicStrength","Oddly Smooth Stone","Ornamental Fan","MawBank","Black Star","Prayer Wheel","Dream Catcher","Whetstone","Bronze Scales"],"potions_floor_usage":[6,6,8,13,23,28,31,33,35,37,37,37,44,45,45],"damage_taken":[{"damage":3,"enemies":"2 Louse","floor":1,"turns":4},{"damage":0,"enemies":"Small Slimes","floor":3,"turns":3},{"damage":27,"enemies":"Lagavulin","floor":6,"turns":5},{"damage":9,"enemies":"Jaw Worm","floor":7,"turns":2},{"damage":8,"enemies":"Gremlin Nob","floor":8,"turns":3},{"damage":9,"enemies":"Exordium Thugs","floor":12,"turns":5},{"damage":14,"enemies":"3 Louse","floor":13,"turns":3},{"damage":28,"enemies":"Slime Boss","floor":16,"turns":6},{"damage":12,"enemies":"2 Thieves","floor":18,"turns":4},{"damage":0,"enemies":"Spheric Guardian","floor":21,"turns":4},{"damage":44,"enemies":"Slavers","floor":23,"turns":7},{"damage":9,"enemies":"Cultist and Chosen","floor":28,"turns":6},{"damage":12,"enemies":"Centurion and Healer","floor":31,"turns":5},{"damage":19,"enemies":"Champ","floor":33,"turns":8},{"damage":0,"enemies":"3 Darklings","floor":35,"turns":2},{"damage":1,"enemies":"Mind Bloom Boss Battle","floor":37,"turns":7},{"damage":14,"enemies":"3 Shapes","floor":41,"turns":3},{"damage":26,"enemies":"Giant Head","floor":44,"turns":7},{"damage":25,"enemies":"Transient","floor":45,"turns":5},{"damage":25,"enemies":"Sphere and 2 Shapes","floor":46,"turns":3}],"seed_played":"1492174056269994535","potions_obtained":[{"floor":1,"key":"Energy Potion"},{"floor":3,"key":"Regen Potion"},{"floor":7,"key":"PowerPotion"},{"floor":8,"key":"SkillPotion"},{"floor":13,"key":"Strength Potion"},{"floor":23,"key":"AttackPotion"},{"floor":28,"key":"Strength Potion"},{"floor":30,"key":"SmokeBomb"},{"floor":41,"key":"Ancient Potion"},{"floor":44,"key":"Regen Potion"}],"is_trial":false,"path_per_floor":["M","?","M","?","?","E","M","E","T","R","?","M","M","$","R","B",null,"M","?","$","M","?","E","R","$","T","$","M","?","?","M","R","B",null,"M","?","?","?","?","R","M","R","T","E","M","M"],"character_chosen":"THE_SILENT","items_purchased":["Well Laid Plans","Oddly Smooth Stone","Venomology"],"campfire_rested":3,"item_purchase_floors":[14,20,25],"current_hp_per_floor":[67,53,53,53,58,53,44,36,36,36,33,24,10,10,34,6,82,70,70,70,70,70,26,50,50,50,50,41,41,41,29,53,34,82,82,77,76,66,66,66,52,52,52,26,16,0],"gold":522,"neow_bonus":"ONE_RANDOM_RARE_CARD","is_prod":false,"is_daily":false,"chose_seed":false,"campfire_upgraded":3,"win_rate":0,"timestamp":1552095079,"path_taken":["M","?","M","?","?","E","M","E","T","R","?","M","M","$","R","BOSS","M","?","$","M","?","E","R","$","T","?","?","?","?","?","R","BOSS","M","?","?","?","?","R","M","R","T","E","M","M"],"build_version":"2019-01-23","purchased_purges":1,"victory":false,"max_hp_per_floor":[70,70,70,70,75,82,82,82,82,82,82,82,82,82,82,82,82,82,82,82,82,82,82,82,82,82,82,82,82,82,82,82,82,82,82,82,82,82,82,82,82,82,82,82,82,82],"card_choices":[{"not_picked":["Predator","Dodge and Roll"],"picked":"Poisoned Stab","floor":1},{"not_picked":["Concentrate","Outmaneuver"],"picked":"Bouncing Flask","floor":3},{"not_picked":["Prepared","Backstab"],"picked":"Catalyst","floor":6},{"not_picked":["Skewer","Cloak And Dagger"],"picked":"Calculated Gamble","floor":7},{"not_picked":["Setup","Underhanded Strike"],"picked":"Burst","floor":8},{"not_picked":["Outmaneuver","Concentrate"],"picked":"Deadly Poison","floor":12},{"not_picked":["Accuracy","Dodge and Roll"],"picked":"Noxious Fumes","floor":13},{"not_picked":["Grand Finale","Phantasmal Killer"],"picked":"Wraith Form v2","floor":16},{"not_picked":["Prepared","Expertise"],"picked":"Bane+1","floor":18},{"not_picked":["Envenom","Deadly Poison"],"picked":"Backflip","floor":21},{"not_picked":["Eviscerate","Predator","Endless Agony"],"picked":"SKIP","floor":23},{"not_picked":["Slice","Choke","Acrobatics+1"],"picked":"SKIP","floor":28},{"not_picked":["Dodge and Roll","Flechettes+1","Blade Dance+1"],"picked":"SKIP","floor":31},{"not_picked":["Tools of the Trade","Malaise"],"picked":"Corpse Explosion","floor":33},{"not_picked":["Deep Breath","Violence"],"picked":"Blind","floor":36},{"not_picked":["Flying Knee+1","Heel Hook+1"],"picked":"Outmaneuver+1","floor":37},{"not_picked":["Crippling Poison","Blade Dance"],"picked":"Catalyst","floor":41},{"not_picked":["Cloak And Dagger+1","Backflip"],"picked":"Deflect+1","floor":41},{"not_picked":["Dagger Throw+1","Expertise+1","Bane"],"picked":"SKIP","floor":44},{"not_picked":["Distraction+1","Blur","A Thousand Cuts"],"picked":"SKIP","floor":45},{"not_picked":["Deflect+1","PiercingWail+1","Quick Slash+1"],"picked":"SKIP","floor":45}],"player_experience":111812,"relics_obtained":[{"floor":6,"key":"Strawberry"},{"floor":8,"key":"Torii"},{"floor":9,"key":"Sundial"},{"floor":23,"key":"Ornamental Fan"},{"floor":26,"key":"MawBank"},{"floor":37,"key":"Prayer Wheel"},{"floor":43,"key":"Dream Catcher"},{"floor":44,"key":"Whetstone"},{"floor":44,"key":"Bronze Scales"}],"event_choices":[{"damage_healed":0,"gold_gain":0,"player_choice":"Entered Light","damage_taken":14,"max_hp_gain":0,"max_hp_loss":0,"event_name":"Shining Light","floor":2,"gold_loss":0,"cards_upgraded":["Strike_G","Defend_G"]},{"cards_removed":["Strike_G"],"damage_healed":0,"gold_gain":0,"player_choice":"Card Removal","damage_taken":0,"max_hp_gain":0,"max_hp_loss":0,"event_name":"The Cleric","floor":4,"gold_loss":50},{"damage_healed":0,"gold_gain":0,"player_choice":"Donut","damage_taken":0,"max_hp_gain":5,"max_hp_loss":0,"event_name":"Big Fish","floor":5,"gold_loss":0},{"damage_healed":0,"gold_gain":0,"player_choice":"Success","damage_taken":3,"relics_obtained":["Dodecahedron"],"max_hp_gain":0,"max_hp_loss":0,"event_name":"Scrap Ooze","floor":11,"gold_loss":0},{"damage_healed":0,"gold_gain":0,"player_choice":"Inject Mutagens","damage_taken":0,"relics_obtained":["MutagenicStrength"],"max_hp_gain":0,"max_hp_loss":0,"event_name":"Drug Dealer","floor":19,"gold_loss":0},{"damage_healed":0,"gold_gain":0,"player_choice":"Ignored","damage_taken":0,"max_hp_gain":0,"max_hp_loss":0,"event_name":"Vampires","floor":22,"gold_loss":0},{"cards_removed":["Strike_G"],"damage_healed":0,"gold_gain":0,"player_choice":"Gave Gold","damage_taken":0,"max_hp_gain":0,"max_hp_loss":0,"event_name":"Beggar","floor":29,"gold_loss":75},{"damage_healed":0,"gold_gain":0,"player_choice":"Got Potions","damage_taken":0,"max_hp_gain":0,"max_hp_loss":0,"event_name":"Lab","floor":30,"gold_loss":0},{"damage_healed":0,"gold_gain":0,"player_choice":"Memory 2","damage_taken":5,"max_hp_gain":0,"max_hp_loss":0,"event_name":"SensoryStone","floor":36,"gold_loss":0},{"damage_healed":0,"gold_gain":0,"player_choice":"Fight","damage_taken":0,"max_hp_gain":0,"max_hp_loss":0,"event_name":"MindBloom","floor":37,"gold_loss":0},{"damage_healed":0,"gold_gain":0,"player_choice":"Embrace Madness","damage_taken":10,"max_hp_gain":0,"max_hp_loss":0,"event_name":"Winding Halls","floor":38,"gold_loss":0,"cards_obtained":["Madness","Madness"]},{"damage_healed":0,"gold_gain":0,"player_choice":"Ignored","damage_taken":0,"max_hp_gain":0,"max_hp_loss":0,"event_name":"Tomb of Lord Red Mask","floor":39,"gold_loss":0}],"is_beta":false,"boss_relics":[{"not_picked":["Fusion Hammer","Snecko Eye"],"picked":"Philosopher\u0027s Stone"},{"not_picked":["Orrery","HoveringKite"],"picked":"Black Star"}],"items_purged_floors":[14],"is_endless":false,"potions_floor_spawned":[1,3,7,8,13,23,28,41,44],"killed_by":"Sphere and 2 Shapes","ascension_level":3}