{"gold_per_floor":[111,111,124,144,144,176,176,203,203,203,213,138,170,70,70,148,148,168,83,83,94,44,75,86,117,117,143,143,143,168,188,188,260,310,324,324,337,353,366,391,391,421,490,505,532,577,589,589,589,589,589,589,589,316,347,347],"floor_reached":57,"playtime":1268,"items_purged":["Defend_G","Defend_G","Defend_G"],"score":3901,"play_id":"ca9a61fd-18eb-40cf-9bcc-2e41f9270f2e","local_time":"20190717015013","is_ascension_mode":true,"campfire_choices":[{"data":"Reflex","floor":7,"key":"SMITH"},{"data":"Grand Finale","floor":10,"key":"SMITH"},{"floor":15,"key":"RECALL"},{"data":"Acrobatics","floor":29,"key":"SMITH"},{"data":"Defend_G","floor":32,"key":"SMITH"},{"floor":41,"key":"REST"},{"floor":49,"key":"REST"},{"floor":53,"key":"REST"}],"neow_cost":"","seed_source_timestamp":546261765934600,"circlet_count":0,"master_deck":["Reflex+1","Acrobatics+1","Grand Finale+1","Defend_G+1","Escape Plan+1","Acrobatics+1","Well Laid Plans+1","Tactician+1","Footwork+1","Blur+1","Footwork+1"],"relics":["Ring of the Snake","Toxic Egg 2","Gremlin Horn","Shuriken","Regal Pillow","Frozen Egg 2","Pocketwatch","White Beast Statue","Smiling Mask","Centennial Puzzle","Singing Bowl","Happy Flower","Orichalcum","Tiny House","Lantern","Sundial","Unceasing Top","The Specimen","Letter Opener","Pen Nib"],"potions_floor_usage":[],"damage_taken":[{"damage":0,"enemies":"2 Louse","floor":1,"turns":1},{"damage":0,"enemies":"Jaw Worm","floor":3,"turns":1},{"damage":0,"enemies":"Small Slimes","floor":4,"turns":1},{"damage":0,"enemies":"3 Sentries","floor":6,"turns":1},{"damage":0,"enemies":"Gremlin Nob","floor":8,"turns":1},{"damage":0,"enemies":"Looter","floor":11,"turns":1},{"damage":0,"enemies":"Lagavulin","floor":13,"turns":1},{"damage":0,"enemies":"The Guardian","floor":16,"turns":1},{"damage":0,"enemies":"3 Byrds","floor":18,"turns":1},{"damage":0,"enemies":"Shell Parasite","floor":21,"turns":1},{"damage":0,"enemies":"Book of Stabbing","floor":23,"turns":1},{"damage":0,"enemies":"Cultist and Chosen","floor":24,"turns":1},{"damage":0,"enemies":"Slavers","floor":25,"turns":1},{"damage":0,"enemies":"Gremlin Leader","floor":27,"turns":1},{"damage":0,"enemies":"Slavers","floor":30,"turns":1},{"damage":0,"enemies":"Shelled Parasite and Fungi","floor":31,"turns":1},{"damage":0,"enemies":"Automaton","floor":33,"turns":1},{"damage":0,"enemies":"3 Darklings","floor":35,"turns":1},{"damage":0,"enemies":"Orb Walker","floor":37,"turns":1},{"damage":0,"enemies":"4 Shapes","floor":38,"turns":1},{"damage":0,"enemies":"Sphere and 2 Shapes","floor":39,"turns":1},{"damage":0,"enemies":"Giant Head","floor":40,"turns":1},{"damage":0,"enemies":"Nemesis","floor":42,"turns":1},{"damage":0,"enemies":"Transient","floor":44,"turns":1},{"damage":0,"enemies":"Giant Head","floor":45,"turns":1},{"damage":0,"enemies":"2 Orb Walkers","floor":46,"turns":1},{"damage":0,"enemies":"Spire Growth","floor":47,"turns":1},{"damage":0,"enemies":"Time Eater","floor":50,"turns":3},{"damage":0,"enemies":"Donu and Deca","floor":51,"turns":1},{"damage":0,"enemies":"Shield and Spear","floor":55,"turns":1},{"damage":0,"enemies":"The Heart","floor":56,"turns":4}],"seed_played":"4211114447889395238","potions_obtained":[{"floor":3,"key":"SteroidPotion"},{"floor":8,"key":"SkillPotion"},{"floor":21,"key":"Swift Potion"},{"floor":30,"key":"FearPotion"},{"floor":42,"key":"GamblersBrew"},{"floor":45,"key":"Swift Potion"},{"floor":55,"key":"Block Potion"}],"is_trial":true,"path_per_floor":["M","?","M","M","?","E","R","E","T","R","M","$","E","$","R","B",null,"M","?","?","M","$","E","M","E","T","E","?","R","E","M","R","B",null,"M","?","M","M","M","E","R","E","T","M","E","?","M","?","R","B","B",null,"R","$","E","B",null],"character_chosen":"THE_SILENT","items_purchased":["Letter Opener"],"campfire_rested":3,"item_purchase_floors":[54],"current_hp_per_floor":[59,52,52,52,47,47,47,47,47,47,47,47,47,47,47,47,61,61,61,61,61,61,61,61,63,63,65,65,65,67,69,69,71,82,84,81,81,83,83,85,85,85,85,87,89,89,91,91,91,91,91,91,91,91,91,91],"gold":347,"neow_bonus":"","is_prod":false,"is_daily":false,"chose_seed":false,"campfire_upgraded":4,"win_rate":0,"timestamp":1563295813,"path_taken":["M","?","M","M","?","E","R","E","T","R","M","?","E","$","R","BOSS","M","?","?","M","$","E","M","E","T","E","?","R","E","M","R","BOSS","M","?","M","M","M","E","R","E","T","M","E","?","M","?","R","BOSS","BOSS","R","$","E","BOSS"],"build_version":"2019-07-05","purchased_purges":3,"victory":true,"max_hp_per_floor":[66,66,66,66,66,66,66,66,66,66,66,66,66,66,66,66,66,66,66,66,66,66,66,66,68,68,70,70,70,72,74,74,76,83,85,81,81,83,83,85,85,85,85,87,89,89,91,91,91,91,91,91,91,91,91,91],"card_choices":[{"not_picked":["Outmaneuver+1","Underhanded Strike","PiercingWail+1"],"picked":"SKIP","floor":1},{"not_picked":["Backstab","Quick Slash","Expertise+1"],"picked":"SKIP","floor":3},{"not_picked":["Bane","Dodge and Roll+1","Deadly Poison+1"],"picked":"SKIP","floor":4},{"not_picked":["Heel Hook","Venomology+1"],"picked":"Escape Plan+1","floor":6},{"not_picked":["Poisoned Stab","Outmaneuver+1","PiercingWail+1"],"picked":"SKIP","floor":8},{"not_picked":["Choke","All Out Attack"],"picked":"Acrobatics+1","floor":11},{"not_picked":["Blur+1","Terror+1","Expertise+1"],"picked":"SKIP","floor":13},{"not_picked":["Prepared+1","Dagger Throw","Underhanded Strike"],"picked":"SKIP","floor":18},{"not_picked":["Masterful Stab","Eviscerate"],"picked":"Backflip+1","floor":21},{"not_picked":["Noxious Fumes+1","All Out Attack","Deflect+1"],"picked":"SKIP","floor":23},{"not_picked":["PiercingWail+1","Dagger Spray","Deadly Poison+1"],"picked":"SKIP","floor":24},{"not_picked":["Backflip+1","Escape Plan+1","Calculated Gamble+1"],"picked":"Singing Bowl","floor":25},{"not_picked":["Acrobatics+1","Cloak And Dagger+1","Outmaneuver+1"],"picked":"Singing Bowl","floor":27},{"not_picked":["Dagger Throw","PiercingWail+1","Malaise+1"],"picked":"Singing Bowl","floor":30},{"not_picked":["Dagger Spray","Blade Dance+1","Flying Knee"],"picked":"Singing Bowl","floor":31},{"not_picked":["Tools of the Trade+1","Die Die Die","Doppelganger+1"],"picked":"Singing Bowl","floor":33},{"not_picked":["Underhanded Strike","Prepared+1","Sucker Punch+1"],"picked":"Singing Bowl","floor":34},{"not_picked":["Calculated Gamble+1","Finisher","PiercingWail+1"],"picked":"Singing Bowl","floor":35},{"not_picked":["Distraction+1","Accuracy+1"],"picked":"Well Laid Plans+1","floor":37},{"not_picked":["Blade Dance+1","Flying Knee","Quick Slash"],"picked":"Singing Bowl","floor":38},{"not_picked":["Riddle With Holes+1","Dodge and Roll+1"],"picked":"Tactician+1","floor":39},{"not_picked":["Deadly Poison+1","Underhanded Strike+1","Calculated Gamble+1"],"picked":"Singing Bowl","floor":40},{"not_picked":["Burst+1","Dagger Throw+1"],"picked":"Footwork+1","floor":42},{"not_picked":["Finisher+1","PiercingWail+1","Acrobatics+1"],"picked":"Singing Bowl","floor":44},{"not_picked":["Prepared+1","Flying Knee","Underhanded Strike"],"picked":"Singing Bowl","floor":45},{"not_picked":["Distraction+1","Quick Slash"],"picked":"Blur+1","floor":46},{"not_picked":["Well Laid Plans+1","Tools of the Trade+1","Outmaneuver+1"],"picked":"Singing Bowl","floor":47},{"not_picked":["Noxious Fumes+1","Expertise+1"],"picked":"Footwork+1","floor":55}],"player_experience":5714485,"relics_obtained":[{"floor":6,"key":"Shuriken"},{"floor":8,"key":"Regal Pillow"},{"floor":9,"key":"Frozen Egg 2"},{"floor":13,"key":"Pocketwatch"},{"floor":23,"key":"Centennial Puzzle"},{"floor":25,"key":"Singing Bowl"},{"floor":27,"key":"Happy Flower"},{"floor":30,"key":"Orichalcum"},{"floor":42,"key":"Lantern"},{"floor":43,"key":"Sundial"},{"floor":45,"key":"Unceasing Top"},{"floor":46,"key":"The Specimen"},{"floor":55,"key":"Pen Nib"}],"event_choices":[{"cards_removed":["Defend_G"],"damage_healed":0,"gold_gain":0,"player_choice":"Card Removal","damage_taken":7,"max_hp_gain":0,"max_hp_loss":0,"event_name":"Golden Wing","floor":2,"gold_loss":0},{"damage_healed":0,"gold_gain":0,"player_choice":"Success","damage_taken":5,"relics_obtained":["Gremlin Horn"],"max_hp_gain":0,"max_hp_loss":0,"event_name":"Scrap Ooze","floor":5,"gold_loss":0},{"damage_healed":0,"gold_gain":0,"player_choice":"Obtained Relic","damage_taken":0,"relics_obtained":["Smiling Mask"],"max_hp_gain":0,"max_hp_loss":0,"event_name":"Addict","floor":19,"gold_loss":85},{"damage_healed":0,"gold_gain":0,"player_choice":"Ignored","damage_taken":0,"max_hp_gain":0,"max_hp_loss":0,"event_name":"The Mausoleum","floor":20,"gold_loss":0},{"cards_removed":["Defend_G"],"damage_healed":0,"gold_gain":0,"player_choice":"Elegance","damage_taken":0,"max_hp_gain":0,"max_hp_loss":0,"event_name":"Back to Basics","floor":28,"gold_loss":0},{"damage_healed":0,"gold_gain":0,"player_choice":"Max HP","damage_taken":0,"max_hp_gain":0,"max_hp_loss":4,"event_name":"Winding Halls","floor":36,"gold_loss":0},{"damage_healed":0,"gold_gain":0,"player_choice":"Fight","damage_taken":0,"max_hp_gain":0,"max_hp_loss":0,"event_name":"Mysterious Sphere","floor":46,"gold_loss":0},{"cards_removed":["Backflip"],"damage_healed":0,"gold_gain":0,"player_choice":"Removed Skill","damage_taken":0,"max_hp_gain":0,"max_hp_loss":0,"event_name":"Falling","floor":48,"gold_loss":0}],"is_beta":false,"boss_relics":[{"not_picked":["Cursed Key","HoveringKite"],"picked":"White Beast Statue"},{"not_picked":["Eternal Feather","Ring of the Serpent"],"picked":"Tiny House"}],"items_purged_floors":[12,14,22],"is_endless":false,"potions_floor_spawned":[3,8,11,13,18,21,23,24,25,27,30,31,33,35,37,38,39,40,42,44,45,46,47,55],"ascension_level":20}