{"gold_per_floor":[18,30,30,30,48,48,79,90,136,161,161,16,41,41,41,137,137,154,34,34,133,133,158,158,158,158,187,187,52,72,72,72,72],"floor_reached":33,"playtime":1152,"items_purged":["Strike_R"],"score":426,"play_id":"4d88226b-1a67-4546-9e18-e125b5dd5f6f","local_time":"20190718123646","is_ascension_mode":true,"campfire_choices":[{"data":"Bash","floor":6,"key":"SMITH"},{"floor":11,"key":"REST"},{"data":"Hemokinesis","floor":15,"key":"SMITH"},{"data":"Juggernaut","floor":24,"key":"SMITH"},{"data":"Inflame","floor":28,"key":"SMITH"},{"floor":32,"key":"REST"}],"neow_cost":"NO_GOLD","seed_source_timestamp":5938806646500,"circlet_count":0,"master_deck":["Defend_R+1","Defend_R+1","Defend_R+1","Defend_R+1","Bash+1","Cleave","Hemokinesis+1","Juggernaut+1","True Grit","Sword Boomerang","Feed","Inflame+1","Immolate","Pommel Strike+1","Iron Wave","Bite","Bite","Bite","Bite","Bite","Flame Barrier","Immolate","PanicButton"],"special_seed":0,"relics":["Burning Blood","StoneCalendar","Singing Bowl","Bronze Scales","Strawberry","Juzu Bracelet","Happy Flower","Mummified Hand","Sozu","Lantern","Question Card","Gremlin Horn"],"potions_floor_usage":[10,16,18],"damage_taken":[{"damage":1.0,"enemies":"Cultist","floor":1.0,"turns":3.0},{"damage":14.0,"enemies":"Jaw Worm","floor":2.0,"turns":4.0},{"damage":3,"enemies":"2 Louse","floor":5,"turns":2},{"damage":40,"enemies":"3 Sentries","floor":7,"turns":7},{"damage":9,"enemies":"Looter","floor":8,"turns":3},{"damage":33,"enemies":"Lagavulin","floor":10,"turns":5},{"damage":19,"enemies":"Gremlin Nob","floor":13,"turns":3},{"damage":25,"enemies":"Hexaghost","floor":16,"turns":7},{"damage":0,"enemies":"Chosen","floor":18,"turns":4},{"damage":30,"enemies":"Slavers","floor":23,"turns":4},{"damage":17,"enemies":"Gremlin Leader","floor":27,"turns":6},{"damage":2,"enemies":"2 Thieves","floor":30,"turns":1},{"damage":85,"enemies":"Automaton","floor":33,"turns":8}],"seed_played":"7116895069713185568","potions_obtained":[{"floor":7,"key":"Block Potion"},{"floor":8,"key":"PowerPotion"},{"floor":10,"key":"Dexterity Potion"}],"is_trial":false,"path_per_floor":["M","M","T","?","M","R","E","M","T","E","R","$","E","$","R","B",null,"M","$","?","?","?","E","R","?","T","E","R","$","M","?","R","B"],"character_chosen":"IRONCLAD","items_purchased":["Happy Flower","Iron Wave","Immolate"],"campfire_rested":2,"item_purchase_floors":[12,19,29],"current_hp_per_floor":[77,69,69,69,72,72,38,37,44,17,43,43,30,30,30,11,70,76,76,76,76,59,40,40,40,40,41,41,41,47,33,54,0],"gold":72,"neow_bonus":"ONE_RARE_RELIC","is_prod":false,"is_daily":false,"chose_seed":false,"campfire_upgraded":4,"win_rate":0,"timestamp":1563467806,"path_taken":["M","M","?","?","?","R","E","M","T","E","R","?","E","$","R","BOSS","M","$","?","?","?","E","R","?","T","E","R","$","M","?","R","BOSS"],"build_version":"2019-07-17","purchased_purges":1,"victory":false,"max_hp_per_floor":[80,80,80,80,80,80,80,82,89,89,89,89,89,89,89,89,89,89,89,89,89,94,99,99,69,69,69,69,69,71,71,71,71],"card_choices":[{"not_picked":["Perfected Strike","Shrug It Off"],"picked":"Cleave","floor":1.0},{"not_picked":["Pommel Strike","Disarm"],"picked":"Hemokinesis","floor":2.0},{"not_picked":["Reckless Charge","Havoc"],"picked":"True Grit","floor":5},{"not_picked":["Infernal Blade","Brutality"],"picked":"Sword Boomerang","floor":7},{"not_picked":["Dual Wield","Heavy Blade","Body Slam"],"picked":"Singing Bowl","floor":8},{"not_picked":["Body Slam","Clothesline"],"picked":"Feed","floor":10},{"not_picked":["Double Tap","Sword Boomerang"],"picked":"Inflame","floor":13},{"not_picked":["Fiend Fire","Demon Form"],"picked":"Immolate","floor":16},{"not_picked":["Clash","Disarm+1"],"picked":"Pommel Strike+1","floor":18},{"not_picked":["Wild Strike","Headbutt","Immolate"],"picked":"Singing Bowl","floor":23},{"not_picked":["Fire Breathing","Anger","Pommel Strike+1"],"picked":"Flame Barrier","floor":27},{"not_picked":["Ghostly Armor","Havoc","Exhume","Pummel"],"picked":"Singing Bowl","floor":30}],"player_experience":242282,"relics_obtained":[{"floor":3.0,"key":"Singing Bowl"},{"floor":7,"key":"Bronze Scales"},{"floor":9,"key":"Strawberry"},{"floor":10,"key":"Juzu Bracelet"},{"floor":13,"key":"Mummified Hand"},{"floor":23,"key":"Lantern"},{"floor":26,"key":"Question Card"},{"floor":27,"key":"Gremlin Horn"}],"event_choices":[{"damage_healed":0.0,"max_hp_gain":0.0,"max_hp_loss":0.0,"gold_gain":0.0,"cards_transformed":["Strike_R"],"event_name":"Transmorgrifier","player_choice":"Transformed","floor":4.0,"gold_loss":0.0,"damage_taken":0.0,"cards_obtained":["Juggernaut"]},{"damage_healed":0,"gold_gain":0,"player_choice":"Simplicity","damage_taken":0,"max_hp_gain":0,"max_hp_loss":0,"event_name":"Back to Basics","floor":20,"gold_loss":0,"cards_upgraded":["Strike_R","Strike_R","Strike_R","Defend_R","Defend_R","Defend_R","Defend_R"]},{"damage_healed":0,"gold_gain":99,"player_choice":"Stole From Cult","damage_taken":0,"max_hp_gain":0,"max_hp_loss":0,"event_name":"Nest","floor":21,"gold_loss":0},{"damage_healed":0,"gold_gain":0,"player_choice":"Shed Blood","damage_taken":22,"max_hp_gain":5,"max_hp_loss":0,"event_name":"Forgotten Altar","floor":22,"gold_loss":0},{"damage_healed":0,"gold_gain":0,"player_choice":"Became a vampire","damage_taken":0,"max_hp_gain":0,"max_hp_loss":30,"event_name":"Vampires","floor":25,"gold_loss":0,"cards_obtained":["Bite","Bite","Bite","Bite","Bite"]},{"damage_healed":0,"gold_gain":0,"player_choice":"CARD ","damage_taken":14,"max_hp_gain":0,"max_hp_loss":0,"event_name":"Knowing Skull","floor":31,"potions_obtained":[],"gold_loss":0,"cards_obtained":["PanicButton"]}],"is_beta":false,"boss_relics":[{"not_picked":["Fusion Hammer","Orrery"],"picked":"Sozu"}],"items_purged_floors":[19],"is_endless":false,"potions_floor_spawned":[7,8,10,27,30],"killed_by":"Automaton","ascension_level":7}