{"gold_per_floor":[116,116,116,139,153,153,197,197,221,255,220,259,259,275,275,275],"floor_reached":16,"playtime":239,"items_purged":[],"score":236,"play_id":"968fdb40-b40b-42ed-9e73-d58c12d71d8a","local_time":"20190616234930","is_ascension_mode":true,"campfire_choices":[{"floor":6,"key":"REST"},{"floor":8,"key":"REST"},{"floor":13,"key":"REST"},{"data":"Chaos","floor":15,"key":"SMITH"}],"neow_cost":"NONE","seed_source_timestamp":195068562140700,"circlet_count":0,"master_deck":["AscendersBane","Strike_B","Strike_B","Defend_B","Defend_B","Defend_B","Defend_B","Zap","Dualcast","Steam","Compile Driver","Conserve Battery","Streamline","Rebound","Hyperbeam","Capacitor","Chaos+1"],"relics":["Cracked Core","Golden Idol","Smiling Mask","Blood Vial","Matryoshka","FossilizedHelix"],"potions_floor_usage":[7,16],"damage_taken":[{"damage":1,"enemies":"Small Slimes","floor":1,"turns":3},{"damage":0,"enemies":"Jaw Worm","floor":4,"turns":4},{"damage":0,"enemies":"2 Louse","floor":5,"turns":2},{"damage":32,"enemies":"Gremlin Nob","floor":7,"turns":4},{"damage":33,"enemies":"3 Sentries","floor":10,"turns":9},{"damage":20,"enemies":"Lagavulin","floor":12,"turns":5},{"damage":0,"enemies":"Lots of Slimes","floor":14,"turns":1},{"damage":39,"enemies":"Hexaghost","floor":16,"turns":9}],"seed_played":"1024500754714114010","potions_obtained":[{"floor":4,"key":"LiquidBronze"},{"floor":5,"key":"Strength Potion"}],"is_trial":false,"path_per_floor":["M","?","?","M","M","R","E","R","T","E","?","E","R","M","R","B"],"character_chosen":"DEFECT","items_purchased":[],"campfire_rested":3,"item_purchase_floors":[],"current_hp_per_floor":[63,39,32,32,32,53,21,42,42,11,28,10,31,33,33,0],"gold":275,"neow_bonus":"TRANSFORM_CARD","is_prod":false,"is_daily":false,"chose_seed":false,"campfire_upgraded":1,"win_rate":0,"timestamp":1560696570,"path_taken":["M","?","?","M","M","R","E","R","T","E","?","E","R","M","R","BOSS"],"build_version":"2019-01-23","purchased_purges":0,"victory":false,"max_hp_per_floor":[71,71,71,71,71,71,71,71,71,71,71,71,71,71,71,71],"card_choices":[{"not_picked":["Beam Cell","Glacier"],"picked":"Compile Driver","floor":1},{"not_picked":["Compile Driver","Rebound"],"picked":"Conserve Battery","floor":4},{"not_picked":["Steam","Reinforced Body"],"picked":"Streamline","floor":5},{"not_picked":["Stack","Undo"],"picked":"Rebound","floor":7},{"not_picked":["Steam","Blizzard"],"picked":"Hyperbeam","floor":10},{"not_picked":["Genetic Algorithm","Self Repair"],"picked":"Capacitor","floor":12},{"not_picked":["Turbo","Force Field"],"picked":"Chaos","floor":14}],"player_experience":5379539,"relics_obtained":[{"floor":7,"key":"Smiling Mask"},{"floor":9,"key":"Blood Vial"},{"floor":10,"key":"Matryoshka"},{"floor":12,"key":"FossilizedHelix"}],"event_choices":[{"damage_healed":0,"gold_gain":0,"player_choice":"Take Damage","damage_taken":24,"relics_obtained":["Golden Idol"],"max_hp_gain":0,"max_hp_loss":0,"event_name":"Golden Idol","floor":2,"gold_loss":0},{"cards_removed":["Strike_B"],"damage_healed":0,"gold_gain":0,"player_choice":"Card Removal","damage_taken":7,"max_hp_gain":0,"max_hp_loss":0,"event_name":"Golden Wing","floor":3,"gold_loss":0},{"damage_healed":17,"gold_gain":0,"player_choice":"Healed","damage_taken":0,"max_hp_gain":0,"max_hp_loss":0,"event_name":"The Cleric","floor":11,"gold_loss":35}],"is_beta":false,"boss_relics":[],"items_purged_floors":[],"is_endless":false,"potions_floor_spawned":[4,5],"killed_by":"Hexaghost","ascension_level":20}