{"gold_per_floor":[114,134,2,19,39,39,66,66,66,66,99,174,204,236,236,315,315,335,349,365,365,365,365,399,416,416,376,376,391,410,5,5,5],"floor_reached":33,"playtime":1145,"items_purged":["Strike_B","Strike_B"],"score":570,"play_id":"6a13568d-460d-46f9-b58c-7b19dbd5a8b2","local_time":"20190704000620","is_ascension_mode":true,"campfire_choices":[{"data":"Beam Cell","floor":6,"key":"SMITH"},{"floor":8,"key":"REST"},{"data":"Buffer","floor":15,"key":"SMITH"},{"floor":23,"key":"REST"},{"floor":28,"key":"REST"},{"floor":32,"key":"REST"}],"neow_cost":"NONE","seed_source_timestamp":90149035858300,"circlet_count":0,"master_deck":["AscendersBane","Defend_B","Defend_B","Defend_B","Defend_B","Zap","Dualcast","Auto Shields","Ball Lightning","Rip and Tear","Beam Cell+1","Coolheaded","Rebound","Ball Lightning","Buffer+1","Seek","Tempest+1","Gash","Compile Driver+1","Reboot","Cold Snap"],"relics":["Cracked Core","Anchor","Orichalcum","Letter Opener","Kunai","Ancient Tea Set","Black Star","Enchiridion","Question Card","DataDisk","Cables","Tiny Chest","Happy Flower"],"potions_floor_usage":[7,16,18,24,30,33],"damage_taken":[{"damage":0,"enemies":"Jaw Worm","floor":1,"turns":4},{"damage":0,"enemies":"2 Louse","floor":2,"turns":2},{"damage":0,"enemies":"Cultist","floor":4,"turns":3},{"damage":10,"enemies":"Large Slime","floor":5,"turns":5},{"damage":8,"enemies":"Gremlin Nob","floor":7,"turns":3},{"damage":12,"enemies":"Lagavulin","floor":11,"turns":5},{"damage":2,"enemies":"Gremlin Nob","floor":14,"turns":3},{"damage":22,"enemies":"Slime Boss","floor":16,"turns":8},{"damage":0,"enemies":"Chosen","floor":18,"turns":5},{"damage":11,"enemies":"Spheric Guardian","floor":19,"turns":4},{"damage":14,"enemies":"Snecko","floor":20,"turns":6},{"damage":2,"enemies":"Book of Stabbing","floor":24,"turns":4},{"damage":0,"enemies":"Centurion and Healer","floor":25,"turns":4},{"damage":10,"enemies":"Shelled Parasite and Fungi","floor":29,"turns":3},{"damage":4,"enemies":"Snecko","floor":30,"turns":3},{"damage":76,"enemies":"Champ","floor":33,"turns":10}],"seed_played":"5988373009032195393","potions_obtained":[{"floor":4,"key":"Swift Potion"},{"floor":11,"key":"Dexterity Potion"},{"floor":16,"key":"Regen Potion"},{"floor":18,"key":"PowerPotion"},{"floor":19,"key":"Strength Potion"},{"floor":24,"key":"EssenceOfSteel"},{"floor":27,"key":"FocusPotion"}],"is_trial":false,"path_per_floor":["M","M","$","M","M","R","E","R","T","?","E","?","?","E","R","B",null,"M","M","M","?","?","R","E","M","T","?","R","M","M","$","R","B"],"character_chosen":"DEFECT","items_purchased":["Fire Potion","Tiny Chest","Happy Flower"],"campfire_rested":4,"item_purchase_floors":[3,31,31],"current_hp_per_floor":[64,64,64,64,54,54,46,67,67,67,55,44,44,42,42,20,58,70,59,45,25,4,26,24,24,24,24,46,36,32,32,54,0],"gold":5,"neow_bonus":"TRANSFORM_CARD","is_prod":false,"is_daily":false,"chose_seed":false,"campfire_upgraded":2,"win_rate":0,"timestamp":1562166380,"path_taken":["M","M","$","M","M","R","E","R","T","?","E","?","?","E","R","BOSS","M","M","M","?","?","R","E","M","T","?","R","?","M","$","R","BOSS"],"build_version":"2019-07-01","purchased_purges":2,"victory":false,"max_hp_per_floor":[71,71,71,71,71,71,71,71,71,71,71,71,71,71,71,71,71,71,71,71,76,76,76,76,76,76,76,76,76,76,76,76,76],"card_choices":[{"not_picked":["Glacier","Steam"],"picked":"Ball Lightning","floor":1},{"not_picked":["Barrage","Go for the Eyes"],"picked":"Rip and Tear","floor":2},{"not_picked":["Go for the Eyes","Stack"],"picked":"Beam Cell","floor":4},{"not_picked":["Gash","Conserve Battery"],"picked":"Coolheaded","floor":5},{"not_picked":["Gash","Stack"],"picked":"Rebound","floor":7},{"not_picked":["Stack","Steam"],"picked":"Ball Lightning","floor":11},{"not_picked":["Chill","Go for the Eyes"],"picked":"Buffer","floor":14},{"not_picked":["Machine Learning","Meteor Strike"],"picked":"Seek","floor":16},{"not_picked":["Coolheaded","Beam Cell"],"picked":"Tempest+1","floor":18},{"not_picked":["Beam Cell","Cold Snap","Conserve Battery"],"picked":"SKIP","floor":19},{"not_picked":["Heatsinks","Stack"],"picked":"Gash","floor":20},{"not_picked":["Compile Driver","Rebound","Ball Lightning"],"picked":"SKIP","floor":24},{"not_picked":["Hologram","Loop","Chaos"],"picked":"Compile Driver+1","floor":25},{"not_picked":["Redo","Coolheaded","Turbo"],"picked":"Reboot","floor":29},{"not_picked":["Barrage","Loop","Doom and Gloom"],"picked":"Cold Snap","floor":30}],"player_experience":5571463,"relics_obtained":[{"floor":7,"key":"Anchor"},{"floor":9,"key":"Orichalcum"},{"floor":11,"key":"Letter Opener"},{"floor":14,"key":"Ancient Tea Set"},{"floor":22,"key":"Enchiridion"},{"floor":24,"key":"Question Card"},{"floor":24,"key":"DataDisk"},{"floor":26,"key":"Cables"}],"event_choices":[{"cards_removed":["Strike_B"],"damage_healed":0,"gold_gain":0,"player_choice":"Forget","damage_taken":0,"max_hp_gain":0,"max_hp_loss":0,"event_name":"Living Wall","floor":10,"gold_loss":0},{"damage_healed":0,"gold_gain":75,"player_choice":"Gather Gold","damage_taken":11,"max_hp_gain":0,"max_hp_loss":0,"event_name":"World of Goop","floor":12,"gold_loss":0},{"damage_healed":0,"gold_gain":30,"player_choice":"Searched \u00273\u0027 times","damage_taken":0,"relics_obtained":["Kunai"],"max_hp_gain":0,"max_hp_loss":0,"event_name":"Dead Adventurer","floor":13,"gold_loss":0},{"damage_healed":0,"gold_gain":0,"player_choice":"Shed Blood","damage_taken":25,"max_hp_gain":5,"max_hp_loss":0,"event_name":"Forgotten Altar","floor":21,"gold_loss":0},{"damage_healed":0,"gold_gain":0,"player_choice":"Obtained Book","damage_taken":21,"max_hp_gain":0,"max_hp_loss":0,"event_name":"Cursed Tome","floor":22,"gold_loss":0},{"damage_healed":0,"gold_gain":0,"player_choice":"Bought 3 Potions","damage_taken":0,"max_hp_gain":0,"max_hp_loss":0,"event_name":"The Woman in Blue","floor":27,"gold_loss":0}],"is_beta":false,"boss_relics":[{"not_picked":["Ectoplasm","Sozu"],"picked":"Black Star"}],"items_purged_floors":[3,31],"is_endless":false,"potions_floor_spawned":[4,11,16,18,19,24],"killed_by":"Champ","ascension_level":20}